3059 4975
202 272 264 333 sss
591 272 894 337 ursrorrrrauu
1100 280 1271 353 [rasel.

199 436 236 503 iu
258 458 382 501 eausms
409 436 572 514 melorum,
596 460 669 524 quas
693 460 767 503 mox
794 436 942 517 tulimus,
960 437 1074 527 soepius
1100 438 1271 504 rediturus.

199 522 316 588 Festus
326 523 516 601 Adrumeto,
529 521 584 586 ubi
596 523 849 611 speculabundus
863 524 1052 603 substiterat,
1063 524 1105 588 ad
1117 523 1271 611 legionem

199 608 369 687 contendit,
398 609 588 674 Praeisctum
612 633 651 675 ue
679 624 863 688 castrorum,
893 610 1078 677 Cetronium
1106 610 1269 690 Pisanum,

200 692 309 759 uinciri
319 693 424 781 jussit,
436 694 577 782 proprias
587 719 608 758 ο
640 694 829 760 simultates:
847 696 901 761 sed
916 695 1073 761 “Pisonis
1087 694 1272 761 satellitem”

198 780 344 858 *vocabat
373 780 548 866 militesque
575 797 607 845 et
637 781 842 867 Centuriones
894 781 1023 847 uosdam
1051 781 1165 869 puniit,
1194 782 1270 847 alios

198 864 335 952 proemiis
345 864 478 931 adfecit:
495 879 642 930 neutrum
654 890 693 931 ex
708 866 830 946 merito,
843 805 898 931 sed
909 881 946 933 ut
956 867 1142 955 oppressisse
1152 868 1269 932 beilum

196 950 386 1015 crederetur.
410 952 493 1017 Mox
502 952 682 1031 Oeensium,
693 953 999 1041 Leptitanorumque
1009 952 1176 1018 discordias
1187 974 1269 1017 oom-

199 1034 299 1122 ponit,
314 1060 398 1135 quae,
412 1050 507 1125 raptu
522 1037 652 1124 frugum
668 1054 699 1102 et
714 1060 863 1124 pecorum
884 1038 966 1103 inter
980 1050 1126 1125 agrestes,
1140 1038 1270 1102 modicis

200 1121 371 1209 principiis,
397 1123 465 1209 jam
494 1146 551 1209 per
574 1146 660 1187 arma
683 1138 780 1221 atque
803 1123 884 1188 acies
908 1126 1141 1188 exercebantur.
1186 1125 1269 1189 Nam

200 1207 338 1295 populus
353 1207 495 1287 Oeensis,
510 1207 711 1271 multitudine
725 1208 864 1286 misrior,
880 1208 1089 1273 Garamantas
1103 1209 1268 1289 exciverat,

199 1304 326 1381 gentem
338 1292 520 1358 indomitam
532 1306 563 1357 et
573 1292 654 1357 inter
664 1292 789 1357 adcolas
799 1292 966 1357 latrociniis
976 1293 1150 1358 fecundam.
1172 1296 1270 1359 Unde

199 1390 295 1445 arctae
313 1378 489 1463 Leptitanis
508 1400 566 1455 ree,
586 1377 711 1465 lateque
726 1379 854 1443 vastatis
876 1380 960 1465 agris
980 1380 1062 1444 intra
1080 1379 1194 1442 moenia
1209 1394 1269 1444 tre-

199 1464 372 1552 pidebaut3
395 1462 504 1543 donec,
526 1463 703 1529 interventu
719 1466 895 1529 cohortium
917 1464 1110 1552 alarumque,
1127 1464 1189 1528 fusi
1205 1466 1270 1529 Ga-

195 1561 354 1616 ramantes
373 1560 405 1615 et
425 1571 493 1613 rece
517 1562 549 1613 ta
562 1551 662 1614 omnis
683 1550 879 1639 praedamisi
900 1574 996 1637 quarn
1015 1550 1088 1637 vagi
1110 1574 1168 1637 per
1186 1550 1270 1615 irrec-

199 1658 282 1699 cessa
296 1656 348 1698 nra
370 1633 466 1699 alium
480 1570 679 1701 ulterioribus
693 1636 905 1700 vendiderant.

195 1772 198 1777 .
251 1720 310 1785 LI.
368 1720 601 1806 tVespasiano,
621 1736 692 1808 post
708 1724 947 1786 Cremonensem
968 1742 1111 1809 pugnam
1131 1733 1164 1785 et
1183 1744 1269 1808 prus-

196 1830 291 1895 peros
304 1804 444 1893 undique
457 1808 594 1886 nuntios,
611 1815 633 1845 ‘⁴
647 1806 791 1872 cecidisse
802 1806 997 1886 Vitellium,”
1007 1806 1099 1871 multi
1113 1808 1268 1893 cu'usque

194 1892 325 1971 ordinis,
351 1892 420 1979 pari
445 1892 576 1957 audacia
599 1893 790 1979 fortunaque
813 1893 980 1957 hibernum
1008 1916 1094 1957 mare
1159 1893 1267 1979 gressi,

231 2147 264 2193 Ia
274 2158 366 2193 coesset
373 2144 657 2209 erulorum—redituras]
670 2145 714 2193 ie.
749 2143 894 2203 Orationem,
904 2145 957 2191 Pro
963 2151 1042 2192 statuo
1050 2145 1095 2191 stet
1103 2144 1156 2193 Oeoe
1164 2144 1270 2192 boando

197 2210 716 2337 reuertimus&
750 2208 1269 2337 lltlliluuftttttll'i

195 2352 241 2387 nos
251 2338 392 2404 adfligerent
406 2338 478 2387 uns.
510 2338 547 2387 cf.
557 2338 619 2387 Plirr.
631 2338 677 2403 Ep
690 2339 715 2398 7,
750 2338 911 2386 correctionem
922 2336 1007 2401 recepit
1018 2336 1136 2401 Rycldus3
1152 2336 1183 2384 de
1190 2351 1237 2399 que
1244 2352 1268 2383 v.

196 2404 238 2451 ³³.
295 2440 297 2445 .
750 2418 809 2465 quos
819 2402 900 2450 laudet
909 2402 935 2450 J.
949 2402 1021 2450 Gron-
1031 2402 1073 2465 qui
1083 2402 1204 2465 vulgatum
1220 2416 1268 2448 ser·

236 2469 279 2518 Ar
289 2470 403 2532 legiorwm
414 2468 501 2532 tendit]
529 2466 653 2532 Sequentia
657 2484 715 2580 1per-
751 2476 806 2516 vat:
834 2467 929 2530 inprimi
956 2482 987 2514 ue
1005 2466 1108 2515 Suritsm
1130 2464 1161 2514 ed
1177 2465 1268 2514 Aaron.

194 2531 284 2582 fectum
296 2533 431 2581 desiderant.
468 2534 553 2581 Tendit
564 2549 605 2596 pro
615 2549 656 2597 per
667 2545 716 2581 ecto
751 2533 806 2579 Itin.
826 2549 850 2595 p.
870 2534 909 2578 62.
980 2530 1078 2578 Wessel.
1097 2532 1176 2594 ibique
1198 2531 1268 2578 etiarn

190 2613 245 2646 non
262 2597 382 2660 accipiam,
392 2606 489 2660 propter
499 2611 535 2655 ee,
546 2611 600 2660 que
608 2597 638 2644 ed
648 2600 715 2645 Ann.
749 2596 948 2658 Wesselingium:
960 2595 1022 2642 unde
1030 2596 1126 2658 patebit,
1134 2593 1269 2658 sepsistius

197 2663 223 2723 ³,
241 2664 282 2710 24.
292 2660 349 2708 dixi.
382 2660 488 2725 Cogitavi
504 2659 569 2720 olim,
583 2669 607 2707 et
625 2659 664 2708 bic
681 2661 715 2708 le·
748 2659 813 2707 urbis
830 2674 914 2706 norun
929 2666 1064 2722 comptum
1074 2659 1099 2707 io
1110 2658 1183 2717 bbris,
1194 2667 1218 2706 et
1231 2673 1268 2705 re-

196 2726 301 2790 gendum
319 2727 423 2774 uendit.
455 2724 502 2773 Sed
520 2724 545 2771 in
561 2724 597 2772 ed.
628 2739 646 2770 r.
658 2739 713 2772 coe·
748 2723 857 2771 stitutum
873 2722 972 2772 edoctis
986 2723 1048 2771 viris.
1080 2722 1145 2772 Add.
1157 2721 1267 2771 Oudend-

192 2791 273 2841 mett
280 2790 362 2854 reperi,
369 2789 433 2853 quod
440 2789 540 2851 recipere
548 2803 594 2836 norr
619 2789 714 2838 nbitsri.
747 2787 882 2836 edSueton.
890 2787 957 2850 Aug.
969 2789 993 2836 4.
1003 2798 1062 2836 extr.
1094 2787 1141 2837 Sed
1151 2788 1176 2836 in
1187 2787 1269 2849 primis

198 2855 338 2904 SicetMS.
348 2854 408 2918 Reg.
441 2852 714 2902 Idem-fecitBrotetius.
748 2867 779 2900 ex
794 2852 1055 2916 etl.pr.apperet,vere
1071 2853 1175 2902 Surium
1191 2853 1268 2912 conje-

195 2918 287 2968 Eedem
307 2919 378 2966 babet
398 2933 454 2968 mox
475 2921 564 2981 puniit,
584 2918 647 2982 quod
663 2927 715 2982 post
748 2917 806 2965 cisse
819 2917 848 2965 ds
860 2917 949 2980 origine
962 2917 1112 2980 conepteiaes
1129 2932 1222 2980 nempe,
1238 2931 1268 2965 ex

190 2983 268 3032 edidit
278 2983 407 3034 Rhenanus
418 2981 527 3046 (eBud.)
538 2997 593 3032 cum
604 2998 654 3046 sqq.
663 2999 714 3032 orn·
751 2982 846 3029 Oeensis
856 2981 1054 3045 primumfnctum
1066 2983 1167 3046 Osemir.
1187 2981 1268 3030 Etiam

196 3049 282 3098 nibust
298 3047 369 3112 idque
379 3058 414 3104 est
421 3057 445 3098 et
455 3048 480 3096 in
488 3047 550 3096 Flos.
558 3063 613 3108 curn
622 3047 714 3096 Puteol.
749 3045 829 3094 tabule
838 3046 945 3108 Peuting.
956 3045 1028 3094 hebet
1040 3048 1096 3095 Ore
1119 3046 1210 3094 Pelerin
1219 3046 1268 3092 rte-

196 3113 252 3162 Ber.
258 3113 313 3161 Alc
322 3113 445 3162 edidissent
452 3115 535 3175 penit,
544 3110 649 3176 quodest
656 3121 680 3159 et
689 3112 715 3158 in
748 3110 809 3157 cneii
815 3109 847 3158 de
853 3108 914 3158 med.
925 3111 1010 3174 Suppl.
1018 3113 1040 3157 2
1049 3126 1073 3174 p.
1081 3112 1167 3162 esis.
1177 3125 1268 3160 enum-

197 3177 277 3225 Gudi.
290 3177 362 3229 Euri.
391 3177 548 3226 Budtendit.
575 3174 637 3223 Mox
647 3175 711 3224 Bud.
748 3174 929 3239 mesntiquoiu
945 3174 1028 3238 primis
1039 3191 1120 3224 rerum
1133 3190 1218 3224 nomen
1228 3173 1269 3221 de·

196 3243 258 3290 mele
268 3243 398 3303 obrepsisse.
748 3238 953 3298 ienditesseOceo,
960 3239 1121 3288 indeOcems's.
1134 3241 1164 3287 In
1171 3253 1269 3288 nummo

235 3307 299 3356 Moe
310 3306 469 3369 ephenetum]
493 3303 631 3369 liudolphus
641 3303 715 3354 voluit
749 3311 783 3351 est
793 3305 844 3352 eet
852 3305 920 3366 Aeg.
930 3305 984 3352 Oce.
1018 3305 1128 3354 Ceterum
1138 3302 1220 3366 Leptis
1230 3302 1267 3348 in·

188 3372 375 3434 -Ruspeeeiums
392 3369 601 3430 sedaan'ectura
616 3369 715 3433 Ophen·
748 3367 875 3430 unigenita
890 3383 985 3432 meges,
1000 3370 1025 3417 in
1036 3371 1105 3430 cujus
1115 3368 1198 3418 vicinia
1208 3366 1267 3414 Oce

195 3437 257 3484 sium
275 3434 371 3501 quidese
388 3449 437 3484 non
454 3434 511 3484 alibi
527 3435 614 3482 mentio
630 3434 655 3482 'ur
671 3433 716 3482 hoc
747 3433 821 3482 Enrr.
838 3433 900 3482 Ptol.
909 3435 934 3493 4,
944 3435 968 3481 3.
985 3432 1052 3482 'sea
1068 3434 1099 3481 In
1109 3430 1268 3479 nummosn.

195 3508 285 3550 tractus
303 3508 327 3548 et
341 3507 453 3563 putemus
470 3498 596 3548 rectissune
607 3497 715 3546 emenda·
744 3498 822 3552 ,urrini
834 3497 873 3545 Pii
885 3498 942 3545 Oea.

195 3574 248 3614 turn
264 3565 301 3625 iri,
312 3566 453 3614 Oeensium.-
470 3563 603 3628 statimque,
611 3565 715 3626 populus
783 3563 852 3611 Unde
873 3569 945 3610 erctoe
964 3563 1098 3624 tepescente
1119 3562 1168 3624 rer]
1198 3561 1269 3608 Arte

198 3631 300 3678 Oeensis.
333 3630 397 3678 Rem
415 3628 487 3692 tetigi.
521 3628 558 3675 Te
573 3627 668 3686 advoco,
685 3627 713 3676 C.
748 3625 823 3676 MSS.
833 3625 895 3675 Flos.
904 3626 991 3689 (Bud.)
998 3627 1059 3688 Agr.
1067 3625 1146 3674 Guelt
1155 3624 1207 3672 edd.
1215 3629 1269 3672 ente

189 3694 269 3750 Plini,
282 3694 306 3742 in
323 3709 400 3742 meum
410 3693 481 3741 iidem
492 3701 515 3741 et
530 3691 607 3740 Taciti
620 3692 713 3740 lucems
748 3689 826 3738 Rheu.
841 3690 883 3754 qui
900 3690 971 3737 edidit
986 3696 1048 3737 orte.
1080 3690 1157 3738 Vetus
1170 3688 1270 3740 restiterit

194 3757 281 3807 Scribis
290 3761 315 3817 5,
326 3759 350 3804 5.
361 3758 399 3806 his
407 3757 464 3822 ipsis
474 3756 563 3806 verbis:
582 3755 624 3804 Aa
634 3757 715 3805 Ger'a·
748 3755 870 3818 Ryclrius:
888 3763 911 3802 ct
924 3753 968 3802 boc
981 3754 1123 3804 conmemdo
1133 3754 1221 3802 Latine
1232 3754 1268 3802 lo-

190 3829 288 3870 maniae
310 3824 356 3869 iter
375 3823 537 3884 inexplicabile
555 3822 632 3868 miluc
649 3823 715 3884 fuit.
765 3820 871 3867 nendum
882 3817 1004 3878 desiderat,
1017 3827 1046 3868 ut
1056 3819 1114 3868 vidit
1124 3819 1268 3868 Freinsbern.

195 3888 312 3935 Proximo
319 3887 383 3945 tete,
395 3887 456 3948 quod
466 3901 520 3933 cem
531 3886 656 3940 Oeensibus
664 3887 714 3934 Ro·
792 3884 851 3932 bitet
857 3883 883 3932 J.
892 3882 933 3931 Fr.
944 3883 1077 3933 Gronovius
1086 3884 1117 3934 ed
1128 3885 1181 3934 Iris·
1192 3884 1231 3941 10,
1243 3884 1267 3929 6.

189 3953 262 4006 -mrtei
275 3965 376 4012 gessere,
392 3953 470 3999 initiis
486 3952 624 4014 Vespasiani
633 3953 715 4014 Impe-
748 3963 779 3996 arr
798 3956 858 3996 recte
874 3954 941 3996 areta
958 3964 995 3996 rer
1012 3950 1155 4007 sollicitetur,
1171 3947 1268 3995 leudsus

188 4017 293 4077 ,retorta
305 4017 469 4076 conpendium
483 4017 528 4064 uiae
542 4017 661 4078 poetrieoi
676 4016 715 4063 de·
749 4014 835 4060 durem
846 4027 897 4060 rem
907 4027 921 4060 e
931 4013 1047 4076 Virgilios
1058 4029 1105 4069 non
1112 4013 1268 4070 dubitaturus,

190 4083 334 4144 prehensum
345 4085 387 4127 ert.
419 4079 490 4138 Quod
501 4079 659 4128 iliudbellum
670 4080 715 4130 sub
748 4077 769 4125 si
788 4091 924 4126 consenum
941 4087 996 4126 vett.
1015 4079 1128 4127 librorum
1149 4075 1269 4137 cognitum

189 4145 262 4194 ,initia
282 4143 427 4208 Vespasiani,
449 4144 494 4192 nisi
515 4143 596 4191 usuri?
631 4145 716 4208 Itaque
742 4141 873 4198 ,habuisset
906 4141 968 4190 Mox
989 4143 1044 4191 MS.
1055 4142 1208 4204 Agamem.
1235 4138 1268 4187 V.

194 4209 272 4257 Plinio
283 4224 376 4274 quoque
391 4209 518 4272 praelureut
528 4208 588 4254 clere
597 4207 647 4255 brec
657 4209 715 4256 Gor-
749 4206 865 4265 adum.
882 4206 955 4255 Eure.
987 4206 1051 4255 Bud.
1062 4206 1168 4254 secute.
1230 4233 1234 4240 ι

194 4273 292 4322 nelians.
328 4273 442 4336 Tempus,
454 4274 520 4328 situs,
532 4284 627 4332 nomen,
637 4271 717 4318 omnia
788 4273 863 4318 More
884 4272 1005 4335 aggressi]
1035 4271 1144 4320 Ferretus
1165 4269 1269 4318 malebat

194 4338 348 4386 conveniunt:
360 4347 390 4385 -et
400 4346 435 4384 est
445 4336 490 4384 hoc
500 4333 560 4382 iilud
569 4335 647 4400 ipsum
659 4336 717 4384 cele-
741 4337 861 4398 ,ingressi
872 4334 938 4399 quod
946 4335 1019 4383 cuivis
1029 4336 1055 4384 irr
1068 4344 1171 4384 merrtem
1182 4334 1267 4383 veniet.

192 4401 235 4446 bre
241 4401 362 4464 oppidum,
370 4400 433 4449 unde
438 4399 573 4449 Pudentilla
579 4399 684 4463 Apulcii,
692 4407 719 4447 ut
739 4401 786 4456 ,Ar
796 4402 918 4464 vulgatum
929 4414 1023 4466 quoque
1033 4410 1130 4453 rectum.
1147 4399 1232 4450 Etrus

193 4461 244 4524 ipse
254 4464 374 4526 Apologia
385 4472 558 4514 commemorat.
590 4465 686 4530 Scripsit
697 4473 719 4512 et
1180 4492 1183 4498 -
