3059 4975
228 232 282 289 rso
608 216 912 289 ursroamnun
1123 228 1294 301 [ausas
1379 183 1382 191 ’

224 394 306 460 {oret
315 397 347 459 ?”
369 397 451 461 Mox
463 416 630 473 conversus
642 396 684 461 ad
698 394 847 493 singulm,
864 400 886 433 ‘⁴
900 412 1124 471 numseoures,
1135 390 1292 457 dolabras-

224 502 287 566 que
297 493 330 545 et
340 493 443 546 cetera
456 481 674 569 expugnandis
687 481 831 558 urbrbuS,
846 502 950 544 secum
965 476 1148 563 adtulissent
1157 480 1189 542 ?”
1209 501 1244 542 ro
1268 478 1291 533 '-

224 566 320 631 tabat
364 568 421 645 Et,
438 583 519 631 'cum
542 567 724 645 abnuerent,
748 574 770 605 “
787 564 967 653 gladiisne,”
990 563 1104 650 inquit,
1127 571 1149 602 “
1167 578 1198 628 et
1219 500 1291 652 pffis

223 652 416 739 perfringere
439 676 475 716 aa
501 653 650 717 subruere
679 676 786 717 muros
818 650 891 715 ullae
914 672 1025 714 manus
1056 654 1210 737 possunt?
1255 649 1290 714 Si

223 760 369 824 aggerem
391 751 520 817 struere,
541 737 566 801 si
585 738 700 825 pluteis
713 737 889 802 cratibusve
902 735 1025 823 protegi
1045 758 1167 799 necesse
1181 734 1287 813 fuerit,

222 836 260 886 ut
272 823 388 910 vulgus
408 823 620 910 inprovidum,
641 823 726 888 inriti
748 822 910 901 stabimus,
927 821 1123 885 altitudinem
1142 820 1288 898 turrium,

222 919 254 971 et
279 908 380 973 aliena
402 909 597 974 munimenta
619 910 789 974 mirantes?
834 909 919 986 Quin
946 906 1052 993 potius
1076 930 1164 971 mora
1190 906 1290 971 noctis

222 993 327 1073 unius,
346 994 485 1060 advectis
497 996 658 1059 tormentis
678 994 902 1080 machinisque,
916 992 981 1079 viru
995 992 1216 1079 victoriamque
1235 1016 1300 1055 non

221 1079 342 1145 bissum
357 1080 533 1145 ferimus?”
569 1080 670 1146 Simul
683 1078 763 1145 lixas
777 1080 971 1165 calonesque,
986 1102 1059 1143 cum
1073 1078 1287 1143 recentissimis

220 1164 375 1252 equitum,
388 1166 575 1231 Bedriacum
589 1165 695 1245 mittit,
709 1166 825 1252 copias,
836 1181 1000 1250 ceteraque
1010 1163 1083 1229 usui
1096 1162 1265 1229 adlaturos.

275 1253 379 1316 XXI.
404 1252 448 1315 Id
468 1275 542 1315 vero
564 1274 648 1338 aegre
672 1250 822 1316 tolerante
846 1250 954 1333 milite,
982 1272 1080 1337 prope
1107 1248 1287 1315 seditionem
1318 1260 1320 1267 '

168 1376 171 1386 ·
220 1350 362 1415 ventum,
384 1358 458 1400 curn
481 1337 637 1424 progressi
658 1336 778 1423 equites
803 1337 862 1401 sub
887 1336 955 1424 ipsa
978 1335 1104 1413 moenia,
1126 1358 1223 1422 vagos
1247 1358 1287 1399 ex

221 1421 485 1486 Cremonensibus
504 1422 699 1509 conripiunt:
728 1445 865 1509 quorum
884 1420 997 1486 indicio
1016 1420 1169 1486 noscitur:
1195 1428 1217 1459 “
1232 1444 1287 1485 sex

220 1506 404 1571 Vitellianas
414 1506 550 1595 legiones
560 1531 747 1595 omnemque
757 1507 939 1587 exercitum,
951 1506 1006 1593 qui
1017 1505 1162 1571 Hostiliae
1171 1506 1287 1593 egerat,
1373 1524 1377 1533 ⁴

219 1591 278 1655 eoi
301 1616 335 1656 sc
346 1592 396 1656 die
408 1592 535 1691 triginta
546 1593 641 1657 millia
652 1616 801 1681 passuum
811 1616 981 1671 emensum,
993 1605 1151 1679 comperta
1161 1615 1290 1656 suorum

218 1700 235 1741 c
289 1702 315 1755 e,
328 1677 522 1765 iuproehum
535 1678 654 1767 accingi
668 1703 703 1744 ac
715 1681 783 1777 jam
797 1678 933 1745 adfore.”
956 1680 990 1742 Is
1004 1692 1103 1743 terror
1114 1678 1289 1742 obstructas

218 1777 337 1828 mentes
353 1764 487 1829 consiliis
501 1765 601 1829 Ducis
621 1779 752 1852 aperuit.
799 1763 913 1829 Sistere
928 1764 1050 1828 tertiam
1071 1762 1223 1829 decimam
1244 1764 1287 1828 le-

241 1848 352 1925 '0nem,
373 1849 407 1913 in
427 1850 506 1936 ipso¹
518 1851 577 1914 viae
599 1850 770 1915 Postumiae
791 1874 917 1937 aggere,
936 1850 1040 1938 jubet,
1063 1849 1115 1913 cui
1135 1848 1247 1937 juncta
1267 1873 1287 1913 a

231 1957 297 1999 aevo
321 1936 451 2022 septima
474 1935 639 2016 Galbiana,
662 1933 782 2036 patenti
804 1958 914 2023 campo
939 1935 1035 2015 stetit,
1057 1934 1131 1999 dein
1156 1934 1287 2021 septima

218 2019 405 2101 Claudiana,
424 2022 539 2108 agresti
556 2022 639 2087 fossa
654 2024 714 2106 (rta
732 2023 819 2087 locus
837 2025 918 2122 erat)
933 2020 1138 2109 praemunita3
1162 2020 1284 2100 dextro,

217 2120 326 2171 octava
347 2131 403 2194 per
417 2120 561 2194 apertum
582 2106 722 2185 limitem,
745 2130 820 2171 mox
840 2118 941 2185 terna,
964 2107 1066 2172 densis
1084 2105 1218 2171 arbustis
1237 2108 1285 2170 in-

218 2206 368 2280 tersepta:
391 2193 450 2256 hic-
456 2192 632 2279 aquilarum
647 2193 870 2279 signorumque
884 2192 978 2255 ordo:
1003 2191 1115 2255 milites
1128 2191 1218 2255 mixti
1230 2215 1287 2279 per

216 2279 371 2355 tenebras,
391 2292 430 2341 ut
447 2278 511 2342 fors
524 2277 662 2343 tulerat:
687 2272 917 2343 Praetoriarium
936 2274 1084 2342 uexillum
1107 2266 1301 2363 proximum

251 2486 544 2550 Eapigwndieariiim]
560 2487 615 2537 MS.
626 2490 736 2553 Agaop-
770 2487 845 2538 creda
877 2489 1021 2552 Cognomina
1030 2487 1102 2536 altera
1111 2487 1289 2553 distmgueretm

215 2553 364 2612 pugnanda,
386 2551 502 2616 frequenti
520 2552 645 2600 variatione
665 2554 737 2602 libro·
770 2555 800 2602 ab
810 2553 888 2602 altera.
923 2553 969 2600 Sed
983 2553 1091 2600 alterutro
1103 2553 1129 2600 in
1145 2554 1195 2602 loco
1206 2553 1287 2602 vitiosa

215 2629 284 2662 rum:
303 2614 357 2663 huic
366 2615 417 2663 loco
428 2624 553 2680 utrumque
562 2626 652 2680 aptum.
686 2617 736 2680 Igi.
770 2617 896 2680 scriptum
914 2617 961 2664 sive
972 2617 1140 2676 tertiadecima,
1156 2618 1203 2665 sive
1216 2621 1293 2665 tertia*

215 2686 255 2727 tur
269 2679 324 2727 libri
339 2681 457 2744 sequendi.
479 2681 552 2729 Eas.
584 2681 648 2730 Bud.
663 2697 737 2744 eapu-
770 2681 888 2729 scribatur.
925 2683 1040 2740 Tertiam,
1058 2681 1122 2745 quod
1136 2682 1162 2728 in
1178 2681 1288 2730 Rhenani

212 2746 324 2805 grandia
770 2745 806 2792 ed.
817 2746 919 2808 primum
931 2760 1074 2808 expressum,
1084 2745 1110 2792 iu
1121 2755 1205 2794 ceteras
1215 2747 1286 2808 venit,

153 2849 156 2859 .
247 2810 735 2875 Atiaamuntmanta1Quaeruntmunt.
769 2809 1286 2872 neee·libro,necexingenioRhenaniesse

215 2881 302 2933 menta,
319 2879 374 2937 qua
391 2889 445 2922 cum
461 2875 612 2923 admiratione
631 2887 735 2939 specten-
769 2882 853 2936 potest,
870 2890 924 2924 cunr
938 2873 998 2922 nihil
1013 2874 1038 2922 in
1054 2874 1115 2922 notis
1131 2874 1223 2935 dixerit,
1239 2889 1287 2924 non

215 2945 263 2995 tur,
281 2936 345 3002 quia*
358 2940 437 2986 aliena
456 2942 532 2988 armti
557 2939 574 2987 i.
593 2955 614 2988 e.
632 2941 732 2990 hostilis.
768 2939 979 2988 sanetecitetalsm
989 2939 1142 2986 mutationem
1152 2939 1288 2989 inducturus

216 3001 289 3050 Ean.
431 3014 434 3020 “
766 3003 805 3050 sit.
838 3003 893 3063 Sed,
912 3003 1022 3067 quoniam
1042 3011 1095 3066 post
1111 3007 1211 3052 tenuat
1225 3020 1288 3053 com.

246 3068 360 3116 Adrastia
371 3070 494 3116 minuitis
510 3069 670 3130 machinisque
685 3070 735 3116 cim
768 3076 934 3127 memorantur,
952 3083 1041 3117 neccsse
1051 3076 1094 3130 est,
1111 3068 1221 3117 altemtro
1236 3070 1287 3118 loco

215 3133 257 3195 “l
277 3131 332 3181 ns
344 3133 407 3180 Bau
420 3141 511 3180 tantum
522 3133 622 3180 habebat
632 3140 733 3180 tormen-
769 3134 865 3180 rmum
886 3134 1001 3196 legionem
1023 3148 1078 3182 esse.
1111 3133 1232 3182 Broterius
1252 3149 1287 3182 se-

214 3197 308 3257 tisque.-
331 3196 410 3243 Guelf.
426 3199 550 3257 machinis,
568 3196 618 3244 sins
635 3197 732 3261 copulas
768 3196 844 3244 cundo
865 3197 916 3246 loco
937 3197 1001 3310 depit
1022 3200 1109 3246 tertia.-
1134 3197 1232 3246 Moesica
1256 3213 1286 3246 sc.

213 3259 250 3308 ed.
261 3275 296 3323 pr.
308 3262 362 3307 inde
372 3275 415 3324 pro
427 3263 485 3320 rim,
494 3261 581 3310 vitiose.
597 3261 670 3310 Ean.
766 3260 900 3311 firmantes.
910 3263 950 3310 24.
982 3271 1050 3327 taque
1060 3278 1115 3310 eum
1125 3271 1216 3310 secutus
1226 3276 1286 3310 sum.

248 3326 376 3392 ceteraque
387 3326 459 3438 mii
479 3326 519 3374 Sic
529 3326 566 3374 ed.
575 3341 612 3389 pr.
620 3325 697 3375 Rhen.
709 3327 735 3390 (e
767 3323 840 3374 Ean.
872 3327 936 3375 Bud.
953 3326 992 3374 hic
1013 3329 1108 3374 aniam
1127 3328 1241 3374 mamam
1262 3334 1285 3374 et

214 3388 290 3451 Bud.)
303 3405 354 3454 sqq.
387 3390 424 3437 At
458 3389 514 3438 usli.
525 3391 578 3438 edd
589 3393 734 3439 remeante
768 3404 824 3438 mcx
839 3393 910 3439 tertia
927 3393 1016 3438 decinis
1033 3391 1111 3439 habet.
1143 3390 1287 3453 Ryclriuset

213 3453 291 3503 Rhen.
301 3461 489 3516 memsam
496 3457 551 3502 mi
558 3457 659 3519 forent.-
671 3456 734 3520 quod
768 3453 829 3502 lali·
845 3454 916 3520 priori
934 3456 984 3503 loco
1000 3457 1078 3505 tertia.
1113 3455 1221 3502 Pithenae
1235 3455 1286 3518 opi.¹

213 3533 268 3566 saue
295 3535 326 3566 ra
337 3519 378 3567 illo
386 3535 484 3568 manum
495 3520 557 3568 male
566 3519 671 3568 sedulam
682 3521 733 3570 red-
766 3517 860 3572 aionem
871 3520 974 3583 sequitur
985 3519 1042 3568 Em.
1059 3520 1097 3568 Sic
1108 3528 1130 3566 et
1140 3519 1195 3582 Bip
1212 3531 1213 3536 ¹
1280 3529 1282 3536 ⁴

213 3583 266 3630 olet.
308 3597 355 3633 un.
802 3585 891 3632 Octava
902 3591 1064 3648 perapertam
1075 3585 1188 3647 limitem]
1205 3583 1283 3632 Intell.

248 3649 450 3725 Cumprogresai]
458 3649 503 3697 ut
511 3665 547 3713 pr.
554 3655 658 3697 uratum
670 3651 733 3698 Tam
766 3648 811 3696 viae
819 3649 952 3697 Postumia.
962 3648 1014 3696 niv.
1025 3651 1065 3708 22,
1076 3647 1113 3694 15.
1122 3661 1150 3696 rte
1159 3649 1286 3697 immunito

208 3715 348 3773 progressis
360 3715 448 3761 solenni
456 3713 584 3762 mutatione
595 3719 634 3759 roi
644 3728 698 3761 cam
707 3713 733 3762 in
768 3715 813 3761 νᾶα»
824 3715 910 3776 Appiae
926 3715 1001 3761 limite
1012 3715 1100 3762 Panas
1113 3716 1240 3775 pervenire
1258 3716 1286 3761 in

213 3782 282 3822 tumr
307 3789 362 3823 narn
380 3776 442 3825 illud
457 3777 521 3826 baud
536 3777 607 3825 dubie
622 3776 647 3824 b.
659 3777 733 3826 bele·
765 3791 853 3838 ogram
871 3779 942 3826 aaa
958 3785 1044 3839 posset,
1062 3786 1086 3826 et
1106 3778 1213 3842 pluribus
1234 3778 1285 3826 aliis

212 3840 315 3901 gentius.
345 3841 437 3890 Eadem
452 3858 506 3890 cum
523 3841 631 3890 Beroalu
648 3843 733 3892 Alae
765 3839 822 3889 locis
841 3841 933 3902 Livius,
949 3842 1073 3906 Virgilius,
1094 3843 1123 3891 de
1141 3843 1179 3890 via
1198 3843 1285 3891 dicuin.

213 3905 323 3952 Cremoa.
339 3905 412 3953 Ean.
443 3907 506 3955 Bud.
514 3921 629 3954 cum-ea
641 3909 721 3957 erm
765 3905 863 3955 Tacitus
874 3909 924 3971 ipe
933 3910 1068 3956 moxc25.
1075 3923 1121 3970 per
1131 3909 1230 3955 iimitem
1241 3907 1286 3954 vioe

244 3971 331 4018 tatere
348 3973 445 4018 uniam
466 3973 582 4018 mamam
603 3973 730 4037 legionem]
764 3980 921 4032 spargantur.
945 3973 1128 4036 Aperantiam
1140 3973 1184 4019 vioe
1195 3973 1285 4019 Portas

210 4033 272 4088 Huc
290 4034 455 4096 est'scriptura
474 4035 546 4084 MSS.
566 4035 631 4084 Flor.
651 4037 730 4085 Guelf-
765 4037 821 4082 mioe
830 4037 955 4100 opponitur
970 4040 1016 4100 ipsi
1030 4039 1115 4098 aggeri
1132 4037 1183 4083 viae.
1217 4035 1285 4084 Male

209 4097 270 4160 Agr.
278 4098 330 4146 edd.
340 4106 395 4147 aute
401 4099 663 4148 Rhenauumomnium.
675 4102 732 4160 Quo
764 4099 870 4162 Ryclrius
884 4101 913 4148 de
924 4102 1009 4153 finibus
1019 4115 1126 4164 agrorum
1141 4099 1213 4163 accipi
1223 4099 1284 4160 vult,

210 4162 287 4226 magis
296 4179 350 4211 cum
361 4163 387 4211 J.
397 4163 557 4216 Gronoviosie
564 4164 679 4213 edendum
690 4181 732 4213 cu·
763 4177 823 4226 quos
838 4165 875 4212 vis
891 4167 1012 4214 Postumia
1027 4163 1156 4226 aperuerit:
1174 4163 1237 4228 quod
1253 4178 1286 4212 ne

210 4227 276 4275 ravi:
294 4244 351 4276 mox
366 4227 451 4276 iterum
465 4229 732 4278 mentiotertiaedecimae
764 4229 860 4290 quidem
879 4230 976 4293 intelligi
993 4237 1074 4292 potest.
1108 4227 1153 4276 Ed.
1165 4245 1201 4293 pr.
1213 4229 1285 4276 habet

210 4291 235 4339 in
252 4293 367 4356 vulgatisr
393 4293 451 4340 duas
467 4292 644 4340 tertiasdecimas
659 4293 731 4342 fuisse
763 4295 865 4341 militem
881 4295 969 4342 solcum
984 4293 1125 4347 confusione,
1139 4294 1169 4341 de
1179 4309 1226 4358 qua
1236 4293 1284 4343 vid.

209 4355 233 4402 in
252 4356 292 4405 illa
313 4359 370 4420 acie,
392 4369 420 4427 ut
441 4358 516 4422 placet
533 4358 659 4419 Grcncrio,
681 4373 729 4407 nou
764 4356 1045 4420 numunianum,
1059 4360 1095 4406 la.
1113 4359 1186 4408 uas.
