3059 4975
250 264 302 319 nr
619 250 924 313 maronianum
1036 237 1046 242 “
1131 256 1306 330 [nassa.

254 457 257 466 =
290 418 441 486 XXXV.
462 417 630 482 Othoniani
643 418 677 483 in
696 418 765 505 ripa
782 416 892 483 turrim
912 430 1099 496 struxerant,
1121 440 1257 507 saxaque
1277 433 1311 484 et

246 508 328 571 faces
349 497 578 591 jaculabantur.
622 506 667 569 Et
691 518 757 569 erat
780 502 881 569 insula
904 524 995 567 amne
1019 504 1132 593 medio,
1155 503 1187 567 in
1213 528 1308 592 quam

244 592 431 679 gladiatores
441 589 574 653 navibus
581 589 751 667 molientes,
768 589 917 653 Germani
931 589 1035 653 nando
1049 590 1308 675 praelabebuntur.

246 681 298 743 Ac
317 678 396 741 forte
406 675 511 762 piures
530 688 743 761 transgress0S‚
760 674 920 761 eompletis
936 674 1123 754 Liburnicis,
1138 698 1194 762 per
1204 697 1307 763 prom-

245 760 400 851 ptissimos
413 758 622 847 gladiatorum
637 762 747 824 Macer
755 758 947 847 adgreditur.
993 761 1054 825 Sed
1064 784 1165 848 neque
1185 785 1221 825 ea
1235 784 1307 826 con-

246 846 359 913 stantia
376 846 600 933 gladiatoribus
620 845 661 909 ad
682 844 802 932 proelia,
825 868 897 931 quae
912 844 1079 921 militibus;
1102 870 1158 911 nec
1179 846 1307 933 perinde

245 945 390 998 nutantes
403 956 421 995 a
436 932 578 1011 navibus,
601 953 696 1017 quam
718 929 819 995 stabili
840 931 942 1029 gradu
957 954 973 995 e
987 932 1065 1019 ripa,
1087 932 1216 997 vulnera
1234 930 1308 1015 diri-

244 1020 368 1106 gebant.
414 1018 468 1094 Et,
490 1039 562 1081 cum
579 1016 672 1081 variis
693 1016 915 1102 trepidantium
935 1015 1205 1103 inclinationibus,
1217 1017 1307 1083 mixti

245 1100 376 1191 remiges
389 1116 698 1189 propugnatoresque
711 1102 923 1181 turbarentur,
941 1102 1063 1167 desilire
1076 1102 1108 1167 in
1128 1102 1209 1169 vada
1222 1103 1306 1168 ultro

247 1189 406 1264 Germani,
421 1202 573 1253 retentare
587 1210 720 1285 puppes,
735 1187 881 1253 scandere
896 1189 989 1266 foros,
1004 1202 1060 1252 aut
1073 1189 1213 1253 cominus
1226 1212 1306 1253 mer-

243 1297 334 1372 gere:
358 1298 430 1374 quae
449 1287 571 1352 cuncta,
586 1295 619 1336 1n
637 1273 735 1337 oculis
754 1273 917 1371 utriusque
936 1273 1098 1350 exercitus,
1121 1288 1239 1361 quanto
1253 1275 1306 1341 lae-

244 1376 324 1424 trora
337 1358 521 1437 Vitellianis,
537 1373 624 1423 tanto
637 1358 738 1423 acrius
752 1359 922 1424 Othoniani
934 1382 1072 1424 caussam
1087 1374 1307 1447 auctoremque

242 1445 340 1509 cladis
353 1444 595 1511 detestabantur.

249 1570 253 1576 ·
287 1526 470 1595 XXXVI.
482 1532 528 1595 Et
545 1531 691 1619 proelium
713 1530 851 1617 quidem,
872 1534 1013 1621 abruptis
1032 1558 1104 1620 quae
1125 1548 1306 1620 supererant

243 1614 383 1694 navibus,
411 1616 489 1701 fuga
513 1616 720 1704 diremptum:
755 1620 865 1709 Macer
890 1617 929 1682 ad
955 1618 1086 1683 exitium
1111 1620 1304 1715 poscebatur.

242 1704 381 1788 Jamque
393 1701 590 1768 vulneratum
604 1702 725 1767 eminus
742 1702 848 1767 lancea
862 1702 973 1767 strictis
991 1703 1102 1789 gladiis
1118 1718 1304 1785 rnvaserant,

240 1810 316 1853 cum
343 1787 516 1851 intercursu
549 1788 765 1853 Tribunorum
800 1788 1089 1875 Centurionumque
1118 1790 1303 1877 protegitur.
1342 1845 1348 1859 .

242 1873 313 1938 Nec
334 1873 434 1937 multo
452 1887 523 1960 post
537 1873 710 1939 Vestricius
733 1873 900 1959 Spurinna,
918 1876 1010 1961 jussu
1033 1875 1176 1959 Othonia,
1197 1876 1305 1942 relicto

243 1957 410 2023 Placentiae
424 1958 545 2023 modico
564 1958 716 2049 praesidia
737 1982 810 2023 cum
824 1960 1004 2025 cohortibus
1023 1960 1175 2025 subvenit.
1220 1961 1302 2027 Dein

242 2044 388 2109 Flavium
419 2044 580 2123 Sabinum,
611 2043 779 2109 Consulem
807 2045 1014 2133 designatum,
1040 2046 1125 2111 Otho
1153 2063 1302 2114 rectorem
1374 2056 1378 2065 “

240 2130 337 2217 copiis
350 2129 443 2208 misit,
453 2130 569 2215 quibus
577 2132 687 2195 Macer
692 2130 888 2216 praefuerat;
904 2130 976 2196 laeto
990 2131 1087 2197 milite
1101 2130 1143 2197 ad
1157 2133 1305 2201 mutatio-

241 2238 314 2280 nem
333 2219 472 2293 Ducum,
493 2229 525 2278 et
545 2215 688 2280 Ducibus
704 2216 746 2279 ob
759 2217 883 2281 crebras
898 2217 1060 2283 seditiones
1081 2232 1144 2281 tam
1159 2216 1302 2283 infestam

241 2299 382 2366 militiam
395 2300 664 2383 adspernantibus.
737 2325 739 2328 ’
1113 2325 1114 2333 ’

138 2416 144 2427 ·
285 2385 478 2451 XXXVII.
512 2386 643 2449 Invenio
666 2388 752 2474 apud
783 2387 934 2474 quosdam
964 2404 1114 2467 auctores,
1143 2397 1164 2427 “
1187 2413 1304 2475 pavore

240 2472 325 2550 belli,
340 2496 393 2536 seu
407 2471 533 2536 fastidio
547 2472 711 2559 utriusque
725 2473 888 2561 Principis,
909 2498 1045 2562 quorum
1066 2474 1183 2563 flagitia
1198 2499 1235 2542 ac
1250 2476 1302 2541 de·

240 2559 336 2623 decus
345 2557 497 2644 apertiore
511 2558 543 2621 in
558 2559 624 2623 dies
638 2560 723 2624 fama
737 2561 953 2640 noscebantur,
968 2561 1125 2627 dubitasse
1139 2563 1301 2640 exereitus,

240 2666 329 2722 num,
350 2642 452 2741 posito
464 2641 641 2722 certamine,
662 2641 720 2708 vel
732 2645 793 2795 ipsi
812 2646 844 2709 in
862 2647 1302 2726 mediumcconsulrarent,·vel

242 2732 369 2794 Senatus
387 2729 601 2816 permitterent
620 2730 722 2816 legere
757 2744 970 2818 mperatorem.
1015 2733 1123 2820 Atque
1143 2735 1304 2798 e0=Duces

239 2816 432 2880 Othonianos
446 2816 581 2900 spatium
595 2839 631 2880 ac
642 2839 744 2881 moras
755 2817 896 2897 suasisse,
907 2818 1065 2906 praecipua
1079 2842 1133 2906 spe
1145 2817 1298 2884 Paullini:

272 2971 327 3018 Nec
328 2969 442 3033 perinde]
449 2968 512 3021 Bud.
516 2972 624 3032 proinde.
632 2969 759 3034 Frequenti
819 2971 859 3018 Ad
868 2974 1021 3018 mutationem
1033 2973 1143 3036 Ducum]
1156 2971 1271 3034 copulam
1279 2978 1304 3020 et

239 3049 319 3082 errore.
786 3033 875 3082 addunt
890 3035 954 3082 Flor.
969 3035 1056 3093 ‹Bon›
1073 3037 1129 3099 Agr.
1142 3035 1220 3083 Guelf-
1234 3036 1300 3084 Harl.

270 3101 353 3148 Mure
371 3100 483 3210 remiges}
517 3097 556 3147 Sic
572 3114 586 3146 e
604 3098 668 3148 mor.
685 3098 756 3148 iidem
787 3098 855 3148 Bodt
865 3107 887 3147 et
898 3101 928 3149 ud
938 3107 997 3148 mut.
1008 3101 1072 3163 qued
1082 3115 1185 3162 mopere
1197 3101 1302 3164 Ryrlrius

206 3167 211 3176 “
238 3163 341 3210 edidere:
351 3163 466 3210 firmantii
484 3179 521 3211 em
531 3163 585 3210 libri
592 3163 666 3226 (Bud.
677 3162 755 3225 rign).
786 3173 809 3210 et
819 3163 844 3212 J.
858 3164 995 3214 Gronovius.
1020 3165 1050 3212 ld
1060 3180 1107 3212 non
1118 3165 1200 3212 imiter.
1229 3165 1305 3214 Nulla

237 3227 306 3276 ceteri
316 3229 430 3274 immisti.
446 3227 517 3275 Ense.
786 3228 868 3290 copula
881 3229 920 3278 hic
932 3229 1010 3276 locum
1024 3229 1100 3277 hebet.
1134 3229 1205 3277 Nam
1214 3230 1302 3284 dictum

190 3326 194 3331 κ
269 3292 386 3353 Abruptis
402 3307 453 3352 quoe
467 3293 633 3354 superfuerant
642 3295 754 3360 uocibus]
785 3307 842 3349 esse,
851 3308 896 3356 pro
906 3299 928 3340 ei
943 3295 995 3342 loeto
1005 3296 1090 3352 milite,
1107 3301 1133 3342 ut
1144 3295 1194 3341 vult
1204 3293 1229 3341 J.
1242 3294 1303 3342 Gru*

237 3355 308 3404 Forte
323 3358 433 3418 abreptis,
449 3356 475 3403 id
491 3367 533 3416 est,
543 3357 630 3419 raptim
640 3358 754 3421 abductis,
785 3357 875 3415 nonus,
886 3372 1007 3421 nunquam
1020 3358 1117 3406 credam.
1135 3359 1206 3406 Enu-
1225 3358 1303 3422 Copu·

236 3436 292 3484 quae
306 3422 336 3469 ab
350 3420 454 3469 hostibus
470 3429 542 3485 rapta
556 3430 598 3470 aut
608 3432 691 3470 merse
707 3439 754 3472 non
784 3421 833 3470 lam
844 3421 912 3470 istam
923 3437 969 3470 non
980 3422 1066 3471 hahent
1076 3423 1131 3470 Put
1141 3423 1192 3470 Alc
1205 3423 1280 3471 Rhen.

236 3493 308 3534 aaut.
326 3485 416 3532 Onon.
449 3486 567 3548 Abnepttr
581 3486 653 3535 MSS.
667 3487 755 3551 (Bud)
818 3488 945 3548 Praecipua
963 3487 1117 3550 Paullutum]
1135 3488 1198 3536 Flor.
1216 3488 1250 3535 ed.
1267 3503 1302 3550 pr.

213 3590 215 3593 .
236 3550 296 3612 Bag.
308 3549 462 3598 eddPuteol.
469 3566 520 3614 sqq.
546 3551 633 3599 Conna
643 3552 705 3602 Flor-
714 3568 756 3600 αν.
780 3553 914 3612 praecipuus
926 3553 1051 3599 Poullr'utr
1069 3551 1164 3616 quodJ.
1177 3553 1248 3600 Oron.
1258 3569 1303 3617 pu-

235 3616 322 3676 rupttr,
333 3621 392 3661 utet
399 3614 436 3667 ed.
448 3631 482 3678 pr.
493 3616 554 3664 unde
564 3615 589 3664 J·
602 3616 673 3663 Gron.
685 3617 755 3664 corri-
784 3623 818 3662 tat
828 3615 915 3664 fuctum
927 3617 1066 3678 oproermtae
1077 3618 1215 3664 Suetonium
1226 3619 1303 3664 Paul·

234 3679 270 3741 git
285 3681 394 3738 arreptis.
428 3680 545 3727 Neutrum
561 3679 681 3727 convenire
693 3681 755 3728 arbi-
784 3680 868 3726 linum.
902 3681 955 3727 Imo
966 3680 1198 3728 librariusedmorus
1208 3681 1301 3728 retulit:

234 3751 288 3790 trcr.
322 3743 387 3790 Nam
397 3741 525 3791 Othoniani
538 3759 586 3792 non
597 3743 681 3806 egressi
690 3754 755 3792 eram
784 3743 838 3792 hinc
846 3753 928 3793 natum
935 3744 1024 3794 vidum.
1033 3745 1104 3792 Ean.
1115 3745 1177 3794 Bud.
1183 3748 1303 3808 pacuius.

234 3806 341 3866 naribus,
353 3816 380 3855 ut
394 3823 407 3855 e
419 3808 599 3871 precedentibus
613 3808 701 3854 clarum
712 3818 753 3858 est.
786 3808 812 3856 Si
825 3809 886 3856 Flos.
898 3804 993 3858 haberet
1004 3811 1140 3872 precipuae
1151 3812 1303 3868 Paulliaum,

235 3872 590 3946 Abriperelautemetarripere
601 3871 756 3947 estextrinse.
785 3887 839 3920 cum
849 3873 957 3948 Ernestio
968 3875 1082 3949 sentirem.
1112 3874 1306 3937 Nuncgignendi

234 3937 754 4065 t:.t§”tt...¹lt..tt;⁰.t.‘l⁰t..l.“tftt
784 3937 1233 4068 tttfflhlttgh'ttttl
1234 3953 1308 4064 31:31¹.

234 4066 303 4114 recht
314 4064 389 4129 (Bud.
401 4063 472 4127 Agr.)
484 4064 520 4114 ed.
533 4082 567 4129 pr.
600 4065 663 4114 Mox
679 4068 752 4114 iuter-
784 4081 840 4114 mox
847 4066 939 4130 legitur,
950 4083 1023 4129 aeque
1030 4071 1062 4116 P.
1070 4083 1172 4131 sperasse
1179 4081 1239 4125 reor,
1247 4081 1304 4115 con-

234 4145 306 4178 curru
323 4129 408 4176 eBud.
427 4131 485 4178 bene
501 4131 578 4179 Rhen.
595 4140 623 4178 ut
638 4140 673 4178 est
689 4141 712 4178 et
728 4133 754 4180 in
782 4132 876 4192 jactant,
898 4130 936 4178 hic
959 4133 1092 4194 legendum,
1116 4133 1237 4194 prorupta
1262 4147 1304 4190 spe
1406 4153 1414 4162 ·

234 4195 300 4243 Flos
310 4194 368 4256 Reg.
381 4193 417 4241 ed.
428 4210 462 4257 pr.
486 4195 537 4241 Alii
549 4198 655 4254 incursu,
667 4196 754 4258 quode
785 4197 903 4254 Paullum,
926 4197 1070 4260 similemque
1089 4197 1165 4244 locum
1183 4195 1304 4243 finnnndae

233 4257 370 4322 compendio
379 4266 456 4305 ortum
467 4268 508 4306 est.
525 4259 597 4306 Eun.
613 4260 680 4307 Brot.
693 4275 754 4322 pne-
784 4261 901 4307 sententiae
911 4275 939 4306 ex
947 4261 1049 4309 Sallustii
1059 4263 1152 4323 Fragm.
1164 4261 1179 4308 l.
1192 4261 1214 4308 3.
1227 4275 1249 4306 n.
1262 4261 1303 4307 20.

233 4324 278 4371 fert
296 4324 406 4401 abreptis,
430 4322 697 4399 Lalhuarreptir,'Bip.
713 4327 753 4371 ab·
783 4323 818 4372 ed.
837 4325 1034 4400 Cortiiedlegant.
1068 4325 1162 4388 Recipis
1174 4324 1305 4402 enrendati·

233 4395 342 4448 sumptas.
362 4388 447 4436 Sensus
457 4391 545 4451 ubique
555 4389 676 4436 claudicat.
696 4390 753 4438 Ma·
783 4403 859 4447 onem,
868 4388 922 4436 hcet
932 4390 1096 4450 nmrdruscule,
1107 4406 1162 4440 nam
1173 4407 1198 4440 m
1209 4389 1305 4451 rrdgoto

233 4451 275 4498 lirn
286 4453 417 4512 curemini
434 4453 670 4516 eruptimabductr'a
709 4518 713 4525 Ι
783 4453 1007 4502 idemsensuslatet.
