3059 4975
236 253 292 316 176
607 237 911 310 ursronlnauir
1121 245 1293 331 [nu-sas.

226 437 314 502 quas
328 411 462 492 Carme,
477 410 519 477 ad
531 410 731 478 obtinendam
747 413 943 491 Cremonam,
958 403 1031 476 cum
1047 404 1136 501 parte
1150 412 1291 500 equitum

235 500 436 586 praemiserat.
1299 577 1300 580 Ἴ

232 635 235 638 -
279 585 360 650 XV.
382 584 449 649 Ubi
462 584 529 649 baec
542 595 701 670 comperta
713 583 865 660 Antonio,
880 581 1035 648 discordes
1045 583 1165 664 animis,
1180 585 1292 650 discre-

228 683 283 736 tos
296 671 416 734 viribus
429 669 565 734 hostium
578 669 732 733 exercitus
742 668 871 754 adgredi
883 669 1001 748 statuit,
1013 681 1067 733 ant
1107 693 1180 734 uam
1192 669 1291 734 Duci-

231 757 292 820 bus
305 754 480 833 auctoritas,
495 753 585 818 militi
599 752 797 840 obsequium,
813 766 844 818 et
856 754 974 841 junctis
987 693 1160 840 legioirbus
1173 755 1289 819 fiducia

232 841 364 905 rediret:
388 862 524 926 namque
543 839 678 904 Fabium
693 838 868 918 Valentem,
900 841 1063 904 'refectum
1079 840 1120 904 ab
1134 841 1223 918 urbe,
1240 863 1290 904 ae·

232 925 501 1012 celeraturumque
520 924 644 1012 cognita
665 923 799 988 Caeeinae
819 947 878 1012 pro
901 925 1005 1004 tione,
1027 927 1234 1013 conjectabat:
1257 938 1289 989 et

226 1011 316 1075 -fidus
330 1010 458 1077 Vitellio
469 1011 598 1089 Fabius,
610 1033 668 1075 nec
680 1009 800 1074 militiae
814 1010 949 1097 ignarus.
982 1011 1081 1076 Simul
1091 1011 1200 1098 ingens
1210 1011 1289 1076 Ger-

154 1157 160 1167 ,
232 1119 396 1161 manorum
406 1097 453 1161 vis
460 1119 517 1184 per
525 1095 684 1161 Rhaetiam
695 1095 881 1161 timebatur:
897 1109 928 1160 et
939 1095 1111 1176 Britannia,
1124 1097 1289 1183 Galliaque

232 1195 264 1246 et
279 1181 443 1270 Hispania,
457 1181 574 1246 auxilia
587 1181 729 1247 Vitellius
747 1180 908 1260 acciverat,
922 1182 1092 1246 inmensam
1106 1181 1179 1247 belli
1191 1181 1287 1260 luem,

231 1267 265 1331 ni
287 1267 454 1346 Antonius,
475 1267 510 1330 id
528 1266 632 1354 ipsum
653 1279 803 1344 metuens
825 1267 969 1332 festinato
993 1266 1104 1354 proelio
1127 1268 1288 1332 victoriam

254 1353 436 1440 recepisset.
459 1351 615 1418 Universo
623 1376 694 1417 cum
702 1352 850 1431 exercitu,
861 1352 1160 1418 secundisaVerona
1170 1353 1286 1431 castris,

230 1375 420 1503 liedriaeum
434 1439 535 1502 venit:
616 1451 682 1502 tero
703 1438 764 1516 die,
780 1437 953 1525 legionibus
966 1439 1008 1503 'ad
1021 1438 1226 1502 muniendum
1240 1461 1288 1502 re-

230 1524 334 1603 tentis,
348 1523 513 1604 auxiliares
526 1546 562 1588 co
584 1536 666 1588 ortes
678 1524 712 1587 in
726 1524 970 1590 Cremonensem
984 1547 1095 1610 agrum
1114 1523 1225 1602 missae,
1238 1536 1286 1602 ut,

230 1609 330 1696 specie
346 1610 555 1696 parandarum
573 1633 610 1674 co
632 1611 741 1684 iarum,
762 1609 845 1673 civili
861 1611 970 1697 praeda
988 1609 1076 1673 miles
1094 1609 1284 1673 inbueretur.

230 1698 315 1781 Ipse,
335 1719 407 1759 curn
421 1709 557 1782 quatuor
603 1697 609 1707 '
637 1695 706 1759 'bus
759 1694 872 1772 uirum,
887 1696 927 1759 ad
941 1707 1085 1759 octavum
1100 1717 1119 1758 a
1134 1694 1285 1758 Bedriaco

228 1804 286 1867 pro
323 1804 418 1859 essus,
432 1804 496 1868 quo
509 1779 651 1845 licentius
663 1718 906 1868 poperilarentur:
929 1779 1137 1868 exploratores
1155 1787 1205 1866 (ut
1218 1803 1284 1843 mos

221 1862 286 1950 est)
312 1867 424 1953 ongius
437 1867 598 1931 curabant.

270 1954 367 2017 XVI.
391 1952 509 2030 Quinta
518 1952 615 2016 ferme
627 1952 706 2016 hora
719 1951 781 2015 diei
800 1961 876 2030 erat,
896 1974 967 2016 cum
982 1951 1061 2018 citus
1075 1977 1179 2040 eques,
1196 1959 1216 1990 “
1230 1950 1284 2016 ad-

226 2051 353 2102 ventare
366 2037 480 2116 hostes,
491 2037 646 2124 praegredi
654 2060 781 2124 paucos,
798 2050 917 2103 motum
929 2037 1150 2125 fremitumque
1160 2037 1284 2102 lateau·

226 2123 317 2203 diri?
330 2123 492 2188 nuntiavit.
537 2125 625 2186 Dum
637 2123 807 2202 Antonius,
820 2131 841 2162 “
853 2123 1003 2222 quidnam
1014 2125 1200 2210 agendum,”
1212 2145 1285 2186 eon.

226 2207 332 2286 subet,
346 2208 494 2273 aviditate
510 2207 661 2272 navandae
674 2231 778 2295 operae
791 2210 907 2272 Arrius
921 2210 1022 2272 Varus
1036 2233 1108 2273 eum
1119 2208 1285 2308 promptis-

224 2295 309 2358 simis
322 2317 339 2357 e
363 2293 465 2358 uitum
479 2294 633 2381 prorupit,
648 2293 825 2380 inpulitque
840 2293 1028 2372 Vitellianos,
1043 2294 1165 2358 modrca
1178 2293 1280 2356 caede:

224 2402 309 2458 nam,
328 2319 467 2466 [ilurium
488 2379 624 2444 adcursu
644 2401 733 2443 versa
754 2379 891 2458 fortuna,
913 2391 944 2443 et
965 2379 1131 2444 acerrimus
1151 2379 1284 2465 quisque

225 2464 421 2551 sequentium
436 2466 523 2552 fugae
539 2464 671 2529 ultimus
687 2476 770 2529 erat:
793 2487 849 2529 nec
869 2477 977 2552 sponte
992 2464 1122 2529 Antonii
1137 2487 1284 2552 propera

224 2562 304 2629 tum,
320 2563 352 2615 et
366 2549 442 2630 fore,
458 2575 530 2637 quae
543 2550 732 2629 acciderant,
748 2550 884 2615 rebatur.
930 2552 1087 2615 Hortatus
1107 2574 1187 2625 suos,
1209 2558 1230 2589 “
1245 2561 1282 2613 ut

223 2658 338 2723 magno
360 2634 463 2699 animo
484 2649 677 2722 capesserent
696 2637 867 2722 pugnam‚''
888 2634 1022 2699 diductis
1043 2636 1083 2699 in
1097 2636 1194 2699 latera
1218 2648 1285 2699 tur-

223 2722 292 2799 mis,
321 2743 456 2786 vacuum
480 2720 583 2784 medio
607 2720 755 2805 relinquit
778 2719 846 2801 iter,
873 2744 936 2807 quo
961 2722 1081 2785 Varum
1102 2720 1283 2808 equitesque

223 2808 292 2894 ejus
312 2807 478 2893 reciperet:
497 2806 595 2893 jussae
615 2806 728 2869 armari
749 2806 902 2892 legiones:
926 2804 1036 2871 datum
1056 2830 1113 2894 per
1132 2828 1223 2893 agros
1245 2807 1284 2870 si·

222 2915 333 2979 gnum,
349 2904 395 2971 ut,
418 2916 482 2980 qua
502 2891 621 2978 cuique·
633 2891 824 2979 proximum,
843 2892 955 2956 omissa
973 2893 1089 2978 praeda,
1109 2892 1220 2979 proelio
1233 2916 1283 2956 oc-

223 2991 390 3043 currerent
435 2976 575 3043 Pavidus
595 2976 719 3042 interim
732 2980 844 3057 Vama,
860 2978 961 3042 turbae
980 3000 1108 3043 suorum
1126 2978 1281 3057 miscetur,

253 3154 339 3215 Auteq.
350 3154 471 3217 Ducibus]
483 3150 545 3201 Bnd.
556 3152 630 3199 Duri.
800 3153 938 3221 Praegredi]
950 3153 1012 3202 Bud
1020 3153 1141 3215 progredi.

253 3220 289 3264 Et
299 3216 440 3278 Britannia]
450 3218 512 3279 Agr.
522 3219 564 3264 En
574 3219 620 3268 ΒΥ.
798 3219 939 3267 Acerrbuur
949 3234 970 3281 q.
987 3235 1005 3266 a.
1015 3219 1087 3281 sugae
1103 3220 1201 3265 alamur
1216 3217 1281 3281 erat]

252 3283 397 3329 Immensum
408 3283 532 3329 belltluem
561 3281 665 3329 Tentant
675 3282 737 3329 luem
766 3282 1021 3331 Itaverodecetfortes
1035 3282 1103 3330 viros.
1133 3283 1175 3329 An
1190 3294 1282 3329 verosa

147 3386 151 3398 .
221 3345 358 3407 Rhenanus,
369 3346 507 3394 Faemuset
545 3345 559 3357 '¹
580 3344 736 3395 aineuecusi·
765 3344 1282 3396 uushuiclooooonsennensrlmmodicere

141 3402 148 3419 '
221 3418 276 3470 tate,
293 3410 419 3475 pmatim
436 3425 491 3458 cum
508 3410 533 3457 id
552 3424 632 3458 omnes
651 3425 693 3459 ser.
713 3419 737 3459 et
766 3411 1127 3472 voluitucerrtmursequeuttum
1135 3409 1280 3473 prulloante,

219 3475 271 3523 edd.
279 3476 417 3539 preferant:
428 3474 542 3539 nisiquod
548 3474 655 3522 nonnulli
662 3477 737 3524 luceru
761 3478 859 3539 prauus
869 3490 932 3524 nunc
940 3476 1012 3551 fuga
1022 3482 1074 3522 eret
1081 3487 1093 3520 e
1106 3488 1159 3537 qua
1170 3470 1282 3520 sententia
1298 3514 1301 3523 ,

219 3539 431 3604 vitiosescripturn,
442 3548 470 3587 ut
481 3538 653 3601 Gudtedpr.
685 3540 735 3588 Βιι-
766 3540 967 3589 etelibioecurrrt.
995 3538 1282 3600 Moxetantesoreabest

218 3602 295 3651 dussis
302 3606 371 3668 plane
380 3619 426 3653 non
437 3603 551 3652 habethie
558 3602 734 3652 substantivum.
765 3604 801 3654 ed·
811 3620 847 3667 pr.
863 3604 934 3652 Erre.
951 3604 1014 3651 Bud.
1025 3602 1102 3649 habet.

219 3667 737 3733 aurunt-arpensisesmalumNu1m
803 3671 908 3716 Vacuum
928 3668 1005 3715 medie
1025 3668 1138 3729 relinquit
1158 3666 1216 3731 tter]
1242 3664 1282 3713 Sic
1390 3669 1393 3673 '

218 3731 250 3779 ad
259 3732 292 3778 A.
303 3734 329 3791 2,
341 3735 381 3788 47.
397 3734 469 3781 Eur.
486 3732 566 3781 Rhen.
576 3732 667 3779 volebat
677 3736 734 3781 vim
765 3734 838 3783 MSS.
846 3732 907 3780 rior.
915 3731 974 3795 Agr.
984 3731 1105 3779 Guelfied.
1113 3746 1148 3795 pr.
1165 3730 1282 3779 Irruedic

218 3796 592 3854 Faemus‚Mur.Aeid.melem
606 3796 640 3843 Η.
657 3795 733 3856 1,·89.
765 3797 838 3847 edidit
848 3796 924 3844 Rben.
938 3796 962 3861 (e
972 3794 1102 3857 Bud.)etr
1131 3812 1154 3860 q.
1166 3792 1281 3859 usquead
1314 3807 1318 3816 ·

216 3861 356 3922 bagatella
364 3865 471 3909 materie.
763 3860 890 3925 Ryckium·
928 3864 1007 3909 Vacuo
1024 3812 1136 3909 Wdioeq)

253 3926 423 3988 Ctutltproede
433 3926 501 3975 miter
514 3923 668 3992 imbueretur]
683 3924 733 3975 iet
764 3926 819 3975 Alc.
852 3924 968 3975 Omnium
979 3925 1103 3974 bobonum
1117 3925 1180 3973 idem
1193 3935 1279 3981 meua

218 3987 327 4053 inciperet
352 3998 445 4053 gustare
470 3990 615 4039 dnlcedinem
640 3990 733 4055 predo,
763 3994 825 4040 bona
845 3990 965 4039 Latinitas.
982 3990 1044 4039 ·Sed
1060 3990 1137 4053 pn'me
1153 4002 1220 4035 vere:
1243 3984 1282 4033 hae

217 4055 324 4118 quemvis
337 4053 418 4113 civilis,
432 4070 506 4119 eaque
517 4064 598 4119 ceptus
610 4054 675 4103 tieret
685 4055 735 4103 bel·
763 4062 934 4107 conectorum„
954 4054 1026 4103 Adde
1040 4054 1100 4101 infra
1115 4068 1135 4101 c.
1153 4052 1190 4101 19.
1206 4050 1283 4098 Ean.

216 4118 428 4167 hudieteineendi
439 4119 550 4182 cupidior.
583 4119 645 4167 Mox
653 4122 735 4183 quoli-
763 4120 940 4181 Budretr'quit.

217 4186 307 4232 uuum
318 4186 491 4248 popularentur
503 4193 545 4243 est,
560 4192 588 4231 ut
603 4198 649 4231 non
664 4184 734 4233 modo
795 4186 887 4233 Proelto
908 4182 1066 4247 occurrerem]
1086 4182 1125 4231 Sic
1144 4180 1216 4229 MSS.
1235 4178 1280 4227 nisi

216 4262 258 4310 per
273 4249 399 4297 absenfiem
418 4264 485 4297 suam
498 4262 568 4296 nemo
581 4256 648 4307 esset,
662 4264 733 4312 quem
763 4249 826 4314 quod
837 4249 898 4297 Flor.
911 4249 1003 4311 etAgr.
1013 4250 1047 4301 (et
1054 4246 1130 4308 Bud.)
1140 4246 1280 4309 singularem

215 4313 429 4429 ηεεεεηξ
446 4313 734 4445 sarturas
763 4312 1208 4427 εξεεηεεξξξεεεεξε
1227 4309 1286 4422 ,ει

215 4437 286 4490 Ber.
651 4495 653 4498 ,
761 4394 896 4509 impietas
908 4448 1113 4507 presumerent.
1148 4442 1283 4491 occurrere

1137 3860 1205 3908 uteol.
1223 3858 1278 3906 Ber.
