3059 4975
416 275 473 332 DE
496 273 687 338 MORlBUS
707 270 956 330 GERMANIAE.
990 271 1077 330 GAP.
1096 275 1123 328 2.
1245 271 1302 328 349

976 362 1101 418 tecm·

237 438 367 516 effusus,
390 438 494 524 plures
514 437 647 536 populos
667 436 743 513 adit,
767 436 865 499 donec
892 435 926 499 in
950 433 1117 497 Ponticum
1142 455 1226 496 mare
1249 447 1303 496 sex

238 520 393 587 meatibus
406 535 558 609 erumprt!
584 523 748 609 septimum
764 521 846 583 enim
860 544 895 583 os
909 518 1077 605 paludibus
1092 519 1244 583 hauritur.

286 610 335 680 II.
359 611 449 694 Ipsos
464 609 636 674 Germanos
650 607 811 692 indigenas
825 603 1016 677 crediderim,
1030 604 1219 690 minimeque
1233 601 1306 666 alia-

242 718 313 758 rum
327 695 466 780 gentium
488 693 672 757 adventibus
692 705 724 753 et
743 692 884 776 hospitiis
904 691 1036 761 mixtos3
1061 691 1135 774 quia
1154 712 1210 752 nec
1225 702 1306 751 terra

244 779 326 856 olim,
350 779 403 842 sed
421 775 579 855 classibus,
595 777 839 853 advehebantur,
863 777 919 860 qui
936 788 1058 837 mutare
1081 773 1167 838 sedes
1188 796 1307 858 quaere-

242 865 334 930 bant:
359 878 391 928 et
403 865 560 928 inmensus
570 862 663 940 ultra,
679 876 777 946 utque
793 861 834 925 sic
845 861 988 936 dixerim,
1003 859 1150 923 adversus
1163 861 1307 924 Oceanus

246 951 323 1014 raris
337 951 377 1012 ab
391 951 465 1012 orbe
479 961 584 1012 nostro
603 948 735 1011 navibus
750 947 862 1012 aditur.
909 946 991 1017 Quis
1004 967 1108 1030 porr0,
1128 962 1241 1030 praeter
1255 967 1308 1029 pe-

245 1035 378 1099 riculum
392 1035 511 1098 horridi
526 1050 556 1098 et
571 1033 668 1121 ignoti
682 1034 786 1110 marie,
802 1031 881 1096 Asia
894 1045 949 1095 aut
963 1030 1074 1094 Africa
1087 1046 1142 1092 cut
1157 1031 1247 1094 Italia
1261 1054 1308 1093 re-

245 1121 327 1196 licta,
353 1121 551 1192 Germaniam
577 1130 707 1206 peteret,
736 1119 900 1182 informem
931 1118 1030 1192 terriS,
1056 1139 1195 1201 asperam
1219 1116 1306 1193 coelo,

246 1207 364 1269 tristem
379 1205 465 1269 cultu
488 1207 708 1292 adspectuque,
724 1204 782 1267 nisi
802 1205 827 1266 si
880 1204 938 1267 tria
956 1202 1019 1265 sit?
1065 1201 1229 1265 Celebrant
1244 1225 1309 1264 car-

156 1363 162 1368 ,
247 1291 382 1355 minibus
393 1291 528 1376 antiquis
539 1290 639 1376 (quod
651 1313 749 1353 unum
761 1313 824 1375 apu
861 1289 929 1354 illos
941 1287 1139 1351 memoriaeet
1152 1286 1310 1350 annalium

247 1496 606 1559 duminmargineAbnoboest.
635 1492 676 1541 ΙΙΙ.
685 1503 763 1542 tamen
796 1503 848 1542 tum
858 1504 881 1541 et
891 1494 1049 1541 contrarium?
1071 1493 1112 1539 An
1121 1494 1226 1539 obversus
1237 1475 1326 1536 verius'

249 1560 376 1608 Rezzonico
387 1560 410 1606 in
423 1561 477 1608 MS.
491 1561 573 1622 reperit
584 1560 689 1616 Abnovn,
701 1561 763 1620 ejus·
798 1561 828 1607 sit
837 1559 892 1620 legi,
904 1558 974 1620 idque
984 1574 1013 1604 ex
1024 1558 1069 1604 situ
1079 1557 1148 1618 ipso?
1166 1557 1208 1603 An
1216 1555 1313 1602 rorali-

248 1624 347 1688 demque
357 1625 458 1672 lectionis
472 1623 566 1686 vestigia
582 1624 606 1670 in
619 1623 673 1680 alio,
691 1639 763 1687 quam
799 1640 846 1687 que
857 1623 935 1669 durior
945 1631 986 1669 cut
1001 1620 1107 1668 remotior
1121 1621 1175 1677 fuit,
1186 1619 1311 1682 presertim

249 1689 369 1736 lectionem
381 1704 457 1736 reram
468 1697 541 1751 putat.
568 1687 614 1735 Sed
625 1688 658 1734 nil
672 1689 763 1736 interest
798 1703 869 1750 quam
877 1686 1010 1749 prefatione
1020 1685 1135 1732 ealeniit?
1152 1685 1242 1730 Temen
1250 1681 1314 1729 haud

248 1754 307 1800 inter
317 1755 437 1800 Abnobcnr
448 1762 471 1800 et
481 1755 601 1800 Abnonnrn
612 1770 619 1809 ;
638 1752 697 1800 sicut
708 1753 762 1800 Pto·
798 1754 859 1800 male
867 1754 989 1799 adnerrnrn
997 1749 1091 1812 ceperis,
1103 1749 1168 1811 quasi
1178 1747 1237 1794 mari
1247 1747 1313 1793 Itcli·

248 1819 343 1864 lemaeus
358 1818 428 1865 habet
442 1815 513 1864 Αύνοξ.
531 1819 597 1876 cujus
614 1817 683 1864 etiam
701 1817 762 1864 testi·
799 1832 826 1864 eo
842 1826 866 1864 et
882 1815 1004 1878 Tyrrheno
1020 1814 1168 1876 oppositum:
1188 1811 1315 1873 eodemque

249 1882 354 1928 monium
369 1883 446 1929 firmat
460 1881 581 1928 lectionem
592 1881 688 1928 Abnoba
701 1879 764 1942 opud
800 1880 953 1932 sensuetiam,
972 1882 1084 1925 diversus.
1119 1877 1157 1924 Sic
1171 1877 1195 1922 in
1207 1875 1316 1936 Agricola

250 1945 355 1992 Plinium
366 1954 388 1993 et
396 1954 507 2010 nostrum.
527 1947 597 1992 Eun.
619 1945 693 2007 Apud
703 1945 764 1992 Ptol.
801 1945 890 2007 scripsit
899 1959 919 1990 c.
931 1945 971 1990 23.
993 1945 1062 1991 Gloto
1073 1949 1096 1989 rt
1107 1943 1220 1988 Bodotria
1227 1941 1316 1986 dromi

250 2012 273 2064 2,
286 2010 323 2056 ll.
337 2011 445 2057 dicuntur
455 2008 563 2054 Ἀἓνοέαϊα
572 2007 617 2072 ὅρη,
627 2009 683 2055 item
691 2008 765 2054 “nem
800 2012 874 2056 moris
882 2013 939 2056 cestu
949 2010 976 2054 in
988 2009 1127 2053 immensum
1138 2007 1231 2063 revecti,
1238 2019 1316 2064 engu-

252 2073 279 2120 Gn
288 2074 324 2121 vel
335 2073 421 2120 abacta.
442 2073 487 2120 nd.
499 2074 570 2120 Rom.
581 2072 651 2120 habet
662 2075 764 2134 Arnobe,
801 2081 837 2120 rto
850 2081 970 2121 terrorum
984 2073 1059 2132 spatio
1069 2073 1222 2116 dirimantur.
1239 2069 1315 2114 ers.

252 2138 359 2186 Norimb.
371 2137 448 2194 editio,
460 2155 513 2202 quae
523 2137 605 2184 dicitur
616 2137 688 2184 codex
699 2136 765 2200 Kap-
802 2136 926 2195 Quomodo
937 2137 1047 2182 adversor
1060 2135 1185 2181 maanus?
1202 2131 1317 2194 numquid

251 2203 285 2264 pii
300 2203 356 2250 item
368 2203 484 2264 Artolphi,
496 2203 604 2249 Arnobcc.
638 2202 766 2248 Rhenanus
802 2200 1317 2264 aliterqucmreennrinmetadverrnmrnore,

250 2267 288 2314 hic
298 2268 323 2314 in
334 2267 413 2314 limine
421 2267 498 2314 stetim
508 2265 606 2313 humani
614 2265 669 2328 quid
678 2281 765 2328 passus,
803 2270 826 2325 2,
839 2269 878 2314 98
899 2267 973 2311 More
983 2279 1071 2324 qrroqnc
1077 2265 1214 2310 Etesiarum
1215 2265 1279 2321 fletu
1290 2263 1317 2305 tn

253 2332 294 2394 qui
306 2347 318 2378 e
329 2331 361 2378 sic
372 2332 432 2378 dicto
448 2331 524 2380 codice
538 2331 582 2377 isto
593 2330 705 2392 Artolphi
714 2345 768 2392 pro·
803 2333 915 2377 orientem
931 2330 1095 2389 navigantibus
1112 2328 1247 2383 recondam,
1263 2326 1319 2370 inde

252 2395 411 2444 fertAbnobcc.
433 2397 497 2442 Eum
505 2394 623 2458 quippea.
641 2395 711 2442 1533.
724 2409 766 2440 no·
803 2397 934 2449 advertam,
949 2400 1007 2440 erat.
1046 2393 1156 2440 Sumtum
1175 2391 1236 2447 inde,
1256 2388 1319 2450 quod

252 2469 277 2507 ts
293 2461 434 2522 fugientibus
449 2459 530 2507 litteris
541 2458 640 2521 margini
650 2457 768 2521 exempla·
803 2459 1015 2521 recandoflnmine,
1026 2459 1092 2505 amni
1102 2457 1207 2509 secando,
1219 2462 1242 2502 et
1252 2451 1318 2500 ricio-

253 2525 366 2573 risadlita
376 2525 472 2587 decepit,
484 2534 511 2573 ut
524 2524 606 2571 monui
618 2524 641 2569 in
653 2523 769 2587 prefatio·
803 2524 847 2571 sim
861 2521 1205 2584 adnerroflnmincrelflocr'o,
1220 2520 1318 2565 adverto
1406 2512 1411 2521 ’

254 2604 291 2637 ne.
333 2589 440 2637 Ceterum
462 2591 562 2637 Abnoba
584 2603 668 2635 nomen
688 2602 768 2634 remur
804 2604 864 2649 oque
870 2603 917 2649 per
918 2589 1014 2651 flumen
1025 2586 1110 2633 dixere
1144 2585 1183 2632 Sic
1192 2583 1269 2641 edom,
1277 2582 1319 2645 qui

254 2669 310 2711 esse,
326 2662 477 2701 monumenta
492 2652 556 2701 haud
576 2652 610 2698 ita
624 2652 714 2715 pridem
732 2667 769 2698 re·
804 2668 834 2699 ex
844 2652 914 2699 Italic
922 2651 1053 2707 Oceanum,
1061 2665 1102 2712 per
1110 2649 1259 2697 Gennanion
1266 2661 1321 2709 pro·

253 2728 318 2781 perte
344 2718 435 2765 abunde
459 2718 602 2764 continuant.
638 2716 728 2763 Scilicet
743 2715 768 2761 in
803 2717 853 2779 prie
872 2715 965 2774 dietam,
983 2714 1118 2777 ingreditur,
1141 2716 1237 2760 adverse
1258 2727 1319 2771 aqna

255 2782 305 2845 ipsa
327 2782 401 2843 Nigra
419 2782 477 2828 silva
498 2781 545 2827 sive
570 2787 648 2826 monte
668 2781 771 2825 Abnoba
804 2780 895 2827 videtur
905 2778 966 2835 vehi,
983 2779 1030 2825 sive
1045 2786 1100 2825 aestu
1117 2777 1244 2831 contrarior
1261 2790 1321 2837 prae-

255 2853 345 2907 reperta
364 2853 397 2891 cst
416 2861 436 2891 a.
455 2845 525 2899 1778.
542 2860 589 2901 ara,
602 2842 712 2904 inscripta
726 2842 771 2889 hoc
805 2844 872 2906 cipue
892 2858 970 2889 versus
991 2842 1178 2904 septemtriones:
1203 2841 1237 2887 ibi
1258 2840 1320 2886 enim

257 2910 339 2956 titulo:
358 2922 390 2955 ru
400 2923 428 2955 u.
438 2922 468 2955 oi
475 2922 502 2955 n.
513 2918 628 2955 onaret:
638 2918 769 2953 annonas:
806 2920 945 2967 consurgere
954 2908 1078 2960 mnndum,
1090 2907 1131 2966 qui
1141 2906 1165 2952 in
1180 2913 1267 2952 austros
1278 2902 1320 2951 Iri·

258 2986 407 3026 csssrnuvs
417 2986 564 3020 cassamus
574 2985 590 3016 1.
601 2984 617 3017 t
629 2984 651 3016 ru
661 2984 697 3017 ΕΤ
709 2984 772 3017 Arr—
805 2973 858 3034 byae
867 2977 1013 3031 premeretur
1020 2988 1028 3025 ;
1040 2969 1073 3015 ibi
1081 2976 1183 3015 erectam
1195 2972 1283 3023 borean,
1291 2984 1322 3015 ex

258 3050 331 3085 nuvs
346 3050 463 3085 enarra
479 3048 609 3083 runcone
628 3048 665 3081 nr
680 3048 771 3081 cuano
806 3034 911 3097 opposito
922 3041 1003 3081 notum
1007 3036 1124 3095 jacentem
1133 3034 1259 3080 credebant.
1272 3032 1322 3078 Pli-

260 3116 330 3149 coss.
343 3117 396 3163 quae
405 3101 500 3163 proinde
509 3102 538 3147 A.
548 3100 580 3147 U.
590 3099 618 3146 C.
629 3100 684 3147 946.
701 3098 734 3145 Α.
744 3098 771 3147 C.
807 3100 868 3157 nius,
880 3102 904 3156 2,
913 3099 953 3152 70.
978 3098 1323 3157 Navigantrnrnbecnmoeime

260 3166 314 3214 193.
337 3165 411 3229 posita
427 3166 507 3213 fuerat.
543 3163 608 3212 Sistit
627 3163 772 3222 camdenus,
808 3162 1282 3225 cnrrnrdcprebcndnnt,inclic'adverro,
1294 3163 1321 3206 in

259 3230 316 3277 dum
325 3227 773 3289 viveret,eximiumS.Blasianum,Ab-
808 3230 855 3275 alio
869 3242 945 3289 prono
964 3228 1035 3285 mari,
1054 3228 1172 3286 contoque
1186 3227 1320 3287 conspicuis,

259 3296 300 3342 bas
312 3294 437 3343 Gerbertus
447 3294 471 3341 in
484 3294 546 3339 Hist.
561 3291 625 3339 silvae
636 3291 736 3353 nigraet.
752 3292 773 3338 1.
808 3299 876 3353 atqne
892 3299 919 3339 nt
933 3306 945 3337 e
953 3292 1021 3354 freto
1035 3292 1211 3350 emergentibus,
1227 3306 1279 3351 qnoe
1296 3292 1322 3335 tn

259 3375 284 3421 p.
297 3361 320 3415 7.
343 3359 408 3405 Tum
418 3373 471 3406 vcro
488 3374 509 3405 c.
522 3357 593 3412 1784.
602 3356 730 3403 Badevillae
748 3355 774 3402 in
808 3358 990 3419 amfractnpbloe
998 3356 1219 3410 uenerationem.
1231 3355 1322 3401 Gnorr.

257 3426 315 3487 jugo
326 3424 376 3483 ejus
387 3422 472 3469 montis
488 3422 538 3469 sitae
554 3420 701 3469 eruderihus
712 3420 774 3467 ther·
808 3421 853 3467 Nil
864 3436 922 3483 opus
933 3419 1033 3467 Acidalii
1042 3434 1142 3465 eversor.
1167 3419 1324 3480 Improbobile

259 3504 352 3535 marum
364 3488 524 3535 Romanamm
535 3494 635 3534 extracta
646 3493 727 3531 estare
738 3484 775 3532 rel
808 3500 902 3548 prorsus
910 3483 987 3531 Grusii
996 3486 1115 3530 obrtrnrrn
1125 3482 1150 3528 in
1161 3483 1231 3529 Proh.
1239 3483 1289 3531 crit.
1299 3499 1324 3546 p.

260 3554 319 3599 basis
326 3552 439 3599 columnae
449 3552 496 3598 sive
504 3558 585 3599 statura
595 3549 702 3611 inscripta
713 3563 776 3595 orn·
810 3550 849 3596 33.

262 3630 318 3663 nnn
333 3630 433 3665 annon.
449 3616 478 3662 de
488 3632 535 3679 qua
545 3614 591 3661 rid.
602 3612 709 3661 laudatus
718 3614 775 3661 Ger·
844 3616 905 3661 Nisi
917 3616 939 3660 εἰ
952 3616 1033 3675 petrin
1049 3613 1092 3676 sit]
1111 3612 1167 3660 MS.
1183 3612 1261 3660 Turic.
1276 3616 1325 3660 niet

261 3682 339 3727 bertus
368 3684 425 3728 t2.
447 3697 471 3743 p.
489 3682 543 3727 243.
570 3687 592 3725 et
614 3679 679 3740 Aug.
702 3678 776 3725 Gonu.
811 3679 992 3740 obpalluit.
1013 3677 1324 3739 Nirirtedffloucethor.

262 3744 393 3793 Prcuschen
406 3746 432 3791 in
444 3744 547 3792 Denkm.
559 3758 604 3790 ron
620 3744 659 3789 alt.
673 3743 740 3805 phys.
751 3758 775 3788 u.
811 3743 850 3791 Sic
861 3752 884 3790 et
894 3743 957 3790 alibi.
973 3742 1005 3790 V.
1015 3742 1125 3790 Dukerus
1139 3742 1169 3789 ad
1185 3743 1247 3789 Flor.
1264 3744 1289 3801 4,
1300 3742 1325 3802 7,

263 3808 329 3871 polit.
338 3809 544 3856 Revclutionemin
553 3806 720 3865 Deutschland,
729 3809 778 3854 bes.
814 3808 851 3854 15.
885 3806 1069 3869 Indepingendc
1086 3806 1187 3869 imagine
1197 3815 1261 3855 terrae
1271 3822 1326 3855 con-

262 3873 287 3919 in
298 3872 344 3919 den
355 3873 557 3935 Rheiogegenden.
569 3874 591 3919 8.
604 3871 652 3934 Frf.
667 3871 736 3925 1787.
812 3873 881 3919 sentit
888 3873 974 3919 Seneca
984 3872 1013 3917 de
1024 3870 1117 3917 Provid.
1132 3886 1153 3918 c.
1165 3874 1188 3918 4.

295 3938 423 4000 Ercmptr]
442 3936 499 3984 cod.
510 3936 589 3999 Kapp.
604 3936 635 3999 (s.
647 3934 682 3982 ed.
694 3936 777 3983 Norib.
847 3938 914 3994 Quod
925 3952 999 3983 nnarn
1009 3936 1141 3999 cpndillce]
1154 3936 1195 3983 Uti
1203 3937 1266 3999 opud
1274 3938 1326 3983 bur-

261 4002 318 4051 item
326 3999 692 4063 Rom.)ercrnpot,itemqueedd.
699 3999 777 4047 Rhen.
812 4003 879 4049 beros
894 4000 942 4049 fere
962 4014 1041 4047 ornnes
1062 4008 1085 4046 et
1103 4001 1171 4048 ruder
1189 4001 1326 4047 litterarum.

264 4082 327 4129 seqq.
345 4074 399 4113 ante
416 4064 550 4124 Pichenam,
567 4065 652 4128 quiex
668 4064 703 4111 ed.
719 4065 774 4112 Put·
813 4066 864 4113 Nec
875 4064 977 4127 Hispani
991 4064 1056 4111 aliter
1072 4079 1201 4127 competere
1211 4063 1273 4125 apud
1283 4079 1340 4111 no-.

263 4131 334 4178 edidit
352 4133 461 4192 erumpit,
477 4129 540 4193 quod
556 4138 578 4175 et
594 4128 660 4175 ceteri
675 4128 721 4175 mei
739 4144 777 4175 ve·
813 4144 853 4177 ros
870 4129 948 4177 Indos.
976 4128 1120 4191 Bgiuhortus
1135 4129 1159 4173 in
1175 4127 1231 4173 vita
1248 4128 1327 4175 Caroli

263 4196 420 4242 tereshabent.
435 4194 675 4255 Ceterumutrumque
683 4204 778 4241 rectum.
813 4194 927 4257 hlagnic
940 4195 980 4242 29.
1013 4194 1327 4250 Barbaraetnntiqntarirnn

264 4258 336 4306 ERN·
813 4262 926 4318 carmina,
939 4261 1020 4319 quitur
1037 4262 1141 4303 veterum
1151 4256 1247 4315 Regum
1261 4265 1327 4303 octos

299 4326 375 4385 thue
391 4327 424 4370 ric
439 4326 548 4382 diaerr'rn,
565 4323 687 4384 odorrem]
706 4322 779 4369 Haud
813 4322 1328 4381 rebellacanebantur,rcripcit,rnerncrtoeqnc

264 4388 317 4461 satis
327 4388 400 4452 capio.
434 4390 476 4437 An
487 4391 610 4437 adversam
621 4386 676 4449 dicit
687 4387 779 4449 opposi·
800 4390 941 4458 ¹mondcptt.
974 4383 1104 4437 demandes
1124 4383 1154 4431 de
1170 4384 1253 4432 Gothis
1268 4389 1329 4433 -c.5.
1359 4369 1362 4378 ¹
