3059 4975
230 292 304 338 ne.
325 278 387 353 rc]
624 272 702 335 mn
720 268 772 333 ιν.
791 272 878 335 cnr.
898 275 927 334 4.
1250 273 1307 337 sn

234 440 357 527 cipibus
385 432 693 527 solita'V‘espasiano
718 436 868 517 decernit,
903 436 995 504 laetus
1026 444 1059 505 e't
1087 440 1154 527 spei
1181 451 1304 507 certus:

233 526 289 613 qui
366 537 491 613 sumpta
503 544 560 611 per
576 522 695 589 Gallias
714 523 947 672 Hislpeninsrpse
966 523 1069 603 civilia
1089 546 1186 605 mma,
1208 528 1305 592 motis

191 694 192 697 Ἴ
232 612 274 676 ad
321 610 415 674 ellum
445 610 621 687 Germanis,
648 632 724 673 mox
748 608 764 673 I
788 610 884 695 yrico,
913 620 1081 697 postquam
1106 610 1301 699 AEgyptum,

232 698 388 761 sudeam·
396 696 581 783 Syriamque
596 706 628 758 et
642 718 749 781 omnes
768 695 942 780 provincias
956 696 1173 783 exercitusque
1186 698 1300 763 lustra·

232 774 351 860 verant,
371 782 459 846 velut
477 780 603 866 expiato
622 794 777 843 terrarum
796 781 881 857 orbe,
903 781 1019 867 cepisse
1039 782 1133 846 finem
1152 782 1305 848 videbam·

232 879 293 933 tur.
332 866 496 932 Addidere
513 866 704 929 alacritatem
718 865 903 952 Vespasiani
916 865 1038 946 litterae,
1054 879 1215 955 tamquam
1235 869 1300 934 ina-

231 968 324 1038 nente
346 952 429 1018 bello
449 951 507 1016 scri
531 962 600 1016 tae2-
619 974 666 1030 ea,
715 950 794 1014 rima
818 951 929 1039 specie,
952 952 1071 1017 forma:
1103 957 1244 1019 ceterum
1262 966 1301 1021 ut

232 1040 383 1127 Princeps
408 974 605 1125 loquelibmr,
631 1038 659 1100 ci
681 1036 733 1100 “a
757 1036 798 1100 de
823 1060 856 1101 se
880 1051 912 1101 et
934 1037 1130 1125 Reipublicae
1153 1041 1297 1128 egregia:

232 1140 290 1191 u'eo
324 1127 457 1190 Senatus
487 1122 673 1210 obsequium
706 1121 823 1186 deerat.
871 1122 938 1210 Ipsi
971 1122 1197 1190 “Consulatus
1225 1130 1307 1192 cunr

234 1212 312 1275 Tito
325 1209 403 1289 tilio,
421 1212 566 1275 Praetura
585 1208 770 1273 Domitiano
788 1220 821 1271 et
839 1208 1011 1274 Consulare
1029 1209 1224 1297 imperium”
1246 1212 1307 1276 de-'

235 1309 417 1361 cernuntur.
488 1313 491 1319 ·
522 1338 526 1342 ,
1103 1302 1106 1310 '
1243 1313 1246 1323 ’
1303 1304 1306 1310 “

276 1382 345 1449 lvi·
359 1382 493 1447 Miserat
513 1394 545 1443 et
566 1379 740 1445 Mucianus·
754 1380 899 1467 epistolas
912 1380 960 1446 ad·
969 1381 1131 1461 Senatum,
1148 1405 1221 1469 quoe
1234 1392 1303 1449 maa

232 1468 341 1535 teriam
356 1465 550 1531 sermonibus
563 1466 742 1551 praebuere:
767 1465 826 1530 “si
839 1467 981 1553 privatus
994 1479 1084 1546 esset,
1103 1490 1161 1531 cur
1173 1468 1299 1556 publice

231 1554 432 1640 loqueretur?
454 1550 592 1638 potuisse
605 1550 722 1629 eadem,
736 1574 859 1640 paucos
872 1564 943 1651 post
961 1552 1037 1631 dies,
1055 1550 1124 1616 loco
1137 1555 1298 1620 sententiae

232 1638 294 1705 dici
303 1640 331 1705 :'’
344 1638 412 1726 ipsa
422 1658 550 1725 quoque
559 1634 719 1701 insectatio
729 1635 762 1700 in
778 1636 937 1704 Vitelbum
949 1660 1017 1705 sera
1027 1650 1059 1703 et
1069 1638 1135 1703 sine
1145 1637 1307 1706 libertate,-

245 1922 750 1992 'Euprlnterpecieflsrmc1sc.litersrums
781 1932 870 1976 verum.
903 1919 942 1975 Sic
956 1935 980 1975 et
996 1919 1059 1975 Bud.
1073 1932 1097 1975 et
1115 1942 1135 1973 r.
1147 1942 1174 1989 p·
1191 1927 1303 1989 egregia«

232 1992 284 2041 hac
294 2001 342 2041 erat
354 1992 430 2040 forma
440 1992 542 2056 epistola
551 1992 654 2055 primum
665 2002 688 2041 et
698 1993 748 2041 obi.
780 1994 898 2055 Recepere
905 1992 972 2039 Brot.
983 1998 1007 2039 et
1018 1991 1080 2039 nali.
1124 2054 1239 2118 humen
1253 2070 1302 2117 po..

233 2065 269 2105 ter
278 2056 380 2121 legenti:
393 2056 443 2116 sed,
454 2056 610 2105 aracaeus
620 2056 749 2105 oonddera-
804 2058 943 2108 ,Consulares
964 2056 1111 2167 imperiump

232 2122 310 2175 batur,
327 2122 480 2185 reperiebatur
495 2120 568 2185 loqui,
587 2129 615 2168 ut
628 2122 678 2183 jam
695 2132 750 2169 con*
780 2122 1088 2180 mnumt'omulcremmt
1112 2119 1301 2183 uetoniusloquia

232 2185 292 2233 fecto
301 2186 371 2245 bello,
381 2192 404 2234 et
414 2185 574 2249 Priucipatum
582 2186 633 2246 jam
641 2183 746 2261 adeptus.
780 2194 819 2233 tur
827 2185 944 2233 Domita.
954 2188 976 2233 1.
989 2186 1069 2233 Cesar
1078 2186 1244 2244 condictatus,
1254 2186 1297 2231 Ιιο-

232 2249 326 2299 Omues
333 2250 387 2298 libri
397 2250 422 2297 in
432 2250 476 2298 hac
486 2250 583 2298 lectione
593 2258 747 2311 consentiunt,
780 2265 861 2297 norem
872 2252 992 2299 Proeturae
1002 2250 1105 2308 arbona,
1118 2264 1172 2296 cum
1180 2255 1297 2310 potestate

232 2324 314 2378 prater
322 2315 379 2364 Ms
390 2312 451 2378 Agr.
467 2314 508 2379 qui
519 2314 588 2362 habet
594 2316 747 2377 formidatas
782 2316 908 2365 Canabrt
914 2312 1212 2375 mcepttetalnrsmdd.
1219 2313 1298 2362 Grav.

232 2380 296 2443 quod
306 2379 382 2443 placet
392 2379 492 2442 Ry'eltio,
503 2393 550 2426 non
560 2378 628 2438 mihi,
643 2380 685 2443 qui
696 2394 748 2427 sen·
780 2380 811 2428 ad
817 2380 934 2432 Suetonl.
943 2394 963 2427 c.
969 2378 1060 2443 ,regius
1067 2378 1097 2425 ad
1103 2394 1124 2425 a
1132 2377 1161 2426 C.
1166 2378 1205 2425 69.
1212 2378 1254 2441 qui
1262 2378 1297 2426 in·

232 2458 286 2492 sum
297 2443 445 2494 commodum
456 2443 527 2505 bajus
541 2442 644 2492 lectionis
655 2440 749 2494 nullum
780 2442 855 2507 telligi
862 2452 946 2508 putant
952 2448 1088 2506 potestaten
1096 2440 1296 2504 Proconsularem,

232 2509 306 2557 video.
334 2509 399 2568 Quid
410 2508 473 2558 euim
484 2509 628 2556 formidabile
639 2509 664 2556 in
679 2523 714 2570 eo,
730 2509 750 2558 si
780 2524 828 2573 qua
843 2517 920 2572 posset
929 2506 993 2555 mitti
1007 2507 1032 2555 in
1042 2508 1170 2570 pmvincias
1181 2523 1299 2571 quascun-

232 2573 266 2621 ita
275 2573 360 2634 scribit,
369 2582 482 2638 tanquam
489 2573 594 2621 noudum
605 2568 749 2635 finitobellc',
780 2583 832 2638 qua
861 2568 959 2633 Dicet,
973 2573 1010 2620 10.
1024 2586 1049 2634 p.
1061 2572 1116 2628 527.
1134 2586 1180 2620 nou
1191 2573 1296 2622 advea-

231 2639 337 2686 nondum
348 2647 418 2696 certo,
434 2646 486 2686 uter
496 2637 585 2686 victori
603 2638 627 2685 in
641 2649 689 2702 quo
702 2653 750 2686 non
780 2647 826 2697 tur,
839 2638 879 2687 sed
895 2646 972 2686 nmen
981 2636 1057 2689 ‚latius
1070 2637 1172 2700 patuisse
1187 2637 1299 2698 ostendit,-

232 2711 379 2767 poteratnon
392 2702 495 2750 modeste
510 2703 615 2764 scribere,
630 2703 690 2750 nihil
706 2703 751 2752 sibi
780 2702 865 2762 dicens,
883 2702 975 2766 imperii
993 2702 1063 2750 cons.
1080 2701 1161 2762 fuisse,
1177 2710 1205 2750 ut
1220 2711 1297 2765 posset

232 2782 349 2830 arrogans.
374 2767 492 2824 Ceterum,
504 2767 546 2813 etsi
556 2767 750 2816 nondicamcum
780 2767 834 2831 quis
844 2783 934 2830 semper
948 2775 971 2813 et
981 2767 1068 2829 ubique
1077 2765 1200 2814 duodecim
1209 2767 1296 2814 neon-

233 2831 333 2894 Ryckio‚
344 2831 370 2876 in
380 2829 475 2892 vulgata
484 2829 679 2878 nullumsensum
691 2847 749 2890 esse,
780 2833 825 2879 bus
841 2831 885 2889 uti,
904 2839 928 2878 et
946 2845 994 2877 sem
1051 2829 1108 2877 sella
1126 2831 1203 2878 curuli
1219 2831 1300 2880 sedere

232 2910 304 2958 quem
315 2894 369 2942 satis
377 2901 431 2940 ante
439 2893 579 2940 declaratum
587 2902 660 2957 puto3
672 2903 750 2942 tamen
779 2895 839 2942 inter
850 2893 970 2942 Consules.
1010 2906 1058 2941 nn.
1076 2895 1250 2957 Egregiehunc
1261 2895 1297 2944 lo·-

233 2974 285 3006 eam
299 2973 347 3008 non
361 2957 488 3006 admodum
499 2957 627 3020 elegantem
639 2959 715 3018 credo,
726 2967 750 3006 et
779 2957 1155 3022 curn.illustsatnummus,inquo
1165 2959 1219 3008 hinc
1230 2973 1294 3009 mr.
1366 2988 1368 2991 ·

232 3025 303 3084 verba
312 3023 353 3071 illa
364 3037 520 3085 supervacuar
533 3038 594 3085 que,
606 3023 627 3072 si
636 3025 749 3082 abessent,
781 3035 883 3071 cassan.
889 3035 1088 3070 vassasmrrus
1094 3036 1159 3071 suo.
1166 3035 1237 3087 eaput
1243 3026 1296 3072 lau.

232 3101 303 3136 nemo
319 3087 464 3135 desideraret.
500 3087 585 3150 Neque
605 3089 668 3136 enim
686 3087 749 3136 aliud
780 3098 886 3144 reatum
901 3087 966 3135 illinc
975 3100 1001 3134 r.
1010 3099 1073 3135 cns.
1082 3096 1148 3135 sne.
1161 3099 1187 3136 r.
1199 3094 1256 3136 co's
1268 3098 1299 3138 n.-

232 3153 269 3200 his
282 3152 357 3201 vernis
371 3151 439 3209 irrest,
455 3166 527 3214 quam
543 3151 605 3215 quod
620 3153 645 3199 in
659 3161 749 3202 autece-
781 3165 883 3200 cassa.
892 3165 959 3200 suo.
968 3158 1046 3199 aas.
1054 3150 1089 3214 Ca
1105 3151 1239 3201 itaadversa
1245 3153 1298 3215 Titi

232 3217 341 3266 dentibus
351 3224 401 3264 ests
419 3222 447 3264 ret
457 3223 564 3263 mancare
577 3218 633 3264 bello
648 3219 750 3278 scripta.
779 3217 946 3266 etDomitiaui.
955 3215 1046 3281 Deque
1052 3212 1088 3264 Ec
1118 3215 1309 3281 elDoctr.NN.·

232 3282 304 3332 Unde
318 3281 378 3330 mibi
391 3280 492 3344 asspicio
505 3289 561 3328 nata
576 3290 619 3342 est,
638 3296 665 3328 ea
680 3283 750 3329 verba
779 3291 824 3330 vet.
839 3282 890 3329 td
902 3282 992 3346 petit.

232 3363 281 3396 esse
291 3361 306 3394 a
315 3347 448 3410 glomatore,
460 3345 502 3409 qui
511 3345 661 3408 precedentis
671 3345 704 3394 sic
714 3345 750 3392 in-
760 3361 762 3366 ·
814 3347 963 3409 carpellicc
971 3347 1115 3410 loqueretar]
1125 3345 1193 3394 Idem
1199 3347 1296 3408 fereect,

232 3411 421 3476 terpretatur-citt
430 3409 750 3474 primsspecieeamfomsam
780 3407 844 3474 quod
854 3426 891 3474 ap.
905 3409 954 3458 Cic.
964 3409 1011 3474 Ep.
1022 3411 1061 3469 15,
1075 3412 1086 3459 l
1099 3419 1123 3458 et
1132 3408 1155 3459 9.
1168 3420 1191 3459 et
1201 3410 1300 3462 Livium

231 3475 352 3530 literarum
362 3476 441 3535 fuisse,
453 3483 574 3538 tamquam
584 3474 660 3523 adhuc
668 3475 751 3524 durare
782 3476 854 3534 1,45.
863 3478 888 3535 b,
897 3474 1157 3536 separatienem
1170 3475 1210 3524 sed
1218 3484 1296 3525 umen

232 3541 322 3590 bellum
340 3540 448 3600 crederet,
463 3555 488 3588 re
500 3549 554 3587 v'era
569 3546 597 3587 ut
608 3539 749 3602 Principem,
780 3538 869 3604 aliquid
879 3538 988 3604 amplius.
1007 3539 1071 3587 Nam
1080 3539 1139 3587 illud
1147 3555 1248 3604 quoque,
1254 3537 1299 3606 qui‘

232 3607 297 3654 velut
312 3607 363 3667 jam
379 3612 446 3669 parto
465 3603 610 3666 Principata,
628 3605 750 3669 scripsisse.
767 3619 828 3654 -non
839 3604 958 3668 Principes
968 3614 1051 3662 esent,
1066 3604 1148 3664 fecere,
1162 3603 1192 3652 de
1203 3607 1299 3656 rebusa·

234 3669 313 3718 Tanto
321 3669 410 3718 facilius
418 3668 488 3733 recipi
498 3669 575 3732 glossa
582 3676 679 3732 poterat,
689 3668 752 3732 quod
781 3685 807 3718 se
818 3669 889 3734 gestis
901 3669 1024 3718 scribentes
1040 3668 1072 3717 ad
1085 3669 1206 3729 Senatum,
1220 3685 1234 3717 a
1249 3687 1297 3735 quo

214 3747 289 3796 ,eum
303 3749 330 3781 aa
344 3733 428 3780 melius
442 3733 751 3796 coiresequentiavideban-
781 3733 847 3782 missi
867 3740 949 3782 essent
982 3734 1029 3782 Sed
1044 3733 1179 3794 Mucianus,
1201 3748 1248 3782 uon
1269 3743 1310 3786 ut-

233 3807 281 3913 thr,
290 3811 424 3862 quamtum
433 3805 460 3846 ut
470 3804 577 3846 manem
584 3799 750 3861 bellatoriptae.
781 3797 935 3912 Mpgisttatus
956 3797 1107 3874 provinciales
1117 3798 1252 3921 elidwalib
1266 3800 1298 3914 pp

260 3875 309 3911 as.
660 3886 663 3893 ·
757 3881 760 3888 ¹
782 3879 807 3912 re
823 3878 852 3912 us
864 3880 879 3910 a
891 3877 916 3911 se
1010 3873 1053 3912 scri

267 3927 522 3988 ctvtttateactrtep.
529 3928 640 3991 egregia]
649 3928 689 3976 Sic
697 3935 751 3976 vett
783 3928 868 3992 Remp
875 3872 1297 3992 mfflbtepgnmplmmt

234 3991 287 4040 edd.
297 3990 632 4040 maerensmaerens
644 3993 752 4041 Muretus
799 3997 894 4055 ure'pro
911 3991 1024 4040 sententia
1040 4007 1116 4041 coram
1135 3992 1208 4055 dicere
1225 3995 1298 4042 cuivis

233 4057 378 4116 emendabat,
398 4070 419 4103 c.
435 4057 458 4102 d.
477 4067 509 4115 te,
530 4056 558 4103 dc
575 4057 635 4117 ch.
652 4071 671 4104 c.
689 4057 753 4122 quod
813 4056 887 4104 natori
903 4056 995 4115 beebat,
1013 4057 1113 4105 scribere
1126 4057 1157 4106 ad
1176 4059 1296 4118 Senatum,

209 4142 211 4150 s
233 4121 339 4184 placebat
349 4132 372 4170 et
384 4119 509 4180 Groslotio,
526 4119 656 4184 recepitque
670 4121 762 4170 riche·
783 4137 830 4170 non
841 4121 885 4169 nisi
896 4121 1014 4184 Principes
1025 4123 1135 4170 solebant.
1152 4121 1225 4170 Ean.

233 4199 273 4244 na,
290 4185 373 4243 mutis
385 4183 481 4248 posteris
496 4183 621 4233 editoribus
637 4184 761 4235 omnibus,
815 4187 875 4234 Sero
886 4194 909 4234 et
918 4185 1093 4252 dmbbcrtate]
1109 4187 1173 4244 Sera,
1184 4185 1240 4250 quia
1247 4183 1312 4247 jam·

233 4249 271 4296 At
281 4248 308 4296 J.
318 4249 450 4297 Gronovius
464 4257 532 4312 putat
542 4249 679 4314 scripturam
690 4251 752 4299 Flor.
783 4250 863 4299 afflicti
873 4260 915 4299 aut
924 4251 985 4315 nulli
995 4261 1075 4300 arante
1092 4265 1138 4298 non
1149 4251 1229 4307 libera,
1242 4251 1300 4313 quia

233 4320 257 4362 rt
267 4315 299 4361 R.
308 4316 340 4362 P.
349 4313 471 4376 legendam
479 4321 502 4362 et
514 4316 675 4378 Reipublicae
691 4315 754 4380 quod
783 4315 835 4364 siue
844 4311 946 4380 periculo
955 4314 1053 4363 mensis
1063 4315 1101 4362 vel
1109 4311 1216 4361 invalidis
1225 4312 1303 4360 instilss

233 4384 282 4428 noa
303 4377 468 4442 spernendum.
489 4379 561 4433 lias.
585 4380 665 4432 Immo
679 4379 762 4430 unice
783 4381 968 4432 aberamus.
985 4382 1044 4430 Stat
1053 4381 1158 4427 saraa
1168 4377 1247 4442 captos
1260 4375 1302 4426 sed

281 4459 356 4526 von.
371 4477 422 4524 nt.
1111 4477 1133 4521 n
