3059 4975
222 251 282 312 aso
509 227 991 310 ooonusmusmomus

223 435 323 502 genus
335 411 394 492 est)
415 418 436 450 “
451 410 640 476 Tuisoonem
655 411 771 488 Deunu
793 422 877 473 terra
889 406 1019 487 editum,
1034 417 1067 471 et
1079 407 1179 473 lilium
1195 410 1289 474 Man-

223 521 311 576 num,
337 497 486 584 originem
507 496 608 584 gentis
629 495 872 582 conditoresque.
917 498 1040 559 Manno
1054 505 1116 558 tres
1135 495 1214 559 lilios
1232 497 1288 560 sd·

224 585 394 672 signanus
423 605 557 682 quorum
575 583 752 645 nominibus
780 580 914 668 proximi
939 582 1065 643 Oceano
1094 581 1287 668 lngaevones,

224 670 318 736 medii
331 672 526 746 Hermiones,
536 668 628 732 ceteri
639 669 809 731 Istaevones
816 666 994 729 vocentur.’'
1023 666 1160 743 Quidam
1170 681 1287 745 autem,

223 755 346 822 licentia
359 754 528 831 vetustatis,
546 752 683 840 “plures
698 754 769 816 Deo
782 767 877 830 ortos,
887 737 964 901 Rl'ur’
1014 776 1054 814 ue
1067 753 1167 864 gentis
1181 752 1288 838 adpel-

223 842 361 918 lationes,
378 841 511 916 Marsos,
527 838 736 916 Gambrivios,
753 839 884 914 Suevos,
930 838 1012 901 anda
1023 837 1068 900 ios
1082 842 1089 864 '
1103 838 1286 902 adfirmant:

225 936 247 967 ‘⁶
257 950 355 1013 eaque
364 949 436 990 vera
449 940 480 990 et
494 925 623 1010 aritiqua
637 923 769 988 nomina.
808 927 955 989 Ceterum
968 923 1144 988 Germaniae
1154 924 1289 987 vocabu-

224 1013 291 1078 lum
306 1025 456 1077 recenset
476 1033 576 1098 nuper
596 1009 758 1084 additum3
783 1009 940 1096 quoniam,
955 1009 1010 1095 qui
1033 1009 1124 1095 primi
1140 1009 1288 1072 Rhenum

223 1098 404 1185 transgressi
420 1096 528 1168 Gallos
542 1095 728 1182 expulerint,
738 1119 785 1176 ac,
800 1116 883 1160 nuno
898 1096 1034 1182 Tungri,
1048 1105 1124 1159 tunc
1139 1094 1289 1159 Germani

224 1347 350 1407 Inprimis
358 1361 438 1394 eorum
446 1346 658 1406 meminibmpeee
668 1345 740 1392 hirto-
773 1346 866 1393 licentio
876 1351 922 1392 vel.
938 1343 1008 1408 plane
1018 1352 1046 1392 ut
1056 1359 1069 1391 e
1081 1343 1130 1391 ood-
1138 1344 1193 1390 Art.
1209 1341 1290 1390 laudet

226 1413 276 1456 rico
287 1412 336 1457 ritu
352 1413 468 1468 recolitur,
486 1418 529 1457 eto.
561 1409 596 1456 At
612 1409 702 1472 proprie
713 1407 742 1456 de
774 1410 910 1467 Rhenanus,
927 1417 950 1456 et
966 1418 1000 1455 eet
1015 1409 1040 1455 in
1056 1408 1147 1456 duobus
1158 1407 1235 1455 Velie.
1251 1423 1291 1471 ap.

226 1474 357 1532 Geminis,
369 1475 485 1522 nosterA.
494 1477 519 1529 2,
529 1476 567 1521 88.
579 1473 607 1520 de
615 1473 739 1520 Anuinio=
773 1473 912 1522 Broterium.
930 1473 1001 1520 Enn.
1031 1472 1070 1522 Sic
1086 1482 1110 1520 et
1125 1471 1163 1519 etl.
1179 1471 1291 1535 Nor.qui

228 1539 373 1599 varieturque
383 1540 458 1586 adhue
467 1540 574 1586 tartarus
584 1540 646 1599 opud
652 1545 742 1598 gentes.
773 1546 807 1586 est
831 1539 874 1585 iste
889 1538 938 1585 eod.
962 1537 1052 1601 Kappii
1075 1547 1098 1584 et
1115 1536 1233 1600 Artolphi,
1251 1535 1291 1582 sed

226 1601 338 1652 Julianus
346 1604 434 1666 egregie
444 1603 469 1649 in
478 1602 616 1650 Antiochioo
626 1605 655 1650 ab
666 1602 740 1661 initio,
772 1603 953 1650 omissoamem.
986 1603 1024 1650 Sic
1040 1617 1109 1663 porro
1126 1610 1149 1648 et
1165 1601 1201 1648 ed.
1219 1602 1291 1649 Rom.

226 1667 269 1730 qul
279 1665 336 1726 herc,
352 1669 414 1732 ἄγρια
431 1671 493 1729 μέλη
507 1676 580 1725 vomi,
597 1664 742 1730 παραπλήσια
773 1667 834 1714 Earn
859 1666 981 1713 lectionem
1004 1668 1087 1728 probat
1110 1665 1243 1728 Zinmling
1265 1665 1291 1712 in

227 1735 277 1784 ταῖς
293 1737 402 1788 κλαγγαῖς
418 1734 460 1777 τῶν
481 1731 550 1794 τραχὺ
571 1728 668 1780 θυόντων
688 1731 742 1790 test·
773 1731 830 1779 Crit.
839 1731 891 1792 juv.
902 1744 977 1793 prom.
994 1731 1064 1778 c-bl.

227 1797 287 1842 hus:
305 1799 407 1856 agrestio
421 1798 533 1853 ammireo,
545 1797 632 1842 similia
649 1796 742 1855 eumgo-
811 1796 948 1857 vanderes]
966 1795 1024 1842 Coei.
1036 1794 1116 1858 Kapp.
1133 1795 1163 1853 (s.
1181 1793 1290 1841 Norimb.

227 1860 292 1906 ribus
302 1861 383 1906 ovium
393 1875 473 1922 erpere
491 1861 650 1907 clamantium.
667 1858 742 1906 hirs.
775 1859 824 1922 etl.)
841 1861 966 1907 Vandilios.
988 1860 1037 1914 (Sic
1052 1869 1075 1906 et
1088 1859 1124 1906 ed.
1139 1857 1221 1917 Rom.)
1236 1858 1292 1906 MS.

228 1923 258 1971 Iu
269 1923 313 1970 hoe
323 1924 372 1971 loeo
383 1923 423 1972 alii
433 1925 513 1986 legunt
525 1927 570 1975 τοῖς
581 1926 693 1988 agnensis·
775 1924 868 1973 Arund.
875 1923 927 1972 edd.
936 1925 1014 1987 Rhag.
1022 1925 1076 1971 Ber.
1091 1925 1213 1971 Vandalus.
1226 1922 1291 1985 Ergo

265 1989 413 2052 Tulreonem]
437 1989 475 2036 Ite
490 1987 551 2036 edidi
567 2004 579 2035 e
596 1987 651 2035 MS.
663 1987 742 2036 Turio.
775 1990 839 2052 vulg.
855 2003 901 2035 non
915 1989 949 2035 ita
962 1989 1066 2048 firmum,
1081 1998 1108 2036 ut
1123 1987 1290 2035 Haeduinovi·

228 2051 279 2100 eorl.
290 2051 368 2116 Kapp.
377 2053 413 2100 ed.
424 2053 501 2115 Rheg.
515 2065 541 2100 ut
551 2051 641 2099 dudum
652 2052 744 2100 voluere
776 2069 828 2102 sum
839 2053 869 2100 ad
881 2053 941 2099 Plin.
952 2056 975 2112 4,
990 2055 1019 2100 14
1030 2052 1094 2115 (28).
1114 2053 1186 2100 Ειιιι.

229 2116 273 2165 viri
283 2117 344 2164 docti
354 2117 390 2180 (in
399 2117 436 2166 his
444 2116 574 2179 Conting.).
592 2117 680 2165 Ceterae
690 2116 742 2164 edd.
809 2119 898 2165 Recens
908 2125 930 2165 et
941 2133 1015 2180 nuper
1026 2119 1141 2178 additum]
1163 2118 1214 2165 Nos
1225 2117 1292 2163 audl-

229 2195 288 2228 meae
298 2181 375 2229 indes
385 2197 419 2246 pr.
430 2182 543 2247 Spirensis
554 2184 695 2229 Tuistonem.
714 2181 744 2228 ln
776 2190 828 2230 tum
839 2181 965 2229 maluimus
975 2182 1021 2244 legi
1032 2188 1071 2243 (ut
1081 2198 1100 2229 c.
1108 2182 1136 2228 41
1148 2181 1158 2242 )
1168 2196 1239 2245 quem
1250 2182 1292 2228 ud-

229 2254 283 2294 vett·
294 2245 346 2293 edd.
363 2256 441 2294 autem
458 2263 517 2310 saepe
531 2245 652 2294 observavi
662 2252 685 2292 et
698 2259 747 2293 esse
777 2250 860 2295 ditum.
892 2246 964 2305 Quod
974 2248 1163 2308 aignupermon
1179 2245 1293 2292 Hercules

229 2325 313 2422 prose.
341 2311 380 2359 Sia
393 2326 449 2359 oron
466 2327 486 2358 c.
500 2313 524 2358 ³.
539 2311 564 2358 in
580 2310 632 2358 edd.
650 2310 745 2372 Spiret
776 2309 1293 2375 itanuperzquippaeumabaevoluliiCae-

252 2378 528 2439 ogg.etutirproemttie.
554 2375 584 2423 In
597 2375 652 2423 MS.
665 2374 745 2422 Turia.
777 2376 996 2440 saris,quooonstst
1009 2377 1136 2423 Germanos
1148 2373 1293 2422 Gelliamir-

229 2449 284 2486 ante
298 2441 362 2489 abest
378 2441 446 2491 etiam
464 2449 514 2489 eet.-
532 2443 597 2496 bene,
613 2448 641 2486 ιιι
657 2439 745 2503 opinor.
777 2441 872 2505 rupisse
895 2441 970 2489 Inrs.
1002 2441 1083 2489 Multo
1098 2439 1171 2503 magis
1187 2441 1294 2485 addeum

231 2503 262 2551 ln
285 2505 321 2551 ed.
341 2506 418 2567 Rheg.
437 2508 469 2553 rit
491 2506 570 2569 reperi.
611 2506 667 2552 Post
688 2505 747 2553 liber
778 2505 892 2553 demulcet
900 2521 970 2567 quam
981 2508 1098 2553 auditum.
1125 2503 1294 2566 Intellige,da·

231 2568 341 2630 Artolph.
353 2571 374 2614 ei
376 2571 477 2633 filiumr
495 2570 550 2617 MS.
564 2568 658 2616 Anind.
667 2571 717 2630 ejus
721 2571 746 2631 f.
778 2578 839 2627 tum,
851 2569 960 2627 inditum,
973 2569 1117 2631 impositum.
1145 2565 1259 2631 Virgilius
1271 2569 1293 2627 l,

232 2633 272 2679 Μ.
294 2646 350 2692 ug.
377 2635 582 2693 conditoremque.-
604 2632 666 2693 quod
685 2632 748 2679 favet
778 2634 834 2685 267.
868 2634 935 2678 Puer
946 2632 1073 2691 Asconius,
1085 2637 1124 2679 eui
1138 2649 1200 2679 nuere
1210 2648 1294 2694 cogno·

231 2698 368 2758 conjecture
386 2694 509 2743 Rhenanis
535 2698 569 2743 Ei
585 2696 610 2757 s.
627 2696 668 2741 M.
684 2708 705 2742 o.
719 2710 745 2755 g.
778 2698 899 2743 mealulo
909 2696 1024 2744 Additur.
1057 2698 1143 2744 Senem
1156 2696 1226 2745 Hero.
1239 2698 1295 2745 Fur.

232 2763 431 2821 conditoremque.-
448 2762 598 2808 Mannotree
607 2760 747 2820 filiumdei-
780 2760 850 2815 1237.
883 2762 1032 2817 Quienomeu
1044 2763 1295 2823 rcrrquumrcelerieer-

229 2834 314 2887 gnum.
344 2826 390 2873 Ed.
404 2825 476 2887 Pogg.
499 2826 675 2885 conditorisque,
692 2825 748 2872 item
780 2828 830 2871 rori
848 2826 958 2873 addidit?
982 2834 1008 2871 ut
1025 2842 1055 2873 ex
1069 2826 1132 2873 Flot.
1147 2826 1296 2873 restituimus.

233 2890 335 2954 Spirens.
349 2890 420 2937 Enn-
446 2889 492 2936 Ed.
500 2889 570 2937 Rom.
582 2889 669 2937 etNor.
690 2891 749 2936 Tui·
780 2889 923 2937 Claudianus
934 2889 1003 2937 Cone
1020 2890 1113 2954 Olybrii
1128 2900 1151 2938 et
1162 2890 1257 2938 Probini
1273 2906 1296 2938 v.

233 2956 671 3016 sconem-astltum-couettorteque.
689 2954 750 3002 We·
780 2957 803 3002 9.
824 2970 880 3001 uum
896 2970 956 3016 eoepe
973 2956 1029 3002 soler
1043 2956 1175 3002 ductoribus
1189 2956 1240 3001 ml?
1251 2958 1296 3001 In·

233 3020 326 3068 aliterue
336 3020 427 3067 volebat
441 3020 606 3075 Tutieeenem,⁵
626 3016 747 3065 Cluven'us
780 3026 888 3066 eruerem
899 3020 949 3065 vim
959 3026 982 3066 et
996 3022 1101 3067 curemur
1112 3022 1195 3067 addere
1204 3033 1296 3066 nomen.

237 3086 368 3142 Tuitoaeeu
384 3083 447 3147 quod
464 3094 487 3129 et
503 3083 606 3147 plaoebat
621 3081 749 3129 Perizonio.
781 3084 873 3131 Grion.
903 3085 991 3145 Nuper
1002 3084 1032 3131 de
1048 3084 1102 3131 satis
1114 3084 1185 3147 longo
1195 3092 1297 3147 tempore

234 3148 354 3197 Scheidius
364 3148 388 3194 in
399 3147 465 3211 pref.
475 3147 506 3194 ad
513 3147 642 3195 Eccardum
655 3144 683 3193 de
691 3145 749 3209 orig.
780 3162 828 3195 uno
836 3148 935 3195 alterove
945 3147 1015 3195 etiam
1026 3148 1169 3208 saculodici,
1180 3148 1248 3195 hodie
1258 3164 1294 3195 sa·

235 3213 314 3261 Germ.
323 3228 347 3274 p.
356 3212 395 3259 23.
404 3210 617 3273 suadetlegendum
629 3210 750 3257 retusum
780 3212 810 3259 tis
821 3220 910 3260 onustat
919 3212 978 3260 inter
992 3213 1076 3260 Latine
1091 3214 1176 3261 doctos.
1192 3212 1226 3261 V.
1237 3212 1298 3259 dicta

233 3276 320 3339 detque
328 3282 351 3323 et
357 3283 420 3323 terro
427 3278 522 3322 editum.
542 3274 695 3323 Ceterumhio
703 3288 751 3322 non
781 3276 806 3323 in
818 3274 890 3325 Clave
901 3276 973 3324 Cicer.
985 3278 1009 3324 in
1020 3277 1045 3324 h.
1056 3293 1078 3325 v.
1096 3279 1214 3325 Auditum
1222 3278 1298 3340 place·

235 3339 353 3405 queritur,
370 3340 433 3403 quod
452 3353 536 3387 nomen
552 3337 653 3387 hominis
669 3354 750 3386 venun
781 3341 822 3389 bat
830 3341 898 3389 etiem
910 3340 994 3403 Pighio
1004 3342 1028 3388 in
1041 3340 1143 3390 Hercule
1152 3342 1252 3403 Prod.p.
1263 3355 1296 3386 m.

235 3404 551 3469 sueriuoedqualesTaoito
561 3403 751 3467 scriptumque]
782 3407 806 3453 9.
824 3405 894 3452 liner.
920 3403 1298 3453 Germanorumnomeuinl'astis

235 3470 334 3519 dubium
344 3469 614 3518 essenemononseneie
646 3468 751 3516 Gehave·
782 3469 919 3533 Capitolinis
935 3471 985 3531 jam
1002 3470 1099 3518 occurrit
1116 3469 1146 3516 ed
1161 3486 1183 3517 a.
1199 3485 1223 3515 u.
1241 3469 1298 3517 531.

235 3549 290 3581 rum
300 3534 320 3581 si
332 3534 411 3582 audias
422 3532 540 3595 investig.
551 3533 611 3593 juris
623 3533 702 3580 Germ.
710 3546 752 3579 an·
782 3533 831 3582 Eos
841 3534 896 3582 suite
907 3536 947 3581 aeri
957 3534 1038 3582 incisos
1046 3534 1108 3581 dedit
1119 3532 1257 3581 Piranesius.

235 3598 278 3663 riq.
289 3614 313 3661 p.
326 3600 382 3647 926.
400 3597 496 3646 Tacitus
507 3598 620 3661 scripserit
637 3596 752 3644 Taeneot-
808 3600 884 3645 Nuac
899 3601 1001 3660 Tungri,
1010 3613 1072 3645 nunc
1084 3598 1210 3661 Gemmni]
1221 3596 1300 3645 Valde

236 3663 542 3722 temDeum,teoroedttum
550 3665 571 3709 et
579 3659 667 3724 (velet)
670 3664 752 3723 filium
783 3664 909 3727 amplector
933 3663 1127 3723 Bambergensem
1152 3662 1299 3725 seripmram,

236 3728 365 3775 Mannum.
392 3726 548 3775 Derivatsoih
562 3742 662 3773 vocema
676 3728 751 3785 eliud,
784 3743 855 3792 quam
869 3727 1005 3775 etl'ichena
1019 3725 1120 3789 repperit
1135 3725 1160 3772 in
1171 3728 1242 3775 veteri
1252 3726 1299 3775 edi-

236 3805 301 3853 gens,
312 3801 335 3837 et
345 3798 392 3839 cett
403 3792 451 3839 sive
465 3791 520 3839 Gur
528 3790 601 3851 Deus,
611 3800 638 3837 ut
649 3791 679 3838 sit
695 3804 751 3853 gen·
783 3794 845 3840 tione
852 3790 1008 3847 Bononiensi;
1020 3806 1048 3837 oc
1059 3789 1237 3853 nune'Tungsi,
1244 3798 1300 3839 tunc

237 3853 267 3903 tis
278 3854 365 3902 Deum.
786 3859 917 3906 Geramui:
935 3864 1005 3919 atque
1014 3855 1048 3901 ita
1054 3856 1159 3904 evolvam
1169 3871 1208 3903 me
1218 3872 1247 3904 ex
1258 3858 1300 3903 ob·

269 3917 424 3983 Hermiones]
445 3918 502 3967 eod.
526 3920 581 3968 Vat.
603 3919 643 3967 Ks
659 3934 684 3982 p.
700 3918 753 3967 edd.
784 3936 851 3969 seura
868 3920 956 3985 origine
977 3920 1085 3978 nominis,
1102 3921 1165 3984 quod
1186 3920 1300 3983 hodieque

238 3984 330 4032 Puteol.
342 3982 419 4045 Rheg-
436 3985 622 4042 bremetensem
642 4000 679 4033 ere
690 3983 714 4031 in
725 3984 755 4030 li·
785 3985 857 4033 heret
877 3986 903 4032 in
919 4000 976 4050 pace
992 3992 1015 4033 et
1035 3984 1097 4033 bello
1118 3984 1206 4047 optima
1223 3992 1301 4046 gente.

237 4048 285 4097 bris
307 4046 378 4095 Plinii
396 4046 533 4095 scribuntur.
565 4051 627 4097 Mox
647 4048 682 4097 etl.
698 4048 754 4095 Alc.
787 4050 930 4098 Smtantiam
950 4049 1012 4097 enim
1034 4048 1094 4097 hano
1109 4064 1160 4095 reor
1174 4048 1301 4111 (quidquid

238 4113 398 4161 vitioseDeoe.
416 4112 488 4159 Eun.
517 4113 563 4161 Ed.
578 4114 649 4162 Rom.
662 4114 755 4161 etNor.
785 4115 907 4163 dimotum
925 4112 1037 4175 aliis)eos
1052 4114 1093 4175 qui
1110 4113 1243 4175 transgressi
1253 4112 1301 4177 pri-

239 4178 389 4225 Hermionee.
420 4177 536 4239 Recepere
547 4186 570 4225 et
576 4177 704 4241 Bipomini‚
713 4176 756 4241 qui
776 4180 858 4238 ,mitur
867 4178 978 4227 Rhenum
989 4178 1097 4235 sinamse
1108 4192 1162 4223 eum
1170 4176 1247 4240 ipsum
1258 4192 1301 4240 m-

239 4256 281 4303 pro
298 4243 354 4289 Deo.
365 4250 427 4289 ortos
443 4240 540 4289 molluit
554 4244 582 4289 de
597 4256 623 4289 eo
638 4240 754 4307 (Manno)
785 4244 879 4308 pulum,
899 4244 940 4306 qui
956 4257 1018 4290 nunc
1036 4241 1128 4303 Tungri
1148 4243 1300 4307 appellentur,

239 4310 308 4351 ΜΝ·
786 4318 810 4356 at
827 4317 883 4355 tunc
906 4306 1032 4355 Germani:
1059 4305 1122 4369 quod
1138 4314 1215 4355 tamen
1232 4304 1302 4353 unius

274 4368 755 4433 Liemtievetumatielcod.lispp.utm
787 4373 890 4422 nationis
912 4371 1028 4437 peculim
1051 4384 1146 4432 nomer,
1178 4369 1301 4435 paullatiu
