3059 4975
231 308 286 368 198
610 302 913 364 HISTORIARUM
1118 306 1289 382 [atam

229 467 383 543 barmrum
411 468 529 532 animos
556 465 746 545 increbuere,
772 466 891 531 Fabius
916 465 1029 532 Valens
1055 488 1129 532 cum
1156 479 1294 555 quatuor

232 552 475 641 speculatoribus
499 565 531 616 et
554 551 654 617 tribus
678 553 795 631 arnob,
821 552 951 617 totidem
973 552 1229 632 centurionibus,
1252 552 1294 621 ad

231 660 325 707 naves
346 637 539 724 regreditur:
563 636 694 703 Maturo
713 638 885 725 ceterisque
904 660 1073 717 remanere,
1093 650 1126 704 et
1146 638 1179 703 in
1198 638 1296 704 verba

232 720 415 811 Vespasiani
435 723 529 811 adigi,
544 722 720 789 volentibus
739 722 810 788 fuit.
855 723 1012 803 Ceterum,
1034 735 1071 795 ut
1092 746 1177 791 mare
1195 724 1296 789 tutius

233 810 367 889 Valenti,
392 832 486 908 quam
516 809 617 889 litora,
641 822 697 875 aut
721 810 835 885 urbes;
868 809 913 876 ita
935 810 1037 875 futuri
1063 810 1241 897 ambiguus,
1264 820 1297 874 at

232 897 343 983 magis,
362 895 442 981 qmd
461 894 584 975 vitaret,
608 918 703 981 quam
724 896 776 961 cui
796 895 917 975 fideret,
934 908 1047 974 certus,
1068 895 1197 961 adversa
1217 900 1296 961 tem·

232 994 352 1069 pestate
372 981 563 1059 Stoeehadas,
578 980 822 1047 Massiliensium
841 981 968 1060 insulas,
982 982 1141 1049 adfertur:
1162 981 1295 1047 ibicum

233 1064 334 1131 missae
348 1090 367 1131 a
382 1066 527 1133 Paullino
542 1066 721 1131 Liburnicae
734 1090 923 1153 oppressere.

278 1152 407 1217 XLIV.
430 1154 532 1241 Capto
547 1151 690 1230 Valente,
710 1165 823 1217 cuncta
841 1152 883 1217 ad
903 1152 1027 1216 victoris
1046 1175 1122 1239 opes
1139 1174 1297 1229 wnversa,

233 1236 322 1303 initio
342 1260 398 1325 per
414 1237 600 1323 Hispaniam
622 1260 641 1300 a
661 1237 762 1325 prima
782 1236 949 1301 Ad'utrioe
970 1236 1090 1323 legione
1109 1252 1189 1317 orto,
1212 1260 1297 1325 quoe,

236 1324 384 1389 memoria
397 1323 529 1387 Othonis
542 1322 662 1387 infensa
675 1321 810 1401 Vitellio,
824 1262 975 1387 decimam
989 1345 1116 1420 quoque
1128 1346 1166 1387 ac
1178 1336 1299 1387 sextam

235 1408 339 1473 traxit.
384 1410 451 1473 Neo
473 1407 585 1490 Gallia
607 1409 841 1473 cunctabantur.
885 1411 931 1473 Et
952 1408 1146 1473 Britanniam
1173 1407 1299 1471 irrclitus

235 1516 309 1580 erga
320 1493 546 1581 Vespasianum
559 1495 659 1573 favor,
673 1495 760 1582 quod
773 1494 835 1559 illic
849 1493 993 1559 secundae
1006 1493 1120 1580 legioni
1133 1518 1153 1559 a
1166 1493 1301 1558 Claudio

235 1578 421 1665 praepositus
434 1592 466 1644 et
479 1579 561 1644 bello
574 1580 675 1645 clarus
688 1593 806 1666 egerat,
819 1602 883 1645 non
899 1580 964 1645 sine
984 1593 1073 1643 motu
1093 1578 1240 1667 adjunxit
1254 1596 1302 1643 oe:

236 1678 384 1743 terarum,
404 1665 438 1729 in
451 1664 567 1751 quibus
580 1665 658 1751 pleri
682 1689 721 1730 ue
736 1665 941 1731 Centuriones
962 1688 997 1729 ac
1012 1664 1124 1729 milites
1137 1688 1158 1729 a
1171 1663 1301 1730 Vitellio

236 1750 384 1838 provecti,
398 1764 562 1857 expertum
573 1752 640 1839 jam
656 1690 832 1837 Vrincipem
846 1751 931 1817 anxii
944 1750 1118 1817 mutabant.

293 1835 405 1901 XLV.
433 1838 481 1901 ha
505 1836 668 1915 discordia,
693 1849 725 1901 et
747 1836 862 1902 crebris
889 1834 964 1900 belli
986 1834 1083 1899 civilis
1110 1835 1301 1914 rumoribus,

238 1921 381 1990 Britanni
402 1920 554 1987 sustulere
574 1922 702 2000 animos,
725 1936 851 1987 auctore
870 1921 1027 1987 Venutio:
1053 1920 1121 2007 qui,
1143 1943 1238 2007 super
1255 1922 1302 1985 in-

239 2006 328 2073 sitam
347 2006 493 2075 ferociam
506 2021 538 2073 et
553 2008 688 2075 Romani
708 2008 840 2074 nominis
853 2007 972 2087 odium,
986 2006 1121 2095 propriis
1134 2006 1168 2071 in
1184 2006 1303 2071 Castis}

240 2250 320 2285 omncs
337 2246 420 2300 prater
436 2234 492 2285 ΜΒ.
507 2235 571 2288 Bud.
586 2244 609 2284 et
625 2236 662 2284 ed.
679 2251 716 2300 pr.
732 2236 757 2284 in
788 2238 903 2301 Satyrum.
919 2236 991 2284 Nunc
1001 2234 1303 2299 cnmAristophane(Rau.

241 2302 295 2366 quir
305 2308 428 2363 asporta
462 2299 590 2357 Rhenanus
600 2300 655 2349 inda
665 2300 757 2363 confi&
787 2300 856 2363 usu)
867 2301 921 2349 satis
931 2300 990 2349 mibi
999 2301 1149 2349 inclamasse:

238 2373 311 2429 pacta
322 2368 406 2427 firma,
424 2364 515 2413 flutua-
548 2365 672 2429 Elegantia
687 2366 755 2429 perit,
819 2365 1025 2432 -Aulogricbmb'
1036 2364 1146 2430 cu'rrpiaeu

242 2429 263 2479 tl
277 2436 368 2494 paratu
384 2436 497 2477 uruntur.
529 2428 678 2494 Respondent
694 2428 757 2479 enim
817 2428 905 2500 ‘dulgas
916 2430 1017 2487 ποιητὸς,
1028 2428 1103 2498 ὥσπερ
1114 2425 1275 2491 ἂρτοπωλίὸας.
1301 2475 1304 2484 ,

241 2495 652 2608 astatadstat
665 2502 757 2607 tlt
787 2493 1304 2608 attatum-rattruut}

242 2594 554 2688 mauridomus.
587 2576 758 2686 cantaps
789 2573 1304 2685 ns.a,.n³l⁹{l¹aan.a.mv0u.a

242 2697 266 2736 et
276 2687 328 2736 edd.
336 2696 390 2735 ante
398 2687 475 2734 Rhen.
486 2687 542 2736 item
549 2688 626 2752 Ryck.
635 2689 676 2754 (ex
685 2685 757 2750 Agr.)
789 2689 831 2734 bur
842 2693 924 2733 auctor
933 2685 1005 2747 fult:
1022 2685 1085 2750 quod
1100 2699 1144 2749 pro
1154 2699 1202 2731 var.
1212 2683 1265 2744 lact
1277 2685 1304 2734 in

244 2754 390 2815 totidemque.
414 2752 485 2800 Eur.
789 2751 894 2814 margine
905 2751 984 2800 Guelf.
995 2750 1078 2814 reperi,
1090 2757 1114 2797 et
1126 2749 1151 2796 in
1167 2748 1203 2796 ed.
1216 2764 1252 2812 pr.
1263 2750 1305 2800 tad

276 2819 423 2881 disgreditur
432 2825 540 2864 nutura.-
552 2817 689 2881 casuque]
707 2815 760 2864 Pri·
789 2823 871 2864 auctor
882 2815 993 2864 insutum
1004 2825 1039 2864 est
1053 2815 1083 2864 ab
1100 2811 1138 2873 iis,
1151 2812 1193 2876 qui
1207 2813 1305 2866 modum

243 2881 360 2945 oralegor
378 2883 520 2944 regreditur.
553 2883 656 2930 Maturo
667 2883 760 2930 ceteris-
790 2880 901 2945 loquendi
918 2896 966 2928 non
982 2879 1110 2943 capiebant.
1135 2876 1207 2925 aar.
1239 2878 1306 2930 Bud.

244 2962 294 3009 que.
327 2945 627 3009 IntelligitenimMarium
636 2946 760 2994 Maturum
791 2953 885 2994 umture
902 2954 925 2994 et
941 2945 996 2993 dein
1011 2946 1080 3006 adigi
1096 2943 1225 2990 uolentibus
1241 2944 1305 3007 suit.

243 3011 417 3060 Procuratorem
425 3010 534 3074 Alpium,
543 3010 593 3073 qui,
602 3010 701 3058 discoesu
710 3009 760 3058 Va·
790 3009 837 3056 Sed
846 3010 900 3057 Pul.
905 3012 972 3071 adigi
983 3011 1081 3058 liberum
1085 3007 1146 3074 suit.
1171 3006 1227 3054 Alc.
1236 3011 1304 3072 adigi

244 3075 313 3123 lentis
325 3077 389 3124 velut
399 3075 526 3134 exsolutus,
543 3074 632 3122 amsiit
645 3075 670 3122 in
681 3073 761 3122 Flavi-
792 3075 919 3122 munitum
929 3076 1029 3122 lberam
1040 3075 1104 3138 fult.

245 3155 301 3188 anas
323 3150 406 3204 partas.
441 3138 570 3188 Posteriora
585 3145 645 3186 recte
661 3137 717 3186 olim
736 3139 761 3202 (e
832 3137 1133 3202 Staeclrodas—cdfirtar]
1161 3135 1306 3201 Iagib’mum

245 3201 322 3264 Bnd.)
346 3203 475 3250 Rhenanus
485 3202 623 3262 emurdavit,
634 3207 673 3267 (ut
685 3201 707 3261 1,
717 3204 759 3250 59.
790 3205 887 3252 verbum
901 3213 950 3252 erat
964 3206 1087 3268 dcfirture
1103 3204 1247 3267 necadfem'
1262 3203 1307 3251 hoc

246 3267 306 3330 Agr.
325 3265 373 3328 18.)
391 3282 445 3314 cum
462 3267 533 3330 vulgo
549 3275 615 3326 esset,
633 3267 760 3314 couniatur
791 3282 858 3316 sensu
877 3267 966 3316 dictum
987 3268 1068 3333 reperi.
1103 3267 1222 3317 Broterius
1239 3267 1307 3317 malit

246 3333 346 3380 liberum
355 3332 420 3394 fult,
436 3330 611 3380 insititiarocet
628 3339 677 3392 aut,
693 3339 721 3378 ut
736 3330 761 3378 in
786 3333 880 3396 fertur.
896 3333 970 3382 Ena.

247 3395 394 3461 quibusdam,
414 3402 496 3442 cruror
511 3395 574 3460 suit.
608 3395 657 3456 Qui
676 3394 762 3443 scilicet
822 3399 953 3445 Incliture.
967 3401 994 3446 V.
1003 3396 1090 3462 finer]
1115 3394 1307 3447 Grutertrsvalda

245 3459 763 3574 illidii-lnffl‘blbffiffl‘
790 3462 1005 3590 illim
1015 3462 1307 3574 tlttllt’tttt

247 3605 343 3653 cemqne
354 3539 561 3638 &13:111qu
569 3589 596 3638 fu
613 3589 638 3637 't.
670 3539 763 3652 affl
791 3591 979 3650 sirmituscsset,
989 3591 1033 3638 ie.
1041 3544 1114 3650 veuls,
1122 3598 1237 3649 conamus,
1248 3603 1308 3652 pra·

248 3653 311 3702 enim
327 3664 350 3702 et
361 3654 480 3704 industria
492 3654 585 3702 laudem
641 3659 714 3702 artano
732 3652 762 3700 li·
792 3655 892 3703 ferrems
910 3664 935 3702 at
944 3670 991 3704 non
1002 3657 1101 3714 luditur,
1113 3654 1177 3719 quod
1187 3653 1307 3702 commode

247 3720 304 3766 bens
315 3717 360 3776 (103
378 3728 401 3766 et
411 3717 457 3766 scio
467 3719 525 3766 inter
532 3717 643 3782 primores
652 3732 705 3766 eum
716 3733 764 3766 arat
793 3717 832 3767 hic
843 3719 921 3768 locum
937 3734 983 3767 non
997 3718 1076 3778 habet,
1088 3728 1115 3766 ut
1125 3719 1212 3783 opinor.
1244 3717 1308 3768 aaa

248 3781 330 3846 mutia
364 3782 400 3831 At
410 3783 483 3844 carpsi
499 3782 556 3830 olim
571 3780 672 3830 liberius.
706 3781 763 3829 Non
792 3791 870 3831 autem
881 3798 959 3832 vocem
970 3783 995 3831 in
1005 3783 1070 3832 libris
1079 3783 1187 3833 substitui
1196 3781 1308 3831 alteritu-

249 3861 300 3908 ego,
310 3845 350 3894 sed
361 3857 415 3894 setas
425 3847 479 3910 (etsi
489 3861 568 3896 revera
578 3846 653 3895 multa
663 3845 688 3892 in
699 3845 763 3893 Rhe·
793 3849 871 3906 clitus,
881 3856 904 3895 et
913 3847 970 3896 alibi
979 3849 1134 3897 observatum.
1148 3845 1306 3897 V·Drakeab.

249 3910 305 3956 nani
319 3910 419 3971 judiciis,
431 3927 484 3976 qua
498 3913 579 3987 probet
590 3909 764 3973 nemojudexe
793 3912 824 3960 ad
838 3911 891 3960 Liv.
905 3912 931 3971 6,
946 3913 983 3960 ll.
999 3914 1038 3960 42.
1069 3915 1174 3962 Inclitua
1186 3913 1309 3976 savorcst

250 3973 356 4032 selectis).
390 3975 575 4024 Nuncabritille
585 3975 673 4024 fervor:
691 3975 764 4023 etob-
793 3976 897 4040 insignis,
914 3977 994 4025 multis
1008 3980 1076 4026 rebus
1090 3978 1203 4041 cognitus.
1234 3973 1308 4024 Etru.

250 4037 342 4086 tendere
357 4053 454 4086 manum
469 4041 499 4088 ad
513 4055 651 4104 magnorum
662 4040 764 4088 virontm
794 4040 895 4089 InBud
906 4040 1081 4100 dubietatibus,
1092 4057 1122 4090 an
1133 4042 1235 4089 irretitus

251 4103 331 4177 culpas
351 4103 445 4166 possim,
465 4120 537 4168 quam
556 4105 662 4154 diducere
681 4113 705 4154 et
723 4119 764 4152 ex·
827 4107 887 4153 Nou
897 4109 948 4154 siue
961 4114 1026 4156 motu
1036 4107 1147 4168 odiam
1157 4099 1308 4164 craterarum]

166 4171 169 4182 ⁴
250 4165 342 4230 plicare.
375 4168 465 4216 Revera
485 4178 563 4217 autem
582 4170 694 4234 quantula
715 4167 765 4215 hac
795 4169 985 4232 Scillegionum,
996 4169 1217 4218 utbeneFenems,
1249 4167 1311 4215 Fm-

252 4240 314 4291 sunt,
325 4231 450 4294 dequibus
463 4233 600 4295 litigamus?
617 4234 706 4292 littera,
718 4231 765 4294 syl·
794 4247 841 4282 stra
851 4235 954 4282 Faernus
968 4237 1099 4282 cohortium
1109 4233 1163 4282 addi
1174 4234 1265 4282 volebat
1275 4235 1309 4286 (et

251 4295 318 4355 laba,
330 4296 424 4344 vomla.
458 4295 544 4344 Ridere
553 4295 612 4343 mihi
627 4296 701 4358 lubet,
711 4310 765 4343 cum
795 4300 886 4360 legebat
897 4302 995 4362 jurarit)
1009 4316 1022 4347 e
1038 4308 1084 4348 vet.
1099 4298 1149 4348 cod.
1163 4298 1240 4347 nscio
1253 4311 1309 4361 quo·

250 4359 352 4408 virorum
375 4360 481 4424 gravium
503 4368 526 4408 et
604 4360 671 4410 dium
687 4359 768 4410 vaita-
795 4364 868 4412 Ean.
1033 4389 1036 4392 -

250 4421 332 4483 tiones,
342 4424 415 4474 immo
423 4440 515 4490 pugnas
524 4425 547 4473 vi
563 4425 671 4474 eoinhis
681 4423 766 4486 nugis:
832 4427 1103 4494 Veruclo18icoodiecs.
1136 4426 1256 4480 Sedu-A.
1268 4425 1309 4492 12,

250 4491 273 4532 et
294 4495 381 4550 metuo,
400 4498 428 4538 ut
446 4489 545 4542 excitent
565 4505 603 4540 me
620 4490 651 4540 ad
670 4491 766 4541 alteram
801 4493 1140 4558 comarumcomarum.
