3059 4975
204 285 237 337 A·
248 288 279 331 u.
293 270 360 346 tt]
586 271 667 331 LlB.
686 272 738 331 lv.
759 268 853 357 CAR.
870 272 920 332 58.
1218 272 1276 331 293

205 433 353 522 legionen
361 456 418 501 nec
432 446 548 501 terrore
561 450 617 502 aut
630 436 789 525 promissis
800 435 1014 501 demorentur.
1051 432 1164 512 Nobis,
1178 456 1273 521 super

205 542 292 585 arma
306 534 337 587 et
350 520 434 585 viros
446 533 478 585 et
492 522 616 671 egregia
629 536 802 587 castrorum
815 520 1019 597 munimenta,
1033 520 1227 584 frumentum
1235 533 1274 583 et

206 617 405 685 commeatus,
443 608 564 673 uamvis
588 630 671 694 ougo
680 606 763 672 bello
776 630 876 693 pares.
914 606 1054 670 Pecunia
1065 628 1166 693 nuper
1179 606 1273 669 etiam

206 689 352 757 donativo
374 715 410 756 su
435 694 513 757 ecit:
543 692 629 780 qnod
652 692 715 756 sive
736 716 755 756 a
777 692 974 778 Vespasiano,
1003 691 1069 755 sive
1089 713 1109 754 a
1130 690 1270 769 Vitellio,

205 774 316 846 datum
328 776 392 842 inte
431 778 525 843 retati
537 776 694 854 mavultis,
704 777 746 841 ab
762 779 955 863 Imperatore
967 793 1050 840 certe
1064 776 1210 840 Romano
1224 800 1273 841 ao-

205 860 337 949 cepistis
414 876 448 929 ot
464 862 773 941 bellorumvictores,
793 862 881 948 apud
900 860 1091 939 Geldubam,
1110 862 1197 948 apud
1212 864 1273 926 Ve-

169 940 173 953 ’
207 960 284 1026 tera,
295 948 368 1019 fuso
380 948 493 1013 totiens
506 949 606 1028 hoste,
618 948 643 1013 si
656 948 777 1036 pavetis
790 948 898 1026 aciem,
910 945 1075 1031 indignum
1087 946 1119 1010 id
1129 948 1271 1033 quidem:

206 1034 262 1099 scd
282 1048 330 1099 est
342 1033 459 1099 vallum
480 1034 625 1120 musique
646 1048 677 1099 et
697 1032 841 1099 trahendi
862 1051 955 1110 artes,
973 1032 1071 1096 donec
1090 1055 1108 1094 e
1125 1033 1274 1118 proximis

205 1119 372 1205 provinciis
390 1118 506 1185 auxilia
524 1119 661 1185 exercitu
699 1143 740 1183 ue
757 1132 951 1183 concurrant.
997 1120 1079 1181 Sane
1094 1141 1153 1203 ego
1166 1119 1216 1182 dis
1236 1118 1273 1182 li-

207 1227 311 1273 ceant:
338 1219 411 1269 sunt
424 1203 476 1269 alii
487 1204 611 1291 Legati,
621 1206 681 1269 Tri
704 1204 773 1289 uni,
781 1204 932 1269 Centurio
945 1203 1091 1290 denique,
1105 1216 1162 1267 ant
1175 1142 1273 1269 miles.

207 1288 261 1361 Ne
274 1290 334 1361 hoc
347 1290 528 1389 prodigium
542 1304 608 1355 toto
618 1304 772 1355 terrarum
782 1290 857 1354 orbe
865 1289 1024 1376 vulgetur,
1035 1288 1123 1353 vobis
1137 1288 1273 1352 satelliti-

206 1374 278 1453 bus,
290 1376 421 1441 Civrlem
436 1387 468 1439 et
479 1375 649 1441 Classicum
660 1376 785 1440 Italiam
795 1376 963 1440 invasuros
995 1375 1061 1452 An,
1071 1374 1097 1437 si
1106 1374 1145 1437 ad
1160 1374 1275 1439 moenia

208 1460 295 1532 urbis
304 1460 455 1525 Germani
465 1461 612 1547 Gallique
622 1461 780 1540 duxerint,
792 1483 879 1524 arma
887 1460 998 1548 patriae
1005 1459 1164 1524 inferetis?
1188 1463 1275 1523 Hor·

208 1560 255 1611 ret
270 1547 392 1610 animus
411 1546 489 1611 tanti
572 1547 616 1611 'tii
636 1546 780 1633 imagine.
827 1545 974 1610 Tutorin'
990 1548 1130 1609 Trevero
1142 1561 1277 1635 agentur

209 1633 371 1697 excubiae?
406 1632 540 1717 Signum
593 1631 627 1697 lli
638 1633 780 1697 Batavus
793 1630 905 1697 dabit?
937 1633 1166 1696 Germanorum
1179 1644 1275 1695 cater-

208 1741 264 1781 vas
283 1717 488 1805 supplebitis?
514 1718 585 1805 quis
604 1718 716 1783 deiude
736 1717 857 1783 sceleris
876 1717 1002 1783 exitus?
1033 1738 1105 1782 cum
1120 1717 1275 1781 Romanae

208 1802 345 1890 legiones
353 1803 655 1878 contraditexeriut3
680 1804 851 1889 transfugae
864 1826 882 1867 e
896 1803 1076 1889 transfirgis,
1091 1816 1122 1866 et
1135 1802 1275 1889 prodito·

208 1911 258 1961 res
278 1912 296 1953 e
317 1888 539 1975 proditoribus,
554 1889 635 1955 inter
655 1912 759 1954 reoens
781 1903 813 1953 et
828 1903 918 1953 vetus
940 1900 1164 1952 sacramentum
1184 1887 1276 1950 invisi

210 1974 288 2039 Deis
302 1972 464 2047 errabitis?
501 1976 563 2052 Te,
574 1974 702 2061 Jupiter
714 1974 832 2061 optime
846 1973 990 2050 maxime,
1002 1996 1096 2060 quem
1110 1995 1166 2069 per
1179 1973 1275 2037 octin-

207 2072 318 2145 gentos
338 2059 449 2146 viginti
463 2082 570 2139 annos,
585 2072 632 2125 tot
645 2059 812 2147 triumphis
824 2058 987 2137 coluimus,
1003 2058 1275 2139 te,Qu1rine,·Ro-

209 2168 311 2209 manae
330 2168 443 2232 parens
460 2146 557 2224 urbis,
572 2168 682 2233 precor
694 2168 897 2233 venerorque,
917 2158 964 2223 ut,
985 2143 1113 2207 sivobis
1133 2144 1275 2209 nonfuit

209 2231 304 2308 cordi,
316 2254 366 2295 me
375 2232 466 2305 Duce
476 2232 543 2298 haec
553 2244 652 2301 castra
665 2232 850 2318 inoonrupta
863 2245 895 2295 et
907 2230 1090 2295 intemerata
1103 2230 1227 2307 servari,
1242 2242 1276 2294 at

209 2330 292 2383 certe
310 2316 410 2405 pollui
426 2316 600 2407 foederique
617 2342 638 2385 a
658 2318 781 2385 Tutore
795 2329 829 2383 et
842 2316 978 2384 Classico
993 2340 1034 2381 ne
1051 2316 1167 2382 sinatis.
1210 2316 1275 2379 Mi.

211 2537 461 2584 mrsuncmoalmr:
494 2535 639 2586 uodfaetum
651 2551 664 2586 c
675 2552 729 2586 eam
758 2539 811 2586 orbe
821 2537 898 2601 friget,
909 2537 1041 2602 etglossam
1051 2535 1118 2600 sapit.
1136 2533 1228 2599 inspice
1235 2533 1277 2582 ni·

211 2601 323 2658 sauciare,
338 2609 366 2649 ut
381 2610 416 2649 est
431 2601 456 2648 in
497 2611 555 2665 .pr.'
570 2603 687 2667 ediditque
704 2605 729 2666 (e
760 2605 835 2661 vium,
846 2604 891 2651 Lc.
913 2603 985 2650 Eur.

212 2663 288 2725 But.)
306 2665 442 2714 Rhenanus.
466 2665 563 2714 -Getcrae
579 2676 632 2716 ante
648 2667 727 2716 Rbeu.
796 2670 882 2716 Tutm'
901 2663 1014 2726 rervm]
1034 2666 1089 2714 MS.
1107 2667 1171 2714 rur.
1187 2665 1224 2712 ei.
1239 2681 1277 2726 pr.

211 2743 275 2774 nunc
284 2731 396 2788 marma,
405 2730 493 2779 solenni
502 2731 527 2777 in
535 2731 579 2779 hac
588 2747 642 2779 voce
650 2748 728 2782 corru-
763 2735 881 2780 Tutorlar
890 2732 953 2794 quod
963 2733 990 2780 J.
998 2733 1101 2778 Gronov.
1108 2731 1159 2779 vult
1167 2745 1215 2778 esse
1226 2732 1277 2776 Ta-

211 2792 297 2854 latone
304 2793 336 2841 V.
346 2792 405 2840 adu.
417 2795 459 2840 65.
475 2793 506 2840 in
515 2795 551 2841 ed„
560 2804 638 2842 antem
649 2808 684 2857 pr.
694 2807 729 2842 est
761 2795 833 2844 torln'
845 2796 883 2843 vel
897 2797 983 2842 Talori
989 2809 1025 2842 oe.
1043 2795 1116 2843 Euri.
1138 2793 1200 2842 Bud.
1211 2800 1277 2859 tutor

211 2857 317 2904 tolerant
327 2856 418 2914 vitiose,
430 2867 453 2904 et
462 2859 611 2918 conjunctum
622 2873 676 2906 cum
686 2873 729 2905 an-
760 2864 788 2906 tn
805 2861 902 2917 treviro,
914 2860 1044 2919 sejunctim.
1069 2858 1164 2907 sedvel
1176 2859 1209 2907 sic
1223 2873 1278 2906 oon-

213 2918 376 2974 tccctlentibus.
399 2921 471 2969 Eun.
508 2921 570 2970 Mox
585 2921 648 2970 Bud.
667 2923 729 2972 male
758 2925 873 2985 jucturam
884 2923 997 2979 Gronovii
1005 2923 1089 2970 limus.

213 2983 278 3046 apud
289 2982 374 3034 veteres
386 2986 493 3046 legiones.
795 2990 846 3036 Per
864 2989 1007 3048 ortiregentor
1023 2988 1112 3048 viginti
1125 2987 1208 3049 aanor]
1220 2987 1278 3034 vid,

245 3047 664 3112 DonativoruffirltJImmo,rnfficlt.
676 3051 730 3099 Nu·
762 3052 793 3100 ad
810 3054 832 3110 l,
845 3052 867 3098 1.
889 3053 955 3113 cujus
967 3051 1015 3098 loci
1026 3050 1095 3097 lectio
1109 3049 1153 3098 hoc
1167 3051 1218 3114 ipso
1227 3052 1279 3098 looo
1298 3099 1303 3104 ,

212 3127 255 3174 per
265 3113 327 3160 euim
339 3113 475 3162 donativum
485 3125 625 3176 acceperant.
646 3117 729 3178 Supra.
762 3117 918 3164 confirmatur.
927 3114 1128 3164 sedcthicGnelf.
1141 3116 1248 3163 ducemur
1256 3122 1281 3162 rt

213 3177 289 3226 Iura.
317 3178 415 3242 Recepit
435 3186 496 3227 recte
515 3179 625 3227 Picbena.
656 3181 729 3228 Etru.
762 3183 828 3229 ΧΧ.
843 3182 917 3229 Env.
948 3180 1031 3243 longe
1041 3179 1196 3226 aliamtioest
1206 3180 1279 3241 hujus

213 3241 278 3290 Bud.
288 3244 381 3304 suffieit
517 3265 520 3269 ·
655 3265 659 3272 =
761 3243 1041 3301 lodetistiusexli.l‚l.
1054 3239 1281 3308 Respiceibinota'ta,

246 3307 311 3362 Sane
326 3321 369 3369 ego
383 3309 530 3372 displiceam]
555 3307 604 3357 Hic
616 3316 640 3356 ct
653 3309 678 3357 in
695 3325 731 3358 se·
794 3312 825 3358 Si
840 3311 901 3358 uobis
919 3325 966 3357 aon
976 3309 1031 3372 fuit
1048 3308 1122 3366 cordl]
1154 3308 1278 3357 Imitatum

213 3371 338 3434 cientibus
348 3381 402 3426 ante
412 3373 491 3422 nonos
501 3373 584 3422 habuit
598 3373 677 3422 locum
688 3373 732 3422 Ii·
761 3375 846 3422 darec
856 3373 926 3424 Livio
933 3376 959 3431 9,
966 3376 989 3420 ll
1010 3375 1064 3429 Vos,
1071 3372 1119 3420 Dii
1127 3374 1278 3432 inmortales,

213 3434 245 3486 vii
265 3435 289 3484 in
307 3436 350 3486 Or·
369 3435 398 3484 P.
411 3437 731 3502 Scipionispostseditionem
757 3453 851 3502 precor,
863 3437 1095 3500 quaeroquarlooblr
1102 3439 1280 3500 confosceras

214 3502 325 3553 exercitus
335 3501 360 3548 in
371 3501 496 3566 Hispania,
507 3503 548 3560 ass,
559 3505 598 3552 27.
621 3505 731 3565 Denique
763 3506 807 3566 Sp.
818 3505 971 3551 Postumiam
977 3517 1032 3548 cum
1039 3503 1186 3550 Samnitibus
1194 3504 1280 3549 &Ham

213 3579 258 3624 ego
278 3567 332 3626 ιίιιι,
354 3569 422 3631 cujus
442 3567 540 3628 imperii
559 3569 643 3615 tedere
664 3582 731 3615 exer-
759 3583 851 3630 gerere.
873 3567 971 3615 Tacitus
985 3565 1046 3614 infra
1061 3567 1100 3613 sl.
1135 3568 1167 3614 Id
1175 3568 1281 3630 sonasse

214 3633 289 3676 cltum
313 3640 359 3678 etc.
399 3631 499 3680 Precum
520 3629 625 3680 formula
646 3631 732 3680 omne
764 3634 830 3680 arreti
840 3634 907 3687 Diis,
918 3633 1280 3679 autumnitanorum.

214 3709 244 3748 ex
259 3693 306 3741 alio
320 3694 371 3744 loco
380 3703 467 3758 mmm,
483 3705 512 3744 nt
524 3695 620 3761 lipsius
634 3697 735 3745 monuit.
760 3713 818 3760 pem
827 3699 933 3745 electam
951 3696 1003 3743 Nec
1013 3695 1142 3759 quidquam
1152 3696 1191 3744 hic
1203 3698 1281 3760 scrupi

217 3757 290 3806 Ean·
335 3805 337 3810 ,
764 3770 808 3810 aut
822 3761 885 3810 nodi.
907 3760 1036 3809 Rhenanus
1051 3769 1129 3808 tamen
1142 3761 1175 3809 ait
1191 3761 1280 3809 inBu-

250 3824 364 3876 canturio
379 3825 476 3886 &nique
488 3833 531 3874 ant
545 3824 623 3888 miles]
643 3828 731 3875 Centu.
763 3826 871 3885 derisi,rl
880 3827 955 3884 cordi,
963 3824 1081 3887 nonlegir
1099 3841 1128 3873 ex
1136 3841 1184 3889 quo
1193 3826 1233 3874 ille
1240 3829 1280 3889 ju·

215 3889 297 3950 rioth
310 3895 354 3940 aar
367 3905 401 3937 m.
420 3889 477 3938 Ms.
490 3889 567 3938 Guelf.
585 3890 637 3938 eid.
652 3891 731 3940 ereo.
763 3889 982 3950 nmsmmdotri
993 3891 1055 3936 volis
1065 3892 1184 3954 norsum.-
1201 3891 1225 3938 ii
1235 3901 1279 3950 est,

216 3951 390 4018 (ολΒιιᾱ.),ιςᾳ.
402 3953 514 4016 usquead
525 3955 641 4018 hipsium.
658 3956 732 4004 Etru.
763 3956 838 4014 licuit,
848 3954 1099 4018 inquietionem
1115 3957 1190 4013 Bene,
1197 3956 1279 4015 Beate,

214 4017 265 4075 Qui
271 4017 393 4066 lectionem
401 4028 501 4066 veterem
511 4019 618 4081 restituit,
629 4034 700 4084 quam
709 4029 732 4068 et
764 4020 878 4068 Manibus
887 4020 934 4066 tuis
943 4019 990 4075 sit3
1006 4033 1063 4066 nam
1072 4021 1173 4082 perjuria
1183 4021 1233 4068 hec
1241 4019 1281 4065 lit·

216 4081 308 4138 Puteal.
319 4090 343 4131 et
352 4083 407 4132 Alc.
418 4083 512 4131 hebent.
764 4093 900 4141 terutomm,
910 4083 996 4146 pariter
1004 4099 1032 4130 ac
1040 4085 1180 4143 ammtium,
1191 4092 1218 4130 ut
1228 4099 1280 4145 spe-

248 4147 291 4193 Ne
301 4148 343 4194 lane
350 4149 490 4210 prodigium
498 4155 545 4196 tolo
553 4156 673 4198 terrarum
683 4151 732 4198 orl».
764 4164 800 4208 ro,
809 4148 872 4197 venti
878 4148 993 4197 auferunt
1001 4149 1076 4197 lues.
1089 4150 1212 4212 Perpetem
1220 4161 1279 4209 quo-

215 4209 248 4272 n]
264 4210 410 4273 Frigettoto.
444 4211 505 4262 Puto
516 4213 626 4262 Tacitum
642 4214 732 4263 dedisse
764 4211 976 4276 quatriennium
986 4215 1132 4262 omissionem
1143 4210 1206 4258 But.
1217 4210 1281 4257 codi-

217 4281 319 4332 tantum,
331 4289 377 4324 non
388 4277 559 4337 adverbialiter,
571 4288 598 4326 nt
613 4279 732 4328 Broterius
764 4279 797 4325 cis
807 4286 893 4338 tuetur,
905 4277 975 4324 babet
985 4279 1047 4326 enim
1057 4278 1157 4332 amori,
1172 4282 1199 4321 ot
1211 4277 1279 4322 Cloe·

215 4341 320 4402 puniat,
337 4341 377 4391 sed
399 4351 425 4389 ut
447 4341 477 4388 ad
495 4343 628 4406 prodigium
649 4343 731 4392 rcfem-
764 4345 813 4390 sico
830 4358 859 4389 oe
876 4343 968 4397 cirratis,
990 4341 1031 4388 sed
1046 4350 1118 4405 patet,
1129 4341 1159 4387 ab
1175 4346 1200 4385 at
1215 4337 1244 4385 ad
1256 4344 1280 4386 rt

216 4413 270 4452 rurr
287 4419 431 4470 quamquam
442 4414 517 4456 tunm
527 4408 571 4458 hoc
581 4415 599 4456 t.
610 4415 731 4457 remoram
763 4408 896 4457 tnusilfiase
905 4405 1033 4456 librarium
