3059 4975
385 253 442 310 DE
464 240 654 311 MORIBUS
676 244 926 305 GERMANIAE.
957 243 1045 302 cnP.
1068 247 1114 304 lt.
1225 242 1286 304 367
1350 288 1355 292 .

222 418 336 504 cuique
349 439 388 481 ex
402 413 535 490 familie3
558 412 617 499 ipsi
629 411 763 482 hebent;
786 408 866 474 mira
877 407 1057 472 diversitate
1070 418 1203 484 nutum,
1216 429 1291 470 cum

224 503 319 567 iidem
332 501 471 567 homines
491 500 534 564 sic
551 511 655 562 ament
674 495 817 560 inertiam
837 508 869 559 et
889 491 1010 558 oderint
1025 493 1171 579 quietem.
1215 493 1292 556 Mos

226 602 273 654 est
290 587 477 662 civitatibus,
500 583 584 648 ultro
603 605 638 646 ac
652 581 769 646 viritim
787 580 928 645 conferre
949 579 1160 666 Principibus,
1174 577 1225 641 vel
1243 601 1292 642 ur-

226 688 413 751 menterum,
428 670 478 735 vel
492 671 633 756 frugum,
668 666 732 731 uod
746 689 805 752 pro
814 666 932 730 honore
944 679 1117 752 acceptum,
1133 663 1226 728 etium
1239 687 1294 727 ne·

226 760 418 827 cessitatibus
439 755 594 821 subvenit.
684 752 802 818 audent
820 751 977 838 praecipue
991 751 1195 815 finitimamm
1218 770 1295 838 gen-

225 847 304 911 tium
319 845 419 922 donis,
434 865 507 929 quae
521 863 585 904 nou
601 838 695 904 modo
710 862 729 902 a
743 832 884 923 siugulis,
904 835 958 901 sed
969 836 1093 924 publice
1105 837 1293 901 mittuntur:

173 967 175 974 ·
227 932 315 996 electi
329 930 412 1018 equi,
428 949 542 1076 magna
552 947 647 1003 arma,
662 923 810 1011 phalerae,
824 936 1022 1010 torquesque.
1066 927 1090 987 J
1091 946 1142 988 em
1156 935 1189 988 et
1202 945 1306 1018 pecu-n

227 1019 311 1082 niem
325 1017 462 1102 accipere
498 1012 648 1077 ocuimus.

274 1103 374 1168 XVI.
408 1099 520 1165 Nullas
543 1099 775 1164 Germanorum
795 1095 920 1183 populis
941 1097 1037 1163 nrbes
1054 1095 1198 1173 babituri,
1223 1095 1298 1158 setis

229 1203 339 1252 notum
359 1199 421 1250 est:
449 1208 488 1249 ne
506 1184 572 1272 pati
589 1182 716 1270 quidem
735 1181 816 1246 inter
836 1206 870 1246 se
886 1183 1013 1268 junctus
1033 1180 1129 1246 sedes.
1178 1179 1297 1244 Colunt

230 1274 354 1338 discreti
368 1295 404 1337 ac
417 1271 541 1349 diversi,
553 1281 590 1334 ut
604 1269 684 1346 fons,
696 1281 734 1332 ut
747 1291 888 1355 campus,
900 1280 937 1333 ut
951 1291 1060 1333 nemus
1074 1265 1200 1355 placuit.
1237 1265 1297 1331 Vi-

230 1383 282 1424 oos
296 1359 409 1436 locant,
426 1379 489 1421 non
507 1357 539 1419 in
554 1367 696 1419 nostrum
718 1377 847 1432 morem,
861 1355 1011 1419 connexis
1024 1367 1056 1418 et
1070 1351 1299 1418 coherentibus

231 1444 383 1510 edificiis:
414 1465 502 1507 suam
524 1441 657 1528 quisque
679 1438 809 1504 domum
832 1441 932 1526 spatio
952 1439 1134 1515 circumdat,
1157 1439 1221 1502 sive
1242 1438 1299 1501 ad·

230 1554 338 1594 versus
352 1552 441 1594 casus
454 1527 536 1615 ignis
550 1525 734 1604 remedium,
745 1526 809 1590 sive
823 1525 944 1591 inscitia
957 1524 1139 1590 aedificandi.
1177 1524 1230 1589 Ne
1241 1546 1299 1586 cae-

259 1693 317 1817 l{lust
327 1743 424 1789 hebent.-
441 1740 517 1815 mire]
536 1739 647 1802 Expressi
658 1741 751 1790 Parnes.
784 1740 916 1787 dituncnoe.
943 1732 1052 1786 AElieniu
1065 1738 1102 1786 ll.
1119 1699 1234 1787 necuim.
1248 1740 1301 1786 Tot.

233 1815 381 1920 attint
396 1814 752 1932 tii.ti‚¹¹3.5.-²utt²b.tt
784 1821 835 1913 tt
848 1803 1021 1921 bittit
1038 1802 1301 1919 battitiis:

235 1936 403 1983 diversitatem.
427 1934 503 1981 lites.
536 1932 627 1980 Eadem
642 1935 754 1996 scriptura
787 1947 852 1991 nanu,
862 1929 956 1978 titiano,
967 1938 1011 1978 ezir
1022 1936 1082 1993 Ιιρῶι
1088 1931 1208 1994 χρημάτων
1218 1931 1302 1993 λάθρα.

234 1999 286 2048 eod.
297 1999 377 2062 Kapp.
390 2001 421 2062 (s.
434 1997 470 2044 ed.
480 1996 574 2058 Norib.)
580 1999 629 2058 jem
641 1999 754 2062 proditae
786 1994 855 2043 Idem
865 1995 895 2043 de
910 1995 1004 2043 animai.
1021 1999 1045 2055 5,
1057 1995 1096 2043 13.
1113 1996 1131 2040 εἰ
1141 1994 1163 2040 ii
1176 1995 1231 2059 αὐτῇ
1241 1996 1302 2057 παρὰ

236 2064 358 2122 Rhenanis,
370 2064 411 2127 qui
421 2071 556 2110 tamennon
566 2061 660 2110 induxit
667 2063 692 2110 in
703 2072 755 2112 tex.
788 2059 850 2121 δόξαν
859 2060 940 2119 γίνοιτο
950 2062 976 2107 τὸ
984 2064 1022 2107 τοῦ
1030 2060 1162 2118 uiuiparos,
1170 2059 1219 2115 ’ὄψει
1227 2060 1303 2119 φέροι·

236 2139 295 2176 tum.
328 2128 373 2174 Ed.
393 2127 452 2190 spir.
470 2128 516 2188 ipsi
532 2127 615 2174 habeut
627 2130 690 2175 miro
706 2127 753 2174 div.
788 2139 829 2169 cuv
837 2125 899 2170 λίθοι
907 2124 1004 2176 ἑκάστην
1013 2124 1084 2189 ἄκροις
1093 2125 1140 2175 τοῖς
1147 2123 1219 2170 ποσίν.
1233 2122 1304 2185 Apu.

237 2191 646 2240 undePuteol.feeitbabentmiram
655 2194 754 2240 diversi·
786 2187 845 2236 leius
861 2189 904 2236 lib.
915 2191 939 2236 5.
954 2197 1010 2235 met.
1039 2189 1081 2236 Sic
1092 2188 1133 2233 ille
1142 2201 1208 2234 πονιτ
1223 2195 1304 2249 uuptae

236 2265 315 2305 tutem.
348 2257 387 2305 Ite
398 2271 459 2305 unus
473 2271 534 2304 error
549 2256 638 2320 peperit
648 2257 754 2305 alterum.
782 2256 892 2314 precibus
903 2255 996 2300 veniam
1006 2253 1099 2306 tribuit,
1110 2258 1134 2299 et
1143 2255 1240 2314 insuper
1250 2255 1304 2314 qui-

236 2323 484 2379 meermannianam,
499 2330 535 2368 est
548 2322 614 2384 quasi
624 2335 755 2384 repugnan-
787 2320 928 2380 iussumque
937 2320 1002 2366 uellet
1012 2333 1051 2366 eus
1061 2319 1118 2364 asuri
1133 2318 1171 2364 uel
1179 2319 1305 2364 monilium

238 2389 286 2435 tie:
304 2402 359 2434 nem
367 2387 460 2433 diversa
467 2401 504 2450 up
514 2385 624 2433 Tacitum
631 2401 692 2448 saepe
700 2399 755 2433 oon·
787 2384 873 2430 donare
879 2385 996 2430 concessit.
1009 2382 1065 2444 Ipse
1070 2381 1167 2430 Tacitus
1172 2381 1206 2428 A.
1215 2384 1254 2441 lo,
1263 2382 1304 2429 53.

237 2452 312 2501 traria.
339 2451 409 2500 Eun.
440 2449 486 2499 Ed.
505 2449 575 2499 Rom.
598 2465 691 2515 quoque
708 2451 754 2513 ipsi
791 2447 927 2497 Tribuuiet
938 2449 1121 2498 Centurionesct
1131 2453 1305 2496 ceterorumve

237 2519 321 2565 hebent
332 2520 394 2563 mira
405 2517 463 2562 un.
504 2525 506 2529 '
786 2515 883 2575 quisque
892 2515 1010 2561 audentiae
1020 2515 1144 2570 habuisset,
1156 2519 1306 2560 accurrerent

274 2582 344 2630 Ultro
354 2596 382 2628 uc
396 2582 488 2629 viuum
499 2580 616 2645 cunserrc]
637 2578 754 2628 Imminu-
787 2580 984 2641 trucidassetque.
1001 2579 1092 2627 Gueu.
1114 2577 1187 2625 liber
1193 2577 1234 2625 ille
1240 2578 1307 2626 une.

237 2656 288 2695 tum
305 2645 384 2693 locum
400 2661 455 2704 esse,
467 2660 503 2693 res
519 2653 543 2691 et
558 2660 633 2693 sermo
646 2645 695 2708 ipse
707 2644 755 2692 cln-
788 2643 851 2703 neni,
863 2658 932 2706 quem
948 2643 1061 2706 Artolphi
1077 2642 1128 2691 cod·
1139 2651 1214 2701 vocet,
1226 2651 1260 2690 est
1275 2643 1304 2703 is,

238 2719 310 2759 ment.
327 2710 454 2757 Rhenanus
466 2724 495 2756 ex
510 2709 621 2771 vestigiis,
632 2720 659 2757 ut
674 2709 715 2769 eit,
726 2708 755 2755 li-
788 2706 1003 2771 quemegoKupp.
1014 2707 1101 2755 vocavi.
1131 2706 1216 2754 Inhoc
1227 2714 1306 2755 eutem

238 2776 283 2833 bri,
299 2775 363 2820 ultro
379 2776 494 2833 equitium
510 2774 625 2835 conferre.
660 2774 694 2820 Et
710 2772 756 2819 scio
789 2771 903 2833 explo,
912 2772 1001 2819 mundo
1011 2771 1053 2818 illo
1063 2784 1086 2818 et
1096 2772 1155 2818 bene
1165 2780 1308 2830 conservato,

240 2853 319 2885 vocem
343 2837 424 2899 equitii
452 2838 557 2900 probem,
581 2834 757 2883 Jurisoonsultis
788 2849 835 2881 non
847 2843 918 2882 estuc
928 2837 1018 2881 virium
1029 2835 1069 2883 sed
1079 2838 1227 2898 «injurium.-
1244 2835 1307 2899 quod

242 2908 392 2963 usurpatam:
411 2908 434 2946 et
448 2914 536 2947 morem
547 2900 625 2963 ipsum
635 2899 660 2946 in
670 2900 757 2946 Arme·
789 2899 881 2946 estsine
890 2898 962 2946 dubio
971 2902 1183 2949 uetnmeuiritinu
1217 2901 1308 2948 Inuum

240 2965 285 3013 niis
305 2964 376 3012 etiem
391 2963 526 3022 obtinuisse,
546 2964 587 3026 qui
608 2978 680 3027 equos
696 2963 758 3025 Regi
790 2962 925 3025 corruptele
934 2962 989 3010 feeit
1004 2963 1102 3011 inversio
1111 2965 1194 3026 prime
1202 2964 1308 3039 cyliniae,

241 3030 333 3077 alebant
347 3029 372 3075 in
388 3030 508 3077 tributum.
542 3028 673 3092 Xenophon
684 3028 709 3075 id
720 3042 758 3075 me
791 3042 839 3091 que
847 3027 882 3073 nil
892 3027 1034 3090 frequentius
1045 3035 1080 3075 est
1087 3027 1112 3075 in
1123 3028 1176 3075 edd.
1184 3030 1272 3090 puetis,
1280 3038 1310 3076 ut

240 3094 318 3142 decuit
329 3096 352 3151 4,
365 3095 387 3139 5.
414 3092 452 3141 De
468 3092 613 3155 expeditione
626 3092 690 3155 Gyri.
721 3092 758 3140 At
792 3092 939 3155 sepecxed.
950 3092 1028 3139 Taciti
1035 3092 1223 3154 primuindiecvi.
1236 3092 1308 3140 Eun.

240 3174 270 3207 ne
280 3159 313 3206 sic
326 3158 420 3223 quidem
437 3157 639 3221 pendentieverba
653 3157 759 3204 finnuve·
792 3156 840 3205 nd.
850 3157 921 3204 Rom.
933 3155 988 3204 Put
1000 3155 1078 3205 Rhen.
1095 3172 1124 3203 uc
1134 3158 1235 3204 viritim.
1259 3157 1309 3207 Ed.

242 3225 280 3282 ris,
298 3238 351 3287 quae
367 3230 501 3285 sequuntur.
534 3223 576 3270 An
592 3222 706 3286 equitium
722 3236 759 3269 ιιι-
793 3222 900 3270 Norimb.
917 3236 945 3268 uc
956 3224 1061 3285 jurium.
1095 3222 1195 3269 Notum
1210 3221 1311 3271 sibihuc

241 3296 372 3335 mentorum
390 3284 470 3335 dices?
494 3300 524 3333 en
538 3286 651 3350 frugum?
674 3286 760 3334 ridicu·
792 3285 870 3333 Rhen.
886 3286 911 3333 in
929 3287 1034 3350 margine
1050 3286 1104 3334 libri
1119 3286 1164 3345 sui,
1180 3301 1261 3335 verum
1276 3287 1311 3335 its

241 3353 308 3400 ium:
326 3351 385 3399 mibi
399 3360 454 3399 notu
469 3350 579 3399 excidisse
593 3352 714 3399 videbatur
724 3350 759 3410 X,
792 3349 882 3412 supine,
894 3359 928 3410 ιιι,
937 3366 1011 3413 quum
1022 3351 1053 3399 ud
1061 3351 1189 3399 uerendum
1201 3350 1310 3399 Tacitum

241 3418 415 3481 qundecimem
422 3414 706 3479 signiicctveldecimns:
716 3415 760 3463 sio
792 3430 872 3463 rursus
884 3416 999 3463 eooedcret
1014 3431 1043 3463 ex
1057 3416 1139 3464 litteris
1155 3417 1310 3463 evenesmi·

241 3492 268 3530 ut
278 3482 359 3530 eudem
376 3480 493 3544 ςειιιίιιιιιιι
506 3480 558 3529 XX
573 3481 716 3545 vigesimum,
735 3480 761 3527 in
793 3481 837 3527 bue
848 3480 990 3543 exsculperet
1000 3495 1027 3527 oc
1038 3482 1127 3528 virium
1137 3480 1175 3529 vel
1184 3482 1310 3543 mitium,

242 3546 358 3609 lapidibus
373 3560 449 3607 supe:
467 3543 599 3608 scribesque
612 3560 665 3593 meo
676 3560 760 3602 sensu3
793 3544 857 3592 unde
873 3544 996 3592 somniavit
1011 3547 1134 3607 equitium.
1162 3545 1266 3594 Servuvit
1276 3556 1313 3595 tu-

243 3612 485 3659 ultroecviritimX
493 3612 604 3673 sufferre.
632 3609 699 3668 Quin
709 3624 761 3658 mos
794 3608 884 3669 meniu
892 3612 1100 3658 textuuevirits'm.
1115 3609 1313 3673 Bip.indeieeere

243 3675 337 3739 quidem
356 3674 396 3722 ille
410 3674 480 3723 etium
496 3673 565 3722 hodie
580 3674 683 3723 obtineat
698 3674 761 3737 apud
794 3676 935 3721 auctarium.
962 3672 1313 3738 Mihilnpsnsverumvidiue

243 3739 372 3803 plerosque,
386 3739 416 3786 de
426 3739 567 3787 conferendis
577 3738 762 3787 decimisinno-
794 3737 893 3798 videtur,
909 3738 973 3803 quod
997 3750 1021 3787 et
1043 3738 1160 3787 Groslotio
1179 3740 1313 3803 plueuit¹et

242 3802 338 3851 bilitatis
354 3818 432 3863 usum,
447 3804 526 3879 negari
539 3818 587 3851 uon
603 3811 685 3867 potest.
717 3802 762 3851 vel
795 3802 872 3851 Rheu.
900 3803 1019 3865 expressit,
1046 3803 1146 3867 pendere
1166 3805 1279 3867 genitivos
1298 3822 1313 3854 ιι

243 3868 413 3931 explementum
423 3882 510 3930 possis:
530 3871 567 3915 uel
574 3869 691 3931 frugum,
703 3868 764 3929 quod
795 3868 931 3929 pronomine
941 3869 1010 3930 quod,
1019 3868 1081 3916 uude
1091 3867 1220 3918 tollmdnm
1230 3870 1313 3919 dietin-

240 3947 295 3994 pro.
318 3930 394 3980 lues.
426 3931 533 3980 Brevites
549 3933 626 3981 Taciti
641 3932 763 3997 haudque·
795 3931 878 3980 odonis
887 3933 981 3993 majoris
991 3932 1092 3996 signum.
1184 3931 1187 3937 '

244 4012 316 4059 quem
328 3994 476 4044 sollicitandu-
508 3996 577 4043 Telis
589 3998 763 4047 sunthrronis
829 3998 977 4061 ningues]
987 3997 1121 4046 Perizonius
1128 3998 1312 4063 praepositionem

244 4062 309 4108 itit
321 4062 346 4119 ³,
361 4062 397 4109 16.
410 4062 438 4109 si
448 4075 477 4108 eu
485 4061 539 4109 alvo
546 4063 765 4125 nuuuesrequeuter
797 4061 922 4110 odeletem
930 4062 1030 4121 volebat,
1040 4070 1069 4111 ut
1078 4063 1183 4111 dativum
1192 4062 1284 4110 habeus.

245 4126 764 4189 cvuduutuosubeidituliquepnrmuffumi·
830 4127 878 4174 Sed
881 4128 988 4191 publice]
999 4127 1054 4176 MS.
1062 4128 1117 4175 Art
1128 4126 1178 4173 oud.
1190 4125 1229 4173 Ks
1245 4142 1269 4191 p.
1282 4129 1313 4193 (s.

243 4191 380 4249 gundumet
385 4204 462 4253 prope
468 4194 630 4253 opperiendum
639 4193 692 4239 neue
702 4193 764 4239 obu-
797 4191 833 4240 ed.
845 4190 916 4253 Nor.)
927 4193 1007 4241 sedet.
1023 4193 1095 4240 Eun.
1127 4189 1167 4237 Sic
1177 4190 1212 4238 ed,
1224 4142 1296 4240 boin.

246 4256 307 4301 tium
323 4256 456 4313 herborum,
474 4258 577 4304 muuime
593 4258 725 4320 apiastrum
741 4263 764 4303 et
824 4258 919 4305 Noun
929 4255 1226 4322 nmoranlbiMrund.
1234 4264 1315 4306 nostro

245 4318 361 4378 thymum.
402 4320 435 4368 Et
450 4320 543 4369 Horatii
559 4322 706 4381 Serm.2‚6,
723 4320 764 4369 83.
796 4336 867 4372 utere.
883 4322 954 4372 Elin.

245 4384 563 4447 nequilltsnouuctceru,
570 4386 763 4447 netoigutnvt-
