3059 4975
233 248 275 307 ao
619 238 925 302 Hisnoamnun
1128 246 1176 319 [s.
1190 260 1220 303 u.
1234 246 1302 305 sm.
1350 231 1354 237 ’

230 408 366 476 libertas.
410 407 458 473 Et
470 406 594 493 privato
607 406 727 473 Othoni
739 418 851 493 nuper,
861 416 957 495 atque
970 404 1083 475 eadem
1088 404 1214 486 dicenti,
1228 420 1302 473 nota

230 494 379 561 adulatio.
401 492 529 580 ·Igitur
544 494 668 557 versare
688 492 865 569 sententias,
889 506 921 557 et
942 493 1005 558 huc
1026 508 1121 579 atque
1141 490 1215 557 illuc
1238 504 1301 559 tor·

253 604 339 660 uere,
362 587 383 619 “
404 580 526 644 hostem
547 594 580 645 et
600 578 804 666 parricidam”
825 576 986 644 Vitellium
1007 590 1168 643 vocantes:
1197 578 1301 665 provi-

271 665 429 731 ntissimus
439 664 574 753 quisque
584 664 767 751 vulgaribus
780 663 943 741 conviciis3
959 664 1089 751 quidam
1100 687 1174 728 vera
1184 664 1301 751 probra

227 752 344 839 jacere,
359 752 392 815 in
405 751 540 817 clamore
553 764 668 830 tamen,
688 764 721 815 et
737 748 793 814 ubi
809 748 954 837 plurima
967 774 1068 831 voces,
1085 762 1141 815 aut
1160 748 1301 815 tumultu

229 838 397 903 verborum
411 838 470 903 sibi
483 837 494 900 i
517 837 776 936 siobstrepentes.

272 924 476 990 LXXXVI.
527 922 648 1010 rodigio
660 944 788 1021 insuper
801 923 969 1002 terrebant,
981 920 1110 989 diversis
1122 922 1300 987 auctoribus

229 1010 369 1097 vulgata.
413 1016 436 1049 “
448 1009 488 1074 In
502 1008 657 1074 vestibulo
676 1010 813 1096 capitolii
833 1008 959 1075 omissas
979 1008 1116 1074 habenas
1135 1008 1230 1095 bigae,
1246 1008 1298 1073 cui

230 1095 367 1161 Victoria
379 1095 551 1162 institerat:
574 1094 711 1183 erupisse
731 1095 809 1161 cella
829 1098 853 1161 J
854 1094 967 1160 unonis
989 1094 1140 1182 majorem
1161 1094 1298 1161 humana

228 1180 380 1269 speciem:
401 1195 537 1248 statuam
550 1182 594 1249 D.
609 1183 632 1246 J
635 1181 690 1247 ulii
703 1180 736 1244 in
749 1180 852 1247 insula
863 1180 1006 1245 'liberini
1019 1180 1130 1260 amnis,
1145 1203 1252 1245 sereno
1267 1193 1303 1247 et.

228 1267 348 1333 inmoto
361 1268 423 1347 die,
438 1268 478 1331 ab
486 1266 655 1332 Occidente
662 1267 694 1331 in
705 1267 869 1332 Orientem
878 1289 1075 1332 conversam:
1099 1266 1303 1354 prolocutum

227 1352 262 1417 in
276 1354 406 1419 Etruria
418 1353 548 1418 bovemt
570 1352 709 1419 insolitos
721 1352 902 1419 animalium
913 1367 1022 1441 partus
1030 1353 1059 1417 :”
1080 1365 1112 1415 et
1124 1350 1294 1439 plumalis,

227 1439 361 1504 rudibus
375 1438 495 1504 saculis
508 1437 602 1503 etiam
621 1439 655 1505 in
668 1462 745 1527 pace
758 1440 931 1518 observata,
944 1462 1016 1526 quoe
1029 1460 1113 1503 nunc
1126 1450 1249 1502 tantum
1263 1438 1304 1503 in.

227 1538 315 1589 metu
329 1525 510 1591 audiuntur.
534 1524 599 1589 Sed
612 1523 790 1623 praecipuns
803 1540 836 1591 et
849 1548 921 1591 cum
934 1524 1080 1614 praesenti
1093 1524 1188 1590 exitio
1202 1522 1302 1589 etiam,

227 1609 329 1675 futuri
342 1633 451 1698 pavor,
466 1609 570 1675 subita
583 1611 786 1678 inundatione
801 1611 942 1675 Tiberis:
964 1610 1020 1699 qui
1034 1611 1173 1676 inmenso
1187 1624 1301 1693 auctu,

226 1710 359 1785 proruto
373 1711 469 1785 ponte
482 1696 622 1776 sublicio,
638 1722 674 1763 ac
692 1710 796 1783 strage
808 1697 959 1762 obstantis
976 1694 1066 1761 molis
1083 1696 1216 1773 refusus,
1231 1718 1303 1759 non.

227 1781 322 1847 modo
333 1782 470 1881 jacentia
478 1795 510 1849 et
523 1781 617 1869 plana
628 1782 715 1850 urbis
726 1782 807 1862 loca,
819 1781 873 1847 sed
884 1805 992 1848 secura
999 1781 1154 1870 ejusmodi
1165 1804 1295 1847 casuum

226 1867 261 1932 in
282 1867 368 1933 levit.
411 1868 543 1957 Raptie
561 1870 687 1955 publico
703 1868 855 1956 plerique,
870 1867 976 1955 plures
994 1867 1028 1931 in
1044 1867 1181 1933 tabernis
1195 1880 1227 1933 et
1240 1892 1294 1933 cu-

225 1954 256 2019 b‘
272 1954 342 2019 'bus
354 1954 524 2044 intercepti.
556 1956 670 2021 Fames
677 1954 711 2019 in
721 1952 847 2040 vulgus,
858 1949 964 2042 inopia
972 1966 1111 2043 quaestus
1119 1966 1151 2019 et
1163 1954 1295 2041 penuria

225 2039 455 2106 alimentorum.
488 2042 652 2129 conrupta
665 2039 881 2127 stagnantibus
894 2040 984 2127 aquis
996 2039 1295 2106 insularumfunda-

224 2140 341 2206 menta,
353 2126 437 2205 dein,
448 2140 603 2191 remeante
609 2126 749 2204 flumine,
760 2125 888 2213 dilapsa.
911 2128 1022 2215 thue
1032 2125 1167 2224 primum
1177 2148 1295 2192 vacuus

224 2234 246 2275 a
259 2212 398 2298 periculo
411 2213 534 2277 animus
545 2212 619 2290 fuit,
637 2211 672 2276 id
689 2212 804 2298 ipsum,
820 2212 907 2297 quod
921 2224 1049 2311 paranti
1065 2210 1294 2309 expeditionem

225 2298 356 2376 Othoni,
377 2320 507 2385 campus
521 2298 660 2362 Martius
676 2311 709 2362 et
724 2298 777 2363 via
796 2298 951 2365 Flaminia
967 2299 1027 2364 iter
1045 2294 1120 2363 belli
1136 2307 1215 2363 esset
1235 2298 1293 2363 ob·

255 2560 337 2622 Atque
350 2562 430 2609 odem
444 2562 541 2622 dissuti,
556 2570 612 2611 sota
626 2561 742 2630 danao]
774 2564 895 2630 religiones
910 2571 934 2612 et
949 2571 1052 2613 monstra
1063 2565 1182 2629 observare
1194 2571 1235 2614 aut
1247 2564 1293 2612 iin-

223 2623 385 2674 EVstioita
398 2626 551 2685 restimimus,
567 2641 622 2676 voce
637 2642 686 2675 uns
700 2629 743 2676 ad-
774 2645 835 2693 gere.
868 2628 1011 2677 Claudianus
1032 2631 1143 2694 apposite,
1166 2631 1206 2680 De
1231 2633 1292 2682 bello

222 2688 281 2748 dits,
293 2690 398 2738 etaltera
408 2698 504 2739 mum
528 2689 645 2752 Difficilis,
655 2691 742 2757 inquit,
775 2694 857 2742 Getico
872 2694 928 2750 227.
964 2695 1042 2755 thue
1056 2702 1092 2743 est
1106 2697 1244 2761 ingenioque
1259 2691 1300 2746 10ss

221 2753 249 2802 in
259 2755 347 2803 Smsur
360 2769 439 2803 mum
449 2755 558 2803 omnium
568 2755 660 2811 modus.
693 2757 742 2806 'rs-
775 2760 1058 2822 quamplurimam
1066 2761 1210 2810 Permissa,
1216 2765 1293 2810 eredi-

222 2822 304 2894 aaa?
326 2819 444 2888 silendum
459 2835 502 2883 pro
517 2821 662 2869 contumacis
675 2831 741 2870 essct
774 2837 819 2886 qur
825 2826 913 2872 timore
924 2828 1164 2889 nuacsomaiooulgo
1172 2829 1292 2884 Nanori,

222 2881 318 2932 Dromos
327 2883 399 2932 libus
410 2891 434 2932 et
447 2887 569 2934 mesi
584 2885 659 2934 invisa
672 2886 742 2934 liber-
775 2895 833 2936 tsmc
847 2895 952 2937 morsrtro
966 2892 1055 2950 mma,
1070 2895 1218 2957 nuntiusque
1232 2895 1293 2940 sini-

222 2954 265 2996 tss.
296 2947 340 2996 Ad
355 2948 455 3012 gratiam
470 2951 607 3014 loquetae?
623 2951 743 3000 nonface-
774 2955 827 3001 erra
860 2953 1006 3018 Propiusque
1015 2955 1046 3003 ad
1056 2955 1167 3006 'l'acimm
1178 2961 1234 3010 289.
1256 2964 1302 3010 Et-

221 3027 259 3062 ras
278 3012 365 3062 fidon:
387 3014 443 3077 quia
456 3015 561 3078 privatis
575 3029 651 3078 nuper
667 3015 742 3077 Otho,
774 3021 797 3066 ri
808 3019 870 3079 qaod
877 3019 984 3081 sonasse
995 3021 1060 3082 quies
1072 3023 1291 3086 negleceratomeu,

221 3077 310 3141 puitus
322 3078 406 3127 lurum
421 3080 508 3127 artium
523 3086 547 3126 ct
561 3077 645 3127 iisdem
660 3079 742 3128 adula-
775 3081 852 3130 Addit
862 3097 921 3130 curo
931 3086 1004 3132 nocis.
1022 3083 1099 3134 ers.

220 3142 323 3191 tionibus
332 3142 451 3192 audeus
469 3142 544 3192 Lus.
571 3142 742 3191 memsa-
806 3149 891 3196 Etiom
899 3147 987 3210 futuri
997 3150 1087 3218 ponor]
1104 3150 1213 3215 Isenim,
1224 3166 1252 3206 ut
1260 3158 1298 3206 ait*

221 3207 275 3254 dem
288 3207 381 3254 decadi
390 3208 514 3255 adulatio's
530 3206 566 3255 cd.
583 3222 620 3272 pr.
636 3209 741 3256 dicenda.
773 3210 865 3260 Plinius
873 3213 897 3273 3,
910 3213 933 3260 b.
945 3212 992 3274 (9.)
1002 3221 1065 3264 vato
1075 3219 1241 3279 quodamnodo
1254 3225 1292 3268 in-

220 3268 295 3330 Quod
310 3271 406 3335 Is‘psius
419 3271 491 3331 dedit,
505 3279 541 3320 est
553 3280 578 3320 ct
590 3271 616 3320 in
632 3271 695 3321 nor.
706 3277 741 3329 (et
771 3278 890 3339 anigitur
905 3292 934 3325 oc
945 3273 1058 3342 monitor,
1068 3289 1141 3332 suctu
1153 3299 1243 3348 semper
1253 3302 1291 3334 re-

220 3335 294 3399 Agr.)
309 3336 381 3384 Ean.
398 3335 464 3384 Bnd.
476 3337 539 3385 male
553 3337 633 3385 udam
647 3339 742 3386 dandi
773 3343 876 3403 agium
892 3343 968 3391 Inrs.

219 3409 285 3449 m
803 3408 926 3468 prompto
936 3413 1009 3469 poste
1023 3409 1131 3478 eduen]
1148 3413 1204 3463 Sine
1219 3414 1290 3464 dubio

252 3465 307 3514 Ast
317 3467 423 3515 maists
433 3465 568 3534 veriorum]
578 3466 740 3518 Mssuuett
773 3467 870 3520 Tacitus
879 3469 979 3535 scripsit,
985 3481 1095 3536 prototo
1102 3479 1194 3527 (inor.
1210 3480 1290 3528 Veris-

220 3528 281 3594 Agr.
292 3531 330 3579 ed.
344 3547 380 3595 pr.
391 3533 525 3590 tumultur,-
535 3532 612 3580 males
624 3548 667 3581 sna
676 3533 739 3598 ipso-
771 3535 836 3584 sime.
864 3537 1038 3600 Nccproropto
1048 3539 1073 3586 in
1083 3540 1125 3588 tali
1135 3543 1291 3593 evidentisss-

220 3595 443 3644 rumvociforstione
454 3595 500 3644 oni
511 3599 681 3659 obstrepebant,
692 3613 739 3646 non
771 3599 877 3648 rendum.
919 3599 980 3649 Mox
991 3609 1013 3650 et
1021 3605 1135 3654 cubilibus
1146 3608 1214 3655 etiam
1227 3608 1289 3657 rior.

220 3657 304 3707 adens.
316 3659 387 3708 Ena.
404 3661 470 3709 Bud.
480 3668 504 3708 et
515 3661 568 3709 edd.
580 3662 671 3710 Puteol.
682 3663 738 3710 Ber.
773 3663 851 3712 Gueli.
863 3663 951 3729 (Bud.)
964 3667 1030 3715 Male
1041 3668 1094 3716 edd.
1104 3678 1158 3719 ante
1165 3672 1242 3720 Rhen.
1253 3687 1291 3722 er.

221 3721 299 3770 ahu.
312 3726 425 3773 tumultu.
458 3726 554 3774 Grotius
567 3726 658 3776 volebat
671 3733 741 3796 sado
772 3729 844 3779 Ena.
861 3729 948 3778 Darios
958 3731 988 3779 ad
999 3731 1057 3780 Ores.
1069 3733 1100 3782 B.
1112 3735 1143 3784 G.
1151 3737 1176 3799 a,
1188 3737 1227 3785 26.
1239 3745 1290 3786 tue-

220 3788 334 3836 amous
736 3825 740 3828 -
772 3801 812 3842 tur
822 3795 847 3842 sl
855 3809 934 3858 prom
949 3805 980 3856 to,
992 3804 1020 3844 ut
1033 3797 1072 3858 15,
1083 3801 1122 3847 40.
1154 3815 1158 3829 ’

253 3853 340 3899 Sereno
354 3860 379 3902 ct
393 3856 491 3904 bromio
504 3855 555 3922 dic]
588 3853 665 3904 Abest
676 3858 715 3905 dis
724 3873 740 3906 a
805 3811 993 3925 Ejtumodilsic
1002 3861 1206 3930 rimandam.
1216 3867 1291 3915 Rece-

219 3913 294 3964 MSS.
306 3916 426 3967 OnBud.
436 3919 740 3972 Gustunimanoeead
770 3923 806 3988 pit
816 3933 839 3972 et
849 3925 876 3973 J.
888 3925 962 3973 Gron.

219 3978 287 4057 didit
320 3982 368 4030 Sed
379 3983 467 4032 haberit
480 3986 548 4033 oderi
561 3983 616 4034 libri
626 3986 706 4050 scripti
716 3995 739 4036 et
806 3989 936 4056 Corrupto]
943 3990 1290 4058 Antehancphrasinmajorun

219 4044 276 4094 edm
292 4059 381 4096 onina.
409 4049 471 4096 'Nec
487 4049 561 4111 video,
579 4064 652 4114 quare
669 4050 740 4100 deleri
770 4051 939 4103 distincn'onem
950 4057 1008 4106 bene
1017 4058 1102 4107 locavit
1112 4059 1220 4108 Pichena.
1371 4095 1377 4107 .

219 4109 330 4186 Mpretus
340 4112 400 4181 ctJ·
412 4113 538 4175 Gronaut
547 4131 591 4179 pro
600 4131 628 4165 eo
638 4117 693 4163 colo
702 4131 738 4164 re-
802 4119 835 4166 Id
845 4121 924 4181 ipsum
932 4123 993 4182 qnod
1002 4123 1059 4188 σιω]
1067 4123 1157 4171 Omnes
1165 4123 1219 4173 libri
1228 4139 1290 4187 prse-

219 4177 288 4223 scnhs
298 4176 396 4225 voluerit
406 4177 543 4245 Rhenanus.
558 4181 629 4229 Ean.
769 4189 805 4230 ter
820 4184 883 4231 aua
895 4187 964 4246 qaod.
977 4181 1072 4246 Othoni,
1084 4187 1146 4250 quod
1162 4190 1191 4236 ab
1208 4189 1290 4238 eodem

255 4241 360 4288 aarum
370 4243 471 4290 &metu
483 4244 625 4307 audiuntur]
643 4243 739 4308 Quippe
770 4249 843 4307 abest,
860 4249 930 4298 etiam
947 4249 972 4299 in
989 4251 1071 4302 Gudt.
1087 4259 1121 4300 est
1136 4267 1151 4301 s
1165 4267 1228 4304 man.
1246 4269 1288 4304 sec·

217 4302 262 4353 boc
283 4304 404 4370 ingenium
425 4307 499 4372 vulgi,
519 4315 575 4368 tunc
591 4310 692 4368 conrasi
708 4311 739 4358 ad
771 4311 843 4361 Eun.
931 4304 947 4316 ‘
