3059 4975
274 293 333 354 scs
642 293 946 356 antonianum
1166 297 1342 373 [rasas

279 457 543 546 quamvis'procul
557 458 736 544 agentibus:
751 460 825 523 saevi
838 460 988 546 proximis
1001 459 1170 546 ingruunt:
1186 461 1344 546 quomodo

282 542 482 622 sterilitatem,
507 543 705 608 aut-nimios·
721 545 836 610 imbres
859 559 891 608 et
913 558 1014 609 cetera
1038 556 1165 626 naturae,
1185 545 1277 621 mula,
1299 547 1344 610 ita

282 629 394 694 luxum
405 627 454 692 vel
464 627 624 692 avaritiam
638 629 865 694 dominantium
880 629 1014 695 tolerate.
1036 629 1120 693 Vitia
1129 644 1232 709 erunt,
1247 630 1356 712 donec,

282 715 438 780 homines:
471 713 525 778 sed
545 737 646 800 neque
668 715 736 778 haec
750 715 906 793 continua,
928 728 960 778 et
982 713 1145 780 meliorum
1167 714 1343 781 interventu

283 813 469 950 pensantur:
497 799 556 862 nisi
575 799 666 877 forte,
690 802 815 864 Tutore
835 813 867 864 et
889 799 1024 865 Classico
1044 801 1255 886 regrmntibus,
1278 825 1346 865 mo·

306 885 419 949 eratius
440 883 611 970 imperium·
629 887 773 972 speratis:
796 885 1047 964 autminoribus,
1062 903 1156 972 quam
1178 909 1272 966 nunc,
1288 887 1345 951 tri·

282 969 368 1034 butis
388 969 584 1056 parabuntur
597 969 760 1050 exercitus,
780 971 896 1057 quibus
915 972 1064 1036 Gemrani
1080 970 1284 1059 Britannique
1297 995 1345 1036 ar-

282 1069 420 1120 ceantur.
465 1056 547 1120 Nam
568 1055 666 1142 pulsis
682 1055 783 1142 (quod
796 1056 853 1120 Dii
873 1056 1071 1144 prohibeant)
1087 1057 1248 1135 Romanis,
1267 1056 1346 1144 quid
1394 1071 1400 1085 ·

283 1139 382 1221 aliud,
396 1161 491 1227 quam
512 1139 593 1205 bella
606 1141 745 1204 omnium
768 1141 848 1204 inter
862 1164 894 1204 se
912 1142 1054 1238 gentium
1073 1143 1242 1210 exsistenti
1285 1145 1346 1208 Oc-

206 1255 209 1268 ·
285 1226 495 1312 tingentorum
520 1247 672 1291 annorum
696 1225 824 1290 fortuna
846 1223 1069 1312 disciplinaque
1090 1250 1256 1314 compages
1278 1228 1346 1292 haec

283 1311 408 1388 coaluit,
428 1333 499 1396 quoe
516 1310 657 1389 convelli,
680 1311 744 1374 sine
761 1310 856 1375 exitio
878 1309 1127 1390 convellentium,
1150 1333 1213 1375 non
1233 1325 1347 1398 potest.

286 1395 348 1462 Sed
369 1395 457 1459 vobis
479 1396 651 1460 maximum
672 1395 844 1475 discrimen,
865 1419 961 1496 penes
977 1419 1056 1482 quos
1077 1419 1189 1461 aarum
1210 1411 1241 1460 et
1261 1421 1348 1484 opes,

284 1479 452 1569 praecipuae
466 1479 618 1546 bellorum
629 1504 753 1546 caussa.
799 1481 936 1547 Proinde
950 1504 1057 1570 pacem
1071 1494 1103 1546 et
1117 1481 1237 1562 urbem,
1252 1503 1355 1570 quam·

285 1567 358 1632 victi
372 1565 564 1666 victoresque
578 1567 687 1632 eodem
704 1568 778 1655 jure
793 1568 979 1646 obtinemus,
999 1581 1110 1646 amate,
1130 1567 1229 1633 colite.
1274 1570 1347 1633 Mo-

284 1664 379 1716 neant
389 1675 444 1716 vos
458 1665 543 1717 utnu
581 1675 621 1716 ue
631 1653 765 1718 fortunae
776 1653 973 1731 documenta,
988 1675 1026 1716 ne
1037 1653 1261 1718 contumaciam
1273 1677 1347 1717 cum

283 1737 427 1826 pernicie,
441 1760 537 1835 quam
545 1675 734 1825 iibsequium
748 1761 819 1803 cum
833 1737 1007 1816 securitate,
1022 1737 1163 1804 malitis.”
1192 1739 1266 1804 Tali
1280 1763 1348 1804 ora

286 1823 369 1888 tione
382 1846 524 1910 grauiora
539 1837 712 1888 metuentes
726 1823 900 1911 composuit
914 1823 1085 1910 erexitque.

328 1909 473 1974 LXXV.
498 1910 701 1974 Tenebantur
714 1910 830 1975 victore
843 1909 982 1974 exercitu
996 1910 1137 1988 Treveri,
1152 1933 1224 1974 cum
1240 1909 1348 1976 Civilis

286 2008 318 2060 et
333 1994 487 2060 Classicus
509 1995 618 2059 misere
634 1993 778 2082 epistolas
796 1994 837 2059 ad
853 1994 1015 2073 Cerialem,
1036 2019 1170 2083 quarum
1191 1996 1258 2060 haec
1279 2020 1356 2060 sen-¹

287 2081 382 2146 tentia
395 2081 465 2144 fui-t.
511 2088 532 2120 “
548 2083 609 2146 Ves
632 2081 782 2159 asianum,
796 2102 987 2166 quamquam
1008 2082 1133 2145 nuntios
1146 2081 1347 2160 occultarent,

286 2165 449 2231 excessisse
463 2168 533 2232 vita.
580 2104 701 2230 [libem
715 2179 809 2263 atque
826 2165 948 2230 Italiam
971 2165 1092 2230 interno
1110 2165 1193 2231 bello
1206 2185 1365 2231 consum-⁴

287 2265 384 2338 ptam.
427 2251 627 2332 Mucianivac
647 2250 821 2315 Domitiani
839 2274 919 2314 vana
938 2262 971 2315 et
991 2251 1056 2315 sine
1074 2251 1192 2315 viribus
1213 2253 1368 2318 nomina

290 2337 323 2401 Si
339 2336 466 2404 Cerialis
487 2336 651 2424 imperium
668 2335 841 2401 Galliarum
857 2335 940 2414 velit,
958 2335 1040 2424 ipsos
1053 2337 1168 2401 finibus
1186 2337 1347 2402 civitatum
1367 2374 1373 2385 ·

289 2445 415 2489 suarum
429 2434 609 2499 contentos;
632 2421 657 2486 si
671 2419 816 2510 proelium
831 2421 927 2515 malit,
943 2421 1029 2486 ne'id
1043 2423 1170 2511 quidem
1184 2423 1350 2489 abnuere.”

322 2627 441 2684 Quomodo
447 2627 607 2690 sterilitatem]
625 2624 752 2673 Pulchrum
762 2625 805 2674 do-
861 2626 1001 2685 Quanquam
1010 2622 1265 2689 consummaberunt]
1275 2623 1349 2674 MSS.

290 2699 425 2739 mareotam
435 2690 459 2737 in
470 2690 532 2737 mals
541 2690 635 2752 publica
644 2698 668 2737 et
678 2688 746 2737 adea
756 2688 804 2736 for-
834 2686 929 2737 anes.
949 2689 1010 2750 Agr.
1029 2694 1065 2748 (et
1085 2688 1149 2750 Re'g„
1163 2687 1238 2750 tau.)
1260 2691 1349 2739 muudi.

290 2754 493 2819 titersustinende.
526 2755 612 2803 Seneca
626 2753 805 2817 proeivemt‚De
834 2753 902 2802 Idem
918 2752 993 2801 voluit
1008 2751 1064 2799 dare
1081 2751 1203 2815 Spirensis,
1220 2753 1262 2817 qui
1278 2752 1350 2801 edidit

289 2820 369 2868 Const
386 2819 495 2883 sapientis
511 2820 535 2867 9.
572 2819 659 2867 Omnia
675 2820 753 2879 itaqua
769 2820 805 2865 sic
834 2818 902 2865 autu.
934 2817 1091 2879 Placebatque
1108 2816 1189 2881 Lipsio
1209 2827 1233 2866 et
1249 2816 1347 2881 Ryokio.

284 2886 388 2946 potitur,
400 2891 426 2931 ut
436 2884 520 2930 brumis
538 2884 650 2945 rigorem,
661 2888 683 2929 et
694 2884 806 2945 {sinuspa-
834 2881 965 2946 Vulgarum
976 2896 1057 2929 verum
1067 2888 1132 2945 puto.
1152 2882 1220 2942 Vult,
1231 2881 1301 2930 duces
1310 2896 1350 2929 oc-

288 2950 394 2996 rausum
405 2949 463 3007 colb,
475 2955 503 2995 ut
513 2949 621 3012 fervores
636 2949 770 3009 morbosque
782 2954 805 2995 et
835 2948 922 2995 adure
941 2945 1005 2993 domi
1022 2961 1070 2994 sire
1086 2946 1187 3007 nuntios,
1205 2945 1351 3009 necatoqui

288 3021 365 3061 cetera
371 3015 439 3076 sorte
449 3014 583 3060 accidentia.
610 3011 647 3059 At
657 3011 704 3059 Dio
715 3010 806 3059 Cicero·
836 3025 891 3059 cum
901 3010 1014 3058 militibus
1024 3017 1048 3057 et
1056 3010 1183 3073 patefsoere
1192 3022 1290 3059 mortem
1300 3009 1350 3059 Ve-

289 3092 343 3125 nem
354 3078 387 3125 ita
396 3070 461 3141 loqui
472 3076 535 3134 facit,
552 3076 593 3123 ubi
605 3076 740 3123 amnestiam
752 3090 806 3123 sus.
836 3074 935 3137 spacium
950 3082 1050 3138 possent
1082 3073 1121 3123 Sic
1136 3074 1177 3122 ille
1186 3074 1299 3133 λογοποιὸς
1308 3088 1347 3139 sp.

289 3140 336 3199 det,
352 3150 404 3203 post
412 3142 502 3199 ,cadem
513 3139 608 3187 Caesaris
619 3140 659 3199 44,
670 3140 710 3186 32.
734 3139 805 3187 “burs
836 3138 954 3203 Theophr·
965 3140 990 3186 in
999 3137 1068 3187 Char·
1079 3153 1098 3186 c.
1108 3142 1131 3189 9.
1142 3140 1208 3197 Myer,
1218 3142 1248 3193 ὡς
1259 3138 1295 3185 sul
1305 3157 1351 3185 sra-

289 3204 320 3251 rt
330 3205 368 3263 plu
377 3204 517 3262 γογοοοημίοα
525 3207 596 3252 ταῦτα
604 3201 707 3266 χαλάζης
716 3203 742 3250 rs'
750 3220 806 3257 τινος
836 3210 927 3270 ρικήκοο
942 3203 1000 3271 παρὰ
1015 3207 1061 3255 τοῖς
1071 3205 1091 3249 is
1105 3206 1150 3256 reis
1163 3202 1287 3285 πςᾶγμασι,
1301 3220 1350 3268 spu.

290 3268 327 3313 sul
342 3271 502 3327 ιατακλυσμοῦ
514 3267 591 3329 τρόπον
604 3266 757 3324 repitentibus
773 3285 806 3312 οο-
836 3268 940 3328 srtpots
951 3285 999 3313 rua
1011 3267 1030 3312 is
1042 3267 1097 3325 οἰκίᾳ
1112 3266 1261 3327 disseptum
1271 3265 1313 3325 ἣμί
1325 3287 1351 3313 ss

290 3332 405 3391 piceum,
416 3328 473 3394 λῆθῃ
483 3320 598 3406 rapnidim.
631 3330 703 3378 Plane
713 3329 806 3393 gemina
835 3329 914 3384 ἥκοοτα
926 3333 949 3377 is
958 3328 1095 3386 Μακοδοοίοος,
1103 3329 1209 3385 δςπᾶοτα
1217 3334 1289 3375 ταῦτα
1302 3285 1350 3377 altr.

290 3404 353 3454 sunt,
373 3403 396 3442 et
412 3401 453 3459 sut
469 3394 499 3443 ab
514 3394 653 3454 inventione,
670 3403 712 3442 sut
727 3394 805 3441 imita·
836 3394 862 3460 Si
876 3397 956 3442 sustts'
972 3395 1088 3457 probetur,
1098 3392 1222 3457 legendum
1232 3391 1303 3441 simul
1312 3409 1351 3442 oc·

288 3461 356 3508 tione.
380 3459 455 3507 Lrns.
488 3458 553 3507 Infra
562 3458 641 3507 vitiose
651 3458 805 3506 eddPuteol.
835 3460 991 3507 saltarentur.
1006 3456 1352 3520 Nemeumcerislisepistohs

287 3524 618 3585 BeroaldAlopurabcutur.
628 3522 699 3571 Eas.
716 3522 805 3570 Emen·
834 3524 966 3581 osurlmret,
981 3532 1009 3569 ut
1024 3521 1194 3587 escquentibus
1210 3528 1282 3582 patet,
1295 3538 1351 3585 pro.

287 3588 537 3637 dsvitRhen.eBud.
833 3587 893 3635 fecto
913 3587 975 3635 idem
996 3586 1022 3633 in
1041 3586 1160 3634 tabellario
1181 3584 1242 3633 fecit.
1274 3585 1348 3635 Eur.

287 3680 292 3688 ·
329 3655 393 3711 Qum
409 3654 475 3701 aliud
489 3668 559 3713 quom
572 3654 641 3717 bellu]
665 3651 802 3711 Orsculum,
833 3650 895 3699 Bud.
907 3651 1028 3713 vulgatum
1042 3648 1120 3698 habet.
1135 3649 1202 3697 Brot
1217 3652 1298 3698 usmis
1312 3665 1351 3697 oo.

287 3718 435 3778 cujusfidem
452 3716 665 3793 pmsvisiderunts
682 3724 757 3765 etnos
769 3716 802 3763 vi-
831 3716 955 3762 cultareut.
986 3713 1350 3778 InlocoexpoueodoPidrenam

288 3782 378 3840 demus,
388 3781 569 3845 videmusque,
578 3780 698 3845 quamdiu,
707 3788 768 3829 secta
777 3779 804 3826 in
832 3778 935 3842 sequitur
944 3777 1045 3838 Ernesti,
1056 3787 1136 3827 contra
1146 3778 1272 3828 Saliaeriits
1287 3794 1350 3827 uus-

289 3853 324 3893 tot
339 3845 451 3906 dominos,
462 3846 559 3909 Eurqss
574 3858 620 3891 non
639 3844 717 3892 audiet
733 3844 803 3893 unius
833 3844 877 3890 llos
886 3842 1011 3906 accipiebat
1068 3844 1349 3901 mnuntiametverbum

288 3908 375 3970 auriga
385 3908 493 3957 habenas.
520 3909 659 3957 Plutarchus
668 3908 740 3971 igitur
751 3922 803 3957 vere
832 3908 974 3955 occultarent
1023 3907 1350 3957 erebstsdDomitianuriret
1385 3934 1386 3938 =
1482 3916 1486 3923 ’

288 3974 318 4021 de
329 3972 392 4020 Post.
404 3972 474 4021 Rom.
485 3990 509 4037 p.
520 3974 575 4021 316.
608 3975 741 4036 Imperium
752 3974 801 4020 Ro·
831 3970 996 4020 Mucianum.-
1091 4008 1095 4014 .

287 4052 386 4086 omnum
403 4036 467 4083 velut
487 4040 613 4085 amborum
630 4052 684 4097 esre,
702 4036 800 4101 scripsit,
865 4038 1036 4084 Ss—aettt-st
1052 4038 1166 4098 proelium
1182 4036 1275 4101 mullet]
1298 4036 1350 4085 >Al-

280 4102 410 4165 fluctuasti
420 4103 512 4147 mundo.
529 4102 563 4149 Et
570 4101 754 4166 nouusaCrispo
760 4115 803 4149 suo
832 4107 946 4148 tunnam
965 4100 1125 4161 estvitiom,
1140 4108 1163 4147 et
1176 4108 1218 4148 aut
1231 4102 1298 4149 ardut
1314 4102 1350 4150 le·

287 4168 331 4215 hoc
345 4164 440 4215 &stum
462 4164 560 4227 sumpsit
580 4168 674 4213 noster?
696 4164 802 4229 sumpsit
832 4164 944 4227 gendum,
955 4174 996 4213 eut
1006 4167 1081 4213 malit.
1113 4164 1230 4213 Posterius
1240 4166 1350 4214 laamas

288 4232 335 4279 ille
345 4231 377 4279 sic
385 4230 415 4278 ed
426 4226 541 4277 Cesaram
557 4229 582 4276 in
596 4230 657 4277 fine:
677 4232 768 4292 Quippe
780 4231 803 4275 eb
832 4238 881 4287 est3
898 4228 976 4305 iisque
986 4229 1018 4277 sic
1026 4229 1119 4277 correxi,
1130 4229 1209 4277 ‘Euro

287 4296 367 4342 morbo
372 4298 425 4358 jum
438 4299 480 4339 aut
489 4312 491 4317 ¹
491 4295 547 4356 suro
557 4293 612 4339 buis
620 4296 727 4355 Imperio
739 4308 802 4342 mous
832 4294 1015 4341 erneadsuoucm
1031 4293 1086 4357 Bip.
1104 4294 1145 4341 sed
1163 4294 1228 4341 Brot
1246 4302 1269 4342 et
1283 4293 1348 4343 bell.

288 4360 386 4418 saddai,
398 4360 436 4405 cui
445 4359 540 4405 dubium
551 4364 592 4417 est,
604 4359 662 4420 quin
667 4372 714 4420 per
724 4360 802 4405 orbem
832 4358 953 4421 vulgumm
969 4367 1068 4420 serrant,
1080 4360 1177 4406 mullet·
1199 4358 1238 4406 stc
1249 4367 1272 4407 et
1282 4358 1348 4405 Bud.

286 4428 405 4533 mirisa
425 4424 530 4484 vastitas,
549 4423 614 4483 bellu,
634 4424 705 4471 coedcs
721 4426 802 4474 miuu-
831 4422 899 4472 roem
913 4422 977 4486 prius
988 4424 1101 4472 Muciani
1111 4438 1148 4486 uc,
1164 4431 1191 4471 ut
1201 4422 1265 4473 Ποῖ.
1275 4422 1350 4487 vulgo

287 4489 327 4529 tur
389 4500 438 4535 irs.
830 4494 860 4538 et.
