3059 4975
415 257 473 316 DE
496 257 688 321 MORIBUS
712 257 956 319 GERMANIAE.
984 259 1118 321 cant.
1235 257 1295 319 357

223 422 409 488 universum
417 423 593 500 estimanti,
608 423 784 511 plus‘penes
791 424 929 510 peditem
940 417 1075 490 roboris:
1090 417 1191 507 eoque
1200 413 1292 502 mixti

220 507 420 594 proeliantur,
433 523 508 596 apta
524 524 556 574 et
574 523 765 596 congruente
778 509 819 574 ad
833 523 1007 597 equestrem
1020 526 1160 596 pugnam
1178 505 1290 568 veloci·

221 606 287 658 tate
307 593 462 680 peditum,
485 617 564 680 quos
584 619 625 658 ex
647 595 731 660 omni
749 597 917 682 juventute
933 595 1170 672 delectos,'a'nte
1192 591 1289 656 aciem

219 677 334 744 locant.
383 680 543 744 Definitur
566 693 598 744 et
627 702 793 744 numerus:
824 681 945 744 centeni
973 703 1012 744 ex
1042 678 1173 765 singulis
1200 677 1291 764 pagis

220 783 315 830 sunt:
336 765 434 851 idque
454 765 557 850 ipsum
574 765 656 829 inter
675 789 748 831 suos
769 777 937 831 vocantur:
960 781 993 830 et
1005 765 1093 853 quod
1113 763 1216 851 primo
1229 771 1297 857 nu·'

218 873 324 916 merus
336 850 410 928 fuit,
422 851 491 936 jam
506 871 619 914 nomen
636 861 668 914 et
685 850 785 914 honor
800 862 862 916 eat,
900 851 994 915 Acies
1007 873 1064 937 per
1077 872 1191 914 cuneos
1204 871 1288 912 com-

261 937 356 1002 nitur.
402 935 521 1000 Cedere
539 934 617 1015 loco,
632 935 805 1000 dummodo
818 959 927 1001 rursus
939 936 1045 1014 instes,
1060 934 1178 1000 consilii
1190 957 1287 1021 quam

232 1021 393 1086 ormidinis
405 1021 604 1086 arbitrantur.
642 1024 786 1108 Corpora
797 1045 925 1086 suorum
937 1022 1031 1086 etiam
1046 1022 1079 1084 in
1091 1019 1287 1106 dubiispra

218 1107 267 1172 liis
285 1108 434 1172 referunt
480 1109 611 1171 Scutum
630 1107 800 1206 reliquisse,
820 1107 1015 1194 praecipuum
1033 1106 1206 1193 flagitium:
1229 1128 1286 1170 nec

219 1204 275 1257 aut
293 1192 385 1256 sacris
398 1192 514 1271 adesse,
529 1207 585 1256 aut
598 1193 760 1257 concilium
776 1193 865 1271 inire,
878 1192 1084 1280 ignominioso
1093 1192 1158 1256 las:
1181 1191 1286 1255 multi-

218 1301 282 1365 que
296 1278 474 1364 superstites
487 1276 640 1343 bellorum
654 1277 814 1343 infamiam
828 1278 940 1366 laqueo
952 1279 1109 1342 finierunt.

261 1363 340 1430 VII.
364 1364 468 1450 Reges
482 1387 522 1428 ex
536 1361 714 1439 nobilitate3
739 1365 848 1429 Duces
861 1389 899 1428 ex
914 1365 1031 1429 virtute
1045 1377 1182 1428 sumunt.
1213 1361 1284 1426 Nec

219 1443 364 1536 Regibus
384 1449 505 1512 infinita
525 1461 580 1512 aut
601 1448 697 1514 libera
712 1454 866 1536 potestas;
891 1463 922 1514 et
942 1453 1048 1514 Duces
1067 1447 1210 1535 exemplo
1229 1470 1286 1534 po,

218 1535 290 1612 tius,
306 1557 402 1621 quam
423 1533 573 1616 imperio:
596 1533 620 1597 si
642 1535 791 1622 prompti,
811 1535 838 1599 si
859 1535 1027 1622 conspicui,
1050 1535 1076 1597 si
1096 1548 1168 1597 ante
1187 1532 1282 1597 aciem

217 1635 324 1707 agant,
339 1620 541 1684 admiratione
554 1631 701 1706 praesun't.
740 1625 899 1699 Ceterum,
915 1643 1016 1707 neque
1029 1619 1283 1696 animaduertere,

218 1729 320 1792 neque
333 1705 459 1782 vincire,
475 1729 514 1769 ne
527 1707 689 1787 perberare
703 1707 841 1794 quidem,
857 1707 915 1780 nisi
924 1705 1143 1772 Sacerdotibus
1196 1703 1284 1769 rmis·

218 1813 307 1856 sum:
330 1815 392 1856 non
412 1791 501 1878 quasi
521 1790 554 1854 in
626 1815 709 1872 narn,
728 1816 784 1856 nec
798 1791 898 1856 Ducis
913 1794 1016 1880 jussu,
1037 1790 1090 1854 sed
1114 1814 1150 1853 ve
1164 1803 1199 1853 ut
1213 1789 1284 1853 Deo

218 1877 401 1963 imperante,
422 1899 556 1964 querna
579 1901 643 1941 esse
667 1877 854 1943 bellantibus
874 1878 1022 1942 credunt:
1053 1875 1230 1962 effigiesque
1251 1885 1282 1938 et

219 1963 308 2050 signa
323 1962 478 2049 quaedam,
492 1962 630 2026 detracta
650 1963 737 2043 lucis,
752 1964 785 2026 in
802 1963 948 2050 proelium
967 1963 1081 2026 ferunt.
1127 1960 1283 2044 Quodque

217 2049 413 2138 praecipuum
426 2047 617 2112 fortitudinis
634 2049 867 2114 incitamentum
880 2061 937 2126 est,
953 2072 1015 2112 non
1036 2070 1135 2124 casus,
1150 2069 1206 2110 nec
1220 2045 1283 2108 for·

220 2134 300 2199 tuita
310 2133 505 2222 conglobatio
515 2146 650 2198 turmam
659 2150 714 2200 aut
724 2157 859 2200 cuneum
869 2134 957 2214 facit,
967 2134 1020 2198 sed
1031 2132 1155 2196 familiae
1165 2145 1282 2217 etpro-
1345 2128 1355 2140 ”

219 2221 418 2319 pinquitates‚
433 2235 466 2284 et
480 2219 513 2283 in
528 2220 672 2305 proximo
689 2221 833 2319 pignora,
848 2219 932 2284 unde
945 2215 1283 2284 feminarum‘ululatus

218 2305 331 2384 audiri,
345 2306 431 2371 unde
444 2304 569 2392 vagitus
587 2306 772 2371 infannum:
794 2306 828 2370 hi
848 2305 962 2392 cuique
978 2303 1160 2370 sanctissimi
1177 2315 1281 2377 testes,

217 2392 251 2456 hi
261 2391 389 2456 maximi
398 2391 583 2478 laudatores.
606 2391 662 2457 Ad
676 2391 1008 2478 matres,adconjuges
1019 2389 1148 2454 vulnera
1157 2388 1281 2452 ferunt:

218 2500 276 2542 nec
298 2477 360 2542 illae
381 2494 554 2555 numerare,
577 2491 633 2543 aut
651 2477 774 2566 exigere
796 2477 914 2565 plagas,
934 2490 1065 2564 pavent:
1088 2475 1234 2562 cibosque
1252 2486 1284 2537 et

216 2564 392 2629 hortamina
403 2563 616 2650 pugnantibus
629 2578 760 2651 gestant.

218 2730 735 2855 cantuaniensem*
765 2734 1283 2846 intricatissimi

216 2867 281 2920 ,pata-
299 2858 346 2905 Sed
359 2812 624 2921 hicsimpliciterorbcni
639 2864 735 2922 conjvn-
765 2814 1164 2924 mdcimpotataaiisteuhntor.
1179 2813 1284 2911 sancia

219 2937 276 2983 gere
293 2921 364 2969 dicits
383 2921 481 2968 alterum
495 2938 537 2985 per
551 2938 575 2969 se
590 2923 735 2986 intelligitur.
766 2939 804 2972 sar
817 2926 913 2974 debelti
928 2936 1030 2989 tempore
1045 2935 1153 2981 tantum3
1171 2934 1247 2974 nomer
1258 2926 1283 2973 in

222 2986 287 3033 Nam
303 2986 328 3032 in
344 2987 399 3033 orbe
414 2985 473 3032 nihil
488 2986 553 3048 prius
569 2996 610 3035 aut
625 2988 736 3050 posterius
766 3004 823 3053 pace
839 2990 961 3038 intellexit.
985 2991 1061 3038 lars.
1100 2990 1146 3039 Sed
1165 2990 1283 3053 sequentia

221 3066 278 3107 esse,
290 3050 342 3113 quis
353 3049 443 3097 nescit?
461 3050 533 3103 Eun.
766 3056 858 3102 obstant
872 3054 935 3117 apud
950 3065 1063 3114 nostrum,
1075 3063 1102 3102 ut
1117 3063 1177 3101 recta
1192 3055 1284 3101 monuit

232 3136 234 3143 ·
256 3117 355 3163 Cantent
365 3130 394 3161 ea
408 3116 510 3175 singulis
520 3114 605 3181 pogio]
622 3115 679 3163 Cod.
689 3117 736 3164 Ar·
767 3118 896 3165 Acidalius.
913 3120 957 3167 Est
967 3134 1021 3167 vero
1031 3122 1106 3181 maior
1116 3118 1185 3166 inhia
1196 3118 1293 3177 'faciti'

222 3179 295 3242 tolph.
303 3178 382 3243 Kapp.
389 3187 489 3227 centuni.
508 3180 736 3239 Aenescio,anmnt
768 3183 951 3247 quamCasaris,
958 3184 1087 3231 auctoritas
1104 3183 1213 3231 ceterum
1221 3182 1283 3242 vide,

221 3244 306 3291 melius
312 3245 408 3291 abesset.
419 3244 490 3291 Eun.
507 3243 554 3291 Ed.
572 3243 737 3295 Norimb.cen·
785 3247 826 3293 uid
836 3247 867 3295 ad
880 3248 930 3296 hac
943 3257 1054 3296 moneant
1064 3249 1102 3296 Fr.
1115 3246 1155 3294 W.
1170 3247 1248 3296 Pestel
1258 3248 1282 3294 in

221 3310 274 3356 tim.
285 3309 358 3355 Rom.
368 3314 468 3355 centum.
487 3310 541 3356 Pnt.
554 3308 632 3357 Rhen.
640 3312 736 3358 renunt.
767 3263 874 3372 adjectis
884 3312 915 3359 ad
926 3313 1001 3361 Notit-
1013 3312 1174 3360 Hermundnr.
1190 3321 1208 3359 t
1222 3313 1244 3359 1.
1259 3327 1282 3373 p.

250 3374 384 3422 Concilium
392 3374 453 3420 intra
459 3374 614 3435 ignominioso
613 3375 656 3437 saa
679 3366 738 3426 de.
768 3377 808 3430 37.
825 3383 849 3423 et
860 3377 973 3426 Gebaver.
987 3378 1012 3424 in
1025 3377 1114 3441 Vestig.
1128 3377 1189 3438 juris
1202 3378 1284 3425 Germ.

223 3436 303 3501 Kapp.
320 3436 367 3491 (ed.
384 3436 454 3499 Nor.)
474 3440 613 3486 Consilium.
671 3439 737 3503 ulge-
768 3448 816 3488 ant
832 3457 856 3504 p.
868 3442 924 3496 607.

221 3510 273 3549 tum
289 3517 377 3549 venun.
411 3502 584 3564 Ignominiosus
598 3511 639 3561 est,
654 3506 684 3551 ob
695 3504 737 3551 tla-
802 3507 888 3567 Neque
899 3507 1020 3553 verboram
1034 3507 1138 3570 quidam]
1156 3504 1242 3564 Scribe,
1256 3522 1291 3557 ae.

236 3566 305 3613 ‘tium
315 3568 377 3614 bello
386 3567 536 3615 commissam
548 3566 649 3615 infamis.
664 3568 735 3616 Ean.
769 3571 1001 3632 verberarequidcm.
1019 3570 1111 3619 Gnou.
1143 3570 1196 3633 Ego
1207 3570 1284 3619 sicre-

261 3646 293 3677 rn.
304 3633 433 3679 consilium.
769 3634 855 3697 scripsi,
872 3644 901 3683 ut
924 3635 987 3682 alibi.
1030 3634 1064 3683 Et
1085 3636 1118 3683 sic
1139 3634 1210 3683 habet
1225 3635 1281 3684 MS'.

167 3733 170 3737 .
255 3696 307 3743 Ant
317 3694 399 3757 libero]
408 3696 470 3744 Edd.
478 3696 538 3761 spir.
548 3712 611 3761 seqq.
622 3712 657 3756 oc,
665 3712 738 3761 usque
768 3699 862 3747 Arund.
880 3698 948 3747 Idem
956 3699 1013 3747 liber
1020 3715 1077 3747 mox
1088 3702 1140 3747 Deo
1146 3702 1286 3762 inspirante.

222 3757 299 3807 adad.
311 3759 387 3807 Rhcn.
417 3761 604 3827 Insequentibus
618 3762 738 3825 interpun-
769 3764 841 3811 Ean.
863 3764 1019 3812 Editiomner
1026 3780 1104 3825 neqve.
1138 3764 1168 3812 Id
1179 3764 1285 3813 Gebave·

222 3824 322 3871 monem
333 3825 420 3871 conexi
430 3835 453 3872 et
467 3827 533 3873 culon
547 3826 591 3873 feci
601 3835 653 3889 post
666 3828 738 3887 impc—
769 3842 810 3875 ms
820 3844 843 3891 p.
853 3830 1023 3940 608.th
1037 3829 1212 3886 restimendum,
1229 3829 1285 3893 quia

224 3890 269 3935 rio.
299 3887 388 3936 'Duces
407 3892 512 3953 exernplo
528 3890 605 3954 potius
621 3906 644 3937 se
660 3890 739 3939 Duces
769 3908 785 3939 a
806 3893 886 3941 leviori
958 3893 1052 3955 gavina
1067 3893 1191 3948 admendat
1206 3894 1285 3942 oratio.

223 3952 342 4015 prestant,
354 3968 425 4015 quom
435 3952 539 4017 imperio.
566 3955 592 4002 Si
601 3971 650 4019 pra
661 3954 739 4003 ceteris
770 3956 834 4005 Mihi
845 3973 908 4007 secus
918 3957 1015 4006 videtur.
1032 3958 1132 4007 Gravius
1140 3957 1285 4015 eretriaciri,

223 4015 292 4065 fortes
303 4018 444 4081 sepiebant,
459 4033 514 4065 cum
527 4018 676 4068 admiratione
687 4019 740 4067 Du-
769 4021 843 4070 levius
853 4024 946 4071 verbera
955 4022 1011 4087 pati·
1200 4057 1213 4068 A·

221 4089 300 4129 catum
316 4081 428 4130 obtinent
460 4083 526 4131 Ante
542 4083 607 4131 colon
625 4091 673 4131 erat
687 4093 740 4149 post
803 4088 945 4149 Effigicrquc
964 4097 987 4135 et
1005 4090 1076 4150 agac
1091 4084 1211 4150 quodam]
1226 4085 1285 4134 ,Iot-

224 4149 349 4207 maapirnt.
372 4146 445 4194 Ean.
474 4147 520 4194 Ed
538 4148 608 4195 Rom.
632 4147 740 4196 Norimb.
771 4150 878 4199 ferarum.
890 4150 993 4201 Vith.
1004 4156 1029 4209 4,
1040 4154 1079 4199 22.
1100 4151 1208 4204 Detracta
1217 4147 1285 4208 luds,

225 4208 302 4257 Rhen.
327 4210 397 4259 15³3.
416 4213 486 4260 1544.
498 4219 556 4260 ont:
580 4212 636 4260 Put.
661 4212 739 4260 Rhen.
771 4214 866 4276 indicat,
877 4216 1102 4279 ea'siguaubi‘pax
1117 4212 1287 4275 essetinlucifl

226 4274 297 4323 2519.
315 4289 349 4321 ac.
772 4290 867 4328 servata
884 4280 969 4335 Ena..

267 4340 352 4401 Neque
373 4342 568 4406 aabrwdvertrrc]
601 4342 742 4405 Repugnare
784 4346 788 4363 ’·
806 4347 930 4410 Pignora]
947 4344 1004 4393 Vid.
1017 4342 1129 4402 Quinctil
1141 4342 1167 4398 6,
1179 4342 1202 4401 l,
1214 4344 1253 4389 24.

225 4400 478 4466 eenamcenam.
498 4409 560 4457 Cum
567 4408 651 4454 bellam
658 4402 743 4455 nouas
785 4421 791 4431 ⁸
802 4404 917 4459 naun
927 4421 1058 4467 ramora,
1068 4412 1110 4454 cut
1118 4407 1299 4470 asangm&
