3059 4975
230 260 287 321 iss
602 257 908 322 maronianum
1119 266 1294 361 [asam.
1362 260 1363 264 '

230 420 284 487 Sic
296 419 536 490 Scribonianum
550 421 611 489 sub
625 422 761 489 Claerdio
780 424 999 501 interiecnim
1023 425 1067 493 sie
1079 448 1291 515 percussorem

228 507 310 584 eus,
326 507 538 595 Volaginium,
558 509 733 608 egregario
753 511 795 575 ad
816 534 938 595 summa
957 511 1076 577 militias
1096 527 1290 603 proveetum.

229 530 539 661 ilaeiliusuniversos
551 594 669 681 inpelli,
683 597 929 685 quamsingulos
942 596 1063 664 vitari.”

272 679 436 746 LXXVI.
460 681 523 745 His
535 681 704 768 pavoribus
716 694 889 763 nutantem,
901 683 994 748 etalii
1008 684 1122 773 Legati
1134 683 1289 773 amicique

226 766 403 845 firmabant,
424 780 459 831 et
478 766 659 847 Mucianus,
680 778 753 854 post
772 768 887 834 multos
907 781 1100 859 secretosque
1121 792 1287 853 sermones,

222 852 292 940 jam
304 862 338 919 et
345 872 450 917 coram
460 849 506 916 ita
514 852 655 917 locutus:
679 861 702 893 “
712 855 831 919 Omnes
841 856 896 943 qui
906 878 1090 1005 nffmmm
1098 878 1204 921 rerum
1211 878 1287 922 oon·

226 937 295 1003 silia
307 936 388 1003 susci
410 938 491 1016 iunt,
505 938 659 1005 oesdmare
670 939 795 1018 debent,
810 962 860 1018 an,
878 964 923 1029 qu
978 942 1151 1021 inchoatur,
1165 941 1287 1029 Reipu-

226 1023 318 1088 bliooe
337 1046 361 1087 u
375 1023 382 1035 '
396 1047 425 1101 e,
443 1022 519 1109 ipsis
531 1024 711 1111 gloriosum,
725 1036 782 1089 eut
799 1048 889 1125 prom
913 1038 982 1091 tum
996 1029 1118 1107 effectu,
1133 1038 1190 1093 aut
1202 1040 1286 1093 certe

225 1131 290 1174 non
303 1108 439 1174 arduum
452 1109 502 1175 sit.
547 1110 648 1175 Simul
661 1110 738 1198 ipse,
752 1134 809 1197 qui
828 1050 948 1191 suadet,
967 1112 1209 1180 considerandus
1225 1130 1284 1195 est,

224 1195 392 1283 adjiciatne
404 1195 531 1262 oonsilio
538 1196 712 1283 pericnlum
722 1218 815 1261 suum
827 1220 834 1262 :
857 1212 899 1277 et,
915 1199 940 1261 si
955 1200 1098 1263 Fortuna
1108 1199 1217 1299 eoepiis
1231 1200 1286 1265 ad-

225 1281 331 1361 iuerit,
342 1281 394 1346 eui
402 1302 559 1347 summum
569 1282 664 1351 decus
674 1281 868 1369 adquiratur.
893 1286 967 1371 Ego
981 1298 1023 1364 te,
1035 1286 1232 1371 Vespasianus,
1244 1284 1285 1349 ad

226 1367 402 1455 Imperium
411 1390 500 1445 voce,
514 1380 578 1435 tam
592 1367 726 1434 salutare
740 1368 947 1456 Reipublicae,
962 1392 1057 1458 quam
1071 1370 1130 1435 tibi
1142 1370 1286 1457 magnifi-

224 1476 308 1518 eum.
350 1456 454 1518 Juxta
467 1456 563 1534 Deos,
577 1455 681 1519 intua
698 1476 794 1519 manu
812 1454 950 1541 positum
969 1470 1024 1521 est.
1069 1458 1137 1521 Nee
1151 1454 1284 1543 speciem

222 1537 379 1610 adulantis
386 1540 561 1626 expaveris:
574 1563 594 1604 a
603 1539 801 1620 contumelia,
807 1562 903 1627 quam
912 1564 931 1605 a
940 1540 1035 1606 laude
1041 1541 1170 1629 propius
1177 1540 1284 1621 fuerit,

221 1638 294 1710 post
316 1624 480 1689 Vitellium
500 1624 582 1712 eligi.
626 1626 703 1689 Non
718 1626 869 1693 adversus
887 1628 931 1691 D.
947 1627 1087 1714 Augusti
1103 1628 1284 1692 acerrimam

222 1722 369 1789 mentem,
380 1732 437 1775 nec
444 1711 594 1776 adversus
603 1710 811 1775 cautissimam
822 1710 942 1779 Tiberii
953 1724 1153 1790 senectutem,
1162 1734 1202 1776 ne
1210 1734 1284 1775 eon-

200 1814 204 1819 ’
222 1806 273 1861 tra
281 1796 351 1861 Caii
358 1796 498 1883 quidem,
507 1811 564 1861 aut
573 1796 710 1875 Claudii,
718 1795 769 1861 vel
779 1798 923 1877 Nemnis,
934 1798 1099 1863 fundatam
1109 1797 1204 1887 longo
1216 1798 1284 1863 Im·

220 1881 1050 1969 periodomumexsurgimusrcessistietiamGalbaeim
1134 1884 1283 1948 busttor-

219 1991 295 2054 pere
308 1967 402 2047 ultra,
417 1980 449 2035 et
459 1968 659 2055 polluendam
673 1968 927 2055 perdendamque
941 1968 1069 2059 Rempu
1091 1968 1181 2033 licam
1191 1967 1283 2033 relin-

219 2076 327 2141 quere,
338 2076 431 2142 sopor
440 2070 472 2118 et
481 2054 606 2140 ignavia
615 2054 784 2132 videretur,
794 2054 886 2119 etiam
896 2054 995 2132 aubi,
1004 2078 1099 2141 quam
1108 2055 1282 2133 inhonesta,

221 2151 286 2203 tam
295 2152 366 2208 tuta
375 2138 508 2210 servitus
516 2153 607 2203 esset.
642 2139 736 2203 Abiit
746 2141 814 2226 jam
828 2154 860 2203 et
870 2152 1079 2211 transvectum
1091 2150 1137 2205 est
1146 2153 1281 2227 temps,

216 2249 283 2313 quo
295 2248 401 2313 posses
412 2224 511 2289 videri
519 2224 715 2311 concupisse:
730 2224 975 2312 confugiendum
985 2238 1032 2290 est
1041 2225 1083 2289 ad
1094 2226 1281 2312 Imperium.

218 2461 297 2512 miuus
306 2464 368 2512 bona
375 2468 418 2521 est,
428 2460 474 2510 hoc
483 2474 567 2510 smair
583 2460 665 2526 siquis
674 2477 734 2527 pree.
760 2460 884 2522 estimare,
895 2462 910 2510 i.
922 2478 943 2512 e.
953 2462 1098 2522 existimare,
1107 2468 1135 2512 ut
1145 2461 1212 2512 estin
1222 2458 1279 2514 MS·

217 2527 293 2575 mium
303 2536 368 2590 petat
377 2529 408 2576 ab
418 2527 513 2576 adversa
519 2535 593 2590 parte,
604 2526 668 2590 quod
673 2543 733 2592 pra·
762 2526 822 2586 Reg-
833 2526 898 2590 quod
906 2527 991 2576 melius
1001 2536 1065 2590 pute.
1083 2527 1154 2576 Eas.

216 2592 276 2640 send
285 2591 381 2640 facinori
390 2606 481 2668 semper
492 2599 600 2655 paratum
614 2600 656 2639 est.
688 2591 734 2638 iit·
795 2593 849 2640 Aac
860 2597 921 2640 cera
931 2605 977 2641 noe
1002 2591 1033 2638 In
1044 2591 1101 2640 MS.
1107 2592 1169 2642 Flor.
1177 2597 1221 2642 out
1230 2605 1278 2640 una

216 2656 301 2707 iamin
312 2655 735 2718 aiteraleenonepcroiomtamensie
763 2665 882 2706 cortraco
897 2671 920 2702 e.
936 2656 963 2704 J.
1021 2670 1045 2703 u.
1056 2665 1124 2719 putet
1139 2670 1280 2706 remmam

217 2719 411 2784 intelligendum
439 2721 502 2784 quod
528 2734 619 2788 semper
644 2735 734 2782 sperare
762 2729 805 2770 aar
821 2735 876 2779 sora
893 2727 953 2768 cerie
969 2737 1015 2768 neu
1030 2721 1150 2770 mdocmr
1167 2735 1214 2770 non
1227 2735 1280 2782 rgo.

217 2794 293 2850 potest
302 2785 359 2832 talia
368 2801 447 2846 ausus,
458 2784 552 2850 quoda*
565 2800 656 2848 semper
665 2801 733 2848 para-
762 2785 873 2851 Oppositi
890 2791 933 2832 aet
949 2799 995 2832 nes
1011 2783 1077 2835 nulla
1097 2800 1140 2834 nee
1155 2783 1277 2848 elegantia,

173 2848 176 2854 '
218 2859 271 2898 urm
285 2858 327 2898 est.
361 2852 471 2898 Proerenr
479 2851 630 2912 ,forinsecas
646 2849 733 2909 sudu,
761 2864 805 2900 nee
825 2849 953 2898 necessitas.
968 2849 1039 2900 Eure.
1072 2849 1135 2903 auu
1153 2857 1197 2901 eui
1215 2856 1277 2902 cer'iae

215 2926 289 2962 auor.
312 2915 386 2966 Ena.
416 2915 481 2964 Cum
497 2914 553 2976 Bip.
569 2929 656 2978 repono
665 2915 733 2978 Μ-
762 2917 928 2964 mordeam.

214 2982 279 3027 aori.
794 2980 962 3042 Magnifimm.
988 2981 1068 3028 aazia
1083 2980 1148 3028 Deos
1162 2978 1218 3045 ιω]
1237 2979 1277 3032 εἰς

253 3045 418 3108 Volaginium}
440 3042 545 3103 Quidam
561 3043 615 3091 iibri
634 3045 731 3106 Vologt-
759 3042 980 3108 interpungendum,
996 3043 1016 3092 ri
1032 3057 1111 3090 sensus
1121 3050 1224 3098 eonium
1234 3045 1276 3098 de·

214 3126 283 3170 m,
294 3119 323 3156 ut
332 3110 393 3172 Agr.
402 3110 439 3156 ed.
450 3123 486 3170 pr.
497 3106 616 3154 Indiemm
626 3108 679 3156 aliia
688 3122 731 3155 no·
760 3111 809 3166 bet,
826 3117 853 3156 ut
869 3117 903 3156 est
918 3107 942 3154 in
954 3107 1009 3156 MS.
1027 3107 1105 3154 Guelf.
1119 3107 1172 3154 edd.
1184 3108 1274 3162 Puteal

215 3189 279 3221 men.
292 3173 349 3221 Vid.
360 3174 387 3222 J.
398 3174 500 3221 Gronov.
512 3171 585 3219 Ena.
607 3171 670 3219 Bnd.
686 3174 730 3220 Vc
760 3172 871 3222 Beroeitli
881 3182 924 3220 etc.
941 3171 1019 3223 Possis
1029 3171 1147 3234 suspicari,
1159 3187 1277 3234 quemad·

215 3239 344 3299 iaginicm.
759 3239 1046 3300 latareiieip.quamtiii
1053 3238 1276 3301 magnificaequ-

247 3305 309 3350 ΡΜ
318 3301 551 3363 maltommierqas
557 3299 731 3362 remmjem
760 3309 786 3349 ta
802 3305 874 3362 Deos,
891 3304 908 3348 i.
926 3308 943 3349 t.
960 3317 991 3348 m.
1004 3318 1031 3364 p.
1048 3315 1067 3352 o.
1101 3300 1147 3350 Sed
1163 3303 1274 3355 amentia

212 3373 239 3415 ct
248 3368 340 3431 emam]
353 3366 429 3414 Multi
438 3365 474 3413 iili
483 3374 507 3414 et
516 3366 596 3414 meti
606 3380 730 3425 mones,
759 3366 820 3416 iliud
836 3367 913 3430 potius
931 3365 1050 3416 dudunt.
1083 3365 1114 3414 In
1133 3365 1183 3426 eius
1201 3381 1273 3420 manu

212 3433 298 3496 partim
308 3446 386 3480 coram
396 3431 480 3491 habiti,
494 3432 579 3494 partim
590 3445 632 3494 per
646 3429 730 3478 ritum
757 3447 815 3492 esse,
826 3431 889 3490 dicit,
901 3445 931 3480 au
941 3429 998 3480 velit
1013 3429 1137 3492 impe-ium
1152 3429 1212 3481 illud
1228 3431 1272 3484 ha-

213 3497 308 3558 itais.
319 3511 340 3544 e
351 3498 390 3552 79.
402 3504 460 3547 extr.
484 3497 730 3548 metusmetus
757 3498 819 3545 bere.
836 3497 907 3544 Ean.
942 3493 1113 3556 Budpessime
1124 3495 1186 3540 visit
1200 3497 1273 3558 Deos,

213 3563 257 3625 qni
267 3563 298 3611 ab
308 3561 443 3610 mutus
455 3575 496 3624 per
512 3561 597 3608 Titum
610 3559 675 3619 faeti,
687 3575 730 3624 op-
757 3557 1274 3620 abiRheu.eonjectaudooperam1udit;nee

212 3627 307 3689 ponitur
316 3626 420 3673 maxime
428 3640 517 3674 eorem.
551 3627 653 3673 &aaa
662 3638 730 3686 paro
757 3625 839 3674 melior
845 3626 976 3686 conjectura
986 3622 1085 3673 Ernesti

211 3689 356 3738 sermonibus
366 3690 499 3754 opponitur,
510 3690 566 3754 quia
578 3689 729 3752 presentibus
788 3691 869 3738 Juxta
877 3690 952 3753 Deos]
970 3687 1007 3736 (if.
1019 3703 1039 3740 u·
1048 3687 1088 3742 78.

211 3754 308 3818 [regatis
322 3762 346 3802 et
361 3754 441 3801 amicis
456 3755 540 3814 faetus,
555 3761 584 3802 ut
598 3761 662 3822 patet
676 3767 691 3800 e
705 3769 725 3801 c.
761 3790 763 3795 .
791 3755 814 3802 A
825 3753 1066 3806 motameiiaetlande
1073 3750 1274 3817 propinassem]

212 3819 252 3874 78.
272 3818 324 3867 init.
363 3819 420 3866 Non
436 3819 508 3882 igitur
525 3827 581 3872 mat,
598 3832 670 3881 qnare
688 3817 727 3866 iiie
757 3817 850 3884 liupr.
861 3826 911 3866 raro
926 3819 1057 3880 ov-fuen'r,
1074 3815 1138 3928 iim
1148 3826 1188 3867 est
1203 3816 1273 3872 etiem

212 3883 318 3932 Freinsin
339 3883 442 3944 anerei,
463 3895 487 3932 et
532 3882 597 3930 'nid
617 3881 727 3931 excidisse
757 3883 971 3938 indesidem-s.
987 3881 1061 3934 Male·
1098 3880 1273 3936 ardiciuseisa.

210 3956 309 4013 putaret.
342 3948 452 3996 cenum
469 3948 546 4001 MS„
570 3962 603 3996 or.
618 3947 726 3995 habaet
758 3945 1272 4017 dusdietumssaprnoooturuiiaepropiar

207 4013 327 4074 iurarem,
343 4011 406 4060 unde
421 4012 448 4061 J·
460 4012 535 4063 (ison.
548 4011 641 4074 conjicit
655 4018 680 4059 ct
694 4014 726 4063 cd
757 4028 828 4074 quom
843 4014 909 4060 madi
916 4013 1006 4075 faerit.
1023 4010 1086 4060 Mox
1101 4021 1130 4066 ree
1145 4025 1164 4057 e.
1180 4011 1208 4058 C.
1220 4007 1272 4070 qu.

209 4093 326 4126 sormam.
359 4077 396 4124 at
411 4090 495 4126 arona
510 4077 540 4126 de
555 4078 596 4126 tali
611 4086 725 4125 converte
756 4079 810 4126 dem
823 4078 885 4127 edidi
900 4092 954 4126 eim
968 4075 1161 4140 Rycketiiton.
1175 4088 1188 4128 e
1204 4072 1270 4128 rna

209 4157 258 4190 non
275 4143 368 4190 dieitur.
398 4139 464 4190 Nam
481 4152 505 4191 et
523 4141 605 4191 (licere
622 4141 678 4189 dicit
694 4141 725 4190 de
755 4157 799 4205 pro
815 4143 989 4205 aee-quidem.
1001 4139 1073 4192 uad
1083 4140 1108 4199 4,
1125 4139 1165 4192 it
1196 4137 1284 4194 Elius*

185 4214 187 4217 ’
206 4209 251 4257 arii
260 4215 375 4257 conventu
382 4208 428 4254 ribi
435 4221 545 4255 eororam
554 4207 724 4269 defueram
756 4207 820 4259 Bud.
832 4208 902 4256 etiam
912 4221 942 4256 ae
952 4221 972 4256 e.
987 4207 1045 4268 cio.
1057 4203 1128 4268 prim,
1137 4202 1272 4270 teme-jiu-

208 4289 251 4338 pro
267 4272 378 4321 Deiotaro
393 4271 486 4334 diceret,
503 4272 560 4337 quia
573 4270 723 4338 judiciumin
755 4275 797 4321 rit.

209 4339 317 4388 cubiculo
327 4337 424 4388 (laseris
433 4337 540 4386 habitum
548 4335 632 4385 fuerat.
649 4335 723 4385 Eua.
788 4334 1118 4400 Aetujmrrremvertum]
1127 4333 1272 4386 Obscuram

210 4403 332 4467 Budjam
341 4411 364 4452 ct
375 4414 460 4450 corani.
756 4401 875 4462 sententia,
887 4410 911 4450 et
920 4417 974 4465 erge
988 4408 1061 4450 acuta·
1094 4399 1137 4448 An
1151 4397 1195 4446 hoc
1209 4395 1270 4454 vult,

244 4469 387 4531 AErtimorc]
395 4468 451 4518 MS.
459 4466 538 4516 (iucif.
546 4465 634 4531 (Bud.)
642 4466 677 4514 ed.
688 4481 723 4529 pr.
754 4469 805 4528 jam
817 4481 894 4516 senem
903 4482 950 4514 esse
962 4464 1140 4528 Vespasianum,
1153 4471 1176 4510 et
1191 4461 1216 4516 in
1227 4459 1270 4511 huc
