3059 4975
216 264 256 323 68
598 257 904 320 HISTORIARUM
1118 258 1161 332 [Α.
1176 274 1207 319 υ.
1220 260 1301 319 823..

263 423 445 490 LXXIII.
474 423 538 487 Per
557 422 642 488 idem
665 437 789 510 tempus
814 446 853 489 ex
911 420 1011 487 tulate
1034 420 1077 487 ad
1102 446 1161 511 sup
1184 421 1290 487 licium

221 508 336 577 Galvia
356 506 534 606 Crispinilla
550 509 644 573 variis
660 508 854 573 frustrationi
878 532 925 587 ue,
946 521 978 573 et
997 506 1134 573 adversa
1168 508 1295 572 issimu-⁸

219 595 314 661 lautis
336 593 491 681 Principis
511 593 606 673 fama,
629 592 768 681 periculo
792 608 937 681 exempta
961 607 1027 658 est:
1050 594 1199 680 magistra
1220 592 1292 658 libi·

221 680 332 747 dinum
353 678 497 759 Neronis,
520 692 711 767 transgressa
731 680 766 743 in
786 679 940 759 Africam,
961 679 1003 743 ad
1024 678 1237 764 instigandum
1257 679 1292 741 in

222 790 309 832 arma
324 764 471 830 Clodium
490 768 656 845 Macrum,
669 766 786 831 famem
804 766 923 855 populo
942 764 1038 829 Rom.
1053 764 1140 828 haud
1161 765 1293 829 obscure

222 852 342 930 molita,
370 851 466 917 totius
493 865 601 939 postea
628 850 761 917 civitatis
792 850 925 939 gratiam
952 849 1098 928 obtinuit,
1128 848 1295 915 Oonsulari

222 936 419 1001 matrimonio
440 938 584 1015 subnixa,
606 949 638 1001 et
660 936 746 1037 apud
769 937 915 1016 Galbam,
934 936 1106 1013 Othonem,
1129 932 1294 1001 Vitellium

222 1022 347 1087 inlaesa:
370 1045 445 1087 mox
459 1038 717 1173 potenqlpeounra
732 1036 764 1088 et
781 1024 924 1101 orbitate,
946 1044 1019 1109 quae
1039 1021 1129 1087 bonis
1143 1021 1294 1109 malisque

224 1108 418 1195 temporibus
427 1109 555 1197 juxtav
588 1121 650 1173 ent.
1294 1143 1297 1157 ·

268 1194 437 1259 LXXIV.
462 1195 589 1259 Crebrae
602 1194 737 1274 interim,
751 1206 784 1259 et
797 1192 1001 1259 muliebribus
1015 1192 1235 1258 blandimentis
1249 1192 1296 1257 in·

224 1280 326 1357 fecta,
341 1280 382 1344 ab
396 1280 521 1344 Othone
535 1278 577 1343 ad
587 1278 747 1344 Vitellium
756 1278 906 1367 epistolae,
917 1278 1088 1344 offerebant
1098 1286 1120 1317 ‘⁴
1131 1279 1295 1365 pecuniam

225 1383 257 1431 et
264 1365 397 1453 gratiam
407 1379 438 1429 et
446 1388 602 1451 quemcun
625 1389 665 1429 ue
674 1365 788 1452 quietis
797 1364 900 1430 locum
911 1364 1052 1451 prodigae
1060 1364 1134 1429 vitae
1144 1364 1296 1449 legisset.”

227 1451 323 1517 Paria
341 1450 484 1515 Vitellius
501 1464 622 1515 ostenta
663 1465 686 1529 t,
708 1451 809 1538 primo
828 1450 963 1529 mollius,
983 1449 1079 1515 stulta
1092 1450 1250 1535 utrimque
1264 1462 1297 1515 et

164 1554 170 1563 “
225 1536 371 1601 indecora
392 1535 604 1601 simulatione:
627 1560 711 1614 mox,
734 1536 824 1624 quasi
844 1535 991 1614 rixantes,
1011 1548 1120 1623 stupra
1135 1550 1167 1599 et
1179 1535 1297 1623 flagitia

226 1621 359 1687 invicem
388 1623 601 1710 objectavere:
635 1636 745 1688 neuter
773 1622 860 1687 falso.
914 1620 1010 1699 Otho,
1034 1622 1198 1699 revocatis,
1217 1644 1297 1707 quos

229 1707 333 1773 Galba
353 1707 488 1787 miserat,
510 1708 631 1795 legatis,
653 1732 762 1774 rursus
783 1708 859 1773 alios
879 1708 921 1771 ad
942 1719 1112 1793 utrumque
1133 1705 1298 1771 Germani-

227 1816 301 1859 cum
312 1793 480 1858 exercitum
490 1808 522 1859 et
532 1794 574 1859 ad
583 1793 736 1881 legionem
752 1792 906 1873 Italicam,
921 1816 1046 1879 easque,
1061 1815 1133 1878 quae
1144 1792 1196 1855 Lu
1243 1792 1298 1856 uni

228 1880 374 1967 egebant,
396 1878 510 1967 copiaS,
533 1879 633 1967 specie
654 1880 789 1945 Senatus
809 1878 902 1944 misit.
953 1877 1068 1963 Legati
1088 1877 1175 1965 apud
1229 1876 1297 1941 ioel-

228 1964 307 2029 lium
321 1987 502 2044 remansere,
515 1987 604 2052 prom
629 1964 701 2044 tius,
712 1988 808 2052 quam
822 1977 860 2027 ut
873 1964 984 2029 retenti
992 1962 1181 2028 viderentur.
1213 1964 1299 2027 Proe-

230 2050 352 2129 turiani,
363 2073 453 2137 qnos,
464 2073 521 2138 per
531 2051 610 2117 simu
643 2050 757 2117 tionem
769 2049 871 2129 officii,
883 2048 993 2137 legatis
1005 2049 1090 2115 Otho
1100 2048 1297 2137 adjunxerat,

265 2324 353 2373 Galata
365 2322 517 2386 Crispinilla]
527 2324 707 2375 Calviaveriuas
718 2338 749 2372 an
781 2322 875 2388 Ibique,
888 2338 943 2371 eum
956 2322 1019 2370 idem
1033 2320 1063 2371 sit
1076 2319 1101 2368 in
1112 2318 1148 2367 ed.
1161 2336 1197 2383 pr·
1207 2327 1230 2368 et
1241 2319 1300 2369 Ms.

231 2387 311 2447 etiarn,
328 2388 460 2435 ministra?
480 2403 523 2437 neo
538 2396 616 2440 nmen
632 2389 692 2437 illud
708 2389 758 2442 dri-‚-
782 2388 844 2451 Agr.
856 2402 910 2436 oum
920 2387 1012 2452 Ryekio
1021 2386 1102 2449 reoepi.
1111 2384 1300 2451 (But-imm.)

229 2464 294 2500 mno.
317 2451 751 2520 Ceterumheccalviaevestesporo
783 2452 846 2502 Mox
862 2468 877 2502 a
895 2452 952 2502 MS.
968 2452 1031 2501 Bud.
1051 2452 1130 2499 aberat
1150 2450 1301 2513 temporibus.

229 2515 277 2564 fuit
287 2524 310 2563 et
319 2517 464 2578 ejuscustoe.
494 2520 641 2568 Breviarium
656 2520 749 2579 Dionis,
782 2518 911 2568 Rhenanus
920 2517 1063 2579 intelligebat
1071 2515 1211 2564 hominibus
1244 2515 1301 2564 Non

231 2579 370 2642 inNerone,
381 2582 422 2641 63,
436 2582 473 2631 12.
495 2584 630 2646 Χωρὶςδὶ,ὅ
640 2603 665 2632 τι
678 2587 751 2632 Πολύ-
783 2579 1301 2642 αεᾱοὸοηίεὴοαηίηὶὸωᾶὶᾘθῦὸῐὶῑῑᾱῧθ·
1346 2585 1348 2590 ’

232 2654 319 2699 abersee
343 2645 379 2690 aad
402 2645 497 2694 nannete
519 2650 668 2709 Κρισπινίλλα
689 2647 749 2707 ἦγον,
783 2661 825 2697 nos
844 2646 904 2695 viros
920 2647 965 2694 ista
980 2654 1132 2710 atqueatquc
1148 2643 1211 2708 apud
1227 2645 1301 2694 malos

230 2709 340 2770 lelohim,
361 2710 448 2756 tetro»
473 2710 538 2758 nte*
563 2712 608 2759 ὅσα
635 2713 751 2777 ἐνεδέχετο·
784 2711 867 2760 valere·
906 2711 952 2760 Sed
973 2719 995 2759 et
1014 2709 1080 2759 bonis
1097 2709 1239 2772 temporibus
1257 2709 1302 2758 ista

231 2773 310 2826 irrisor
325 2773 363 2834 μὶν
380 2773 400 2819 ir
411 2774 443 2841 sp*
457 2775 537 2841 Ῥώμῃ,
550 2776 606 2831 αὕτη
621 2777 643 2824 δὲ
652 2778 712 2837 μετά
724 2795 749 2823 τε
784 2776 884 2834 valuere,
898 2783 927 2824 ut
937 2775 1049 2839 Augusti·
1062 2774 1094 2823 V.
1107 2773 1174 2822 Anu.
1187 2773 1212 2834 3,
1226 2775 1266 2822 25.
1279 2783 1302 2823 et

232 2840 272 2882 τοῦ
283 2837 379 2898 Νέρωνος
390 2838 426 2897 rol
437 2839 497 2899 μιτὰ
505 2839 685 2894 τῆςΣαΕίνηςτοῦ
694 2841 750 2888 Σπό-
784 2839 818 2889 ibi
828 2839 931 2902 Lipsius·
944 2841 1018 2888 ERN·
1029 2881 1033 2892 .

232 2917 276 2962 ρον.
308 2904 350 2955 Τήν
360 2920 385 2948 τι
401 2902 443 2968 γὰρ
460 2908 559 2964 φυλακὴν
574 2907 647 2960 αὐτοῦ,
664 2904 700 2950 καὶ
711 2906 750 2958 τὴν
819 2905 911 2954 Crebra
930 2906 1028 2953 inierim
1045 2903 1098 2964 ete]
1117 2905 1301 2964 Blandenonne,

232 2964 370 3026 lmftrrslar
381 2968 418 3019 τὴν
428 2966 477 3028 περὶ
494 2968 589 3025 ἐσθῆτα,
606 2970 683 3029 καίπιρ
699 2971 749 3026 γυνὴ
785 2969 848 3034 quod
856 2969 934 3019 Rhen.
942 2973 967 3032 (e
975 2967 1050 3030 Bud.)
1059 2967 1138 3028 edidit,
1145 2968 1215 3016 etiam
1223 2967 1306 3031 etl-prs

233 3028 453 3089 καὶῖπιφανὴςοῦσα,
466 3031 700 3088 {niutan-tamdia·
711 3035 750 3079 oul-
784 3049 832 3082 non
843 3035 970 3082 blanditiis.
1002 3033 1064 3082 Mox
1075 3033 1197 3095 offprebarti
1206 3049 1233 3094 p·
1244 3040 1303 3096 rig.

232 3092 502 3147 τῆςπάιτεςάπιδδωτο.
526 3095 749 3157 videmnus,
784 3107 819 3146 est
834 3114 849 3146 a
865 3099 942 3147 Rhen.
963 3101 1004 3164 (ex
1019 3096 1132 3161 ingenio.)
1165 3097 1211 3146 Sed
1227 3097 1305 3146 MSS··

231 3156 290 3218 quid
305 3156 398 3205 femina
414 3158 496 3207 Calvia
510 3159 560 3208 heo
576 3160 653 3220 fuerit,
670 3169 694 3208 et
710 3177 751 3210 cur
786 3163 822 3222 (in
832 3162 904 3212 biset
918 3165 992 3223 Bud.)
1007 3171 1030 3212 et
1045 3161 1164 3210 edum
1179 3163 1303 3222 ‹miraban-

231 3220 319 3283 populo
330 3235 405 3271 exosa.
420 3223 495 3272 Ltus.
513 3225 598 3273 Goloia
607 3225 662 3275 MS.
673 3225 752 3274 Guelf.
786 3234 827 3276 tar
845 3231 972 3290 perunum
992 3237 1043 3282 ete..
1069 3227 1177 3276 Pithone
1192 3226 1301 3288 oonjeeitz
1322 3237 1324 3242 ’

233 3281 323 3344 (Buri)
337 3282 389 3333 edd.
401 3287 492 3335 Puteol.
505 3303 569 3352 seqq.
582 3288 629 3336 Ed.
645 3306 680 3354 pr.
693 3292 752 3340 Gal·
784 3294 892 3356 epotata.
909 3293 1026 3354 Offerqbat
1031 3293 1165 3354 pecaniam.
1186 3292 1258 3340 Bene.
1270 3290 1303 3338 V.

231 3347 289 3396 Ilva.
328 3349 419 3398 Eadem
443 3353 592 3414 Crispinilla,
617 3362 645 3402 ut
671 3354 751 3415 Guelf.
784 3357 936 3414 ad3‚81.ex
946 3357 1053 3421 quolooo
1063 3354 1304 3404 huneemendandum

233 3411 324 3476 (Bud.)
343 3413 379 3462 ed.
395 3415 473 3465 Rhen.
489 3433 540 3482 sqq·
558 3427 583 3466 at
598 3428 677 3470 estere
698 3429 752 3470 ante
785 3435 839 3470 eum
854 3421 957 3469 Pichena
970 3421 1040 3470 etiam
1054 3420 1080 3469 J.
1092 3420 1224 3469 Gronovius
1234 3428 1305 3483 puta-

232 3475 311 3526 Rben.
330 3479 479 3543 Crispinum
495 3481 566 3531 male.
581 3485 654 3532 Ean.
690 3528 693 3535 .
785 3487 833 3534 bat
866 3485 936 3534 Forte
952 3486 1022 3534 etiam
1035 3499 1083 3534 non
1096 3485 1159 3534 male
1171 3486 1305 3545 offereban-

264 3544 307 3591 Aa
322 3544 486 3607 instigandum
501 3549 528 3594 in
543 3548 624 3611 ornae]
640 3549 701 3609 Qun
717 3565 749 3599 sc.
785 3557 827 3598 tar
833 3552 966 3612 pecaniam
973 3552 1065 3612 gratia
1086 3548 1157 3600 ,Mox
1167 3551 1303 3608 ostentabat,

210 3621 275 3683 ¹pro
287 3608 387 3683 ,Nerone
407 3609 537 3679 uleisoendo
558 3622 655 3677 saperet·
690 3614 752 3664 Mox
785 3613 848 3678 quod
860 3614 963 3680 Rycldus
974 3620 999 3678 (e
1009 3614 1060 3663 eod.
1068 3614 1139 3678 Agr.)
1149 3614 1305 3676 proortendc-

232 3670 295 3719 edidi
306 3671 399 3734 Populo
410 3675 481 3724 Rom.
493 3685 521 3724 ut
536 3676 610 3725 voluit
621 3677 753 3737 helduino,
786 3681 824 3727 bot
834 3677 913 3742 edidit,
925 3687 992 3728 estet
1005 3679 1031 3728 in
1046 3679 1083 3728 ed.
1094 3693 1130 3742 pr.
1141 3689 1164 3726 et
1175 3687 1209 3728 est
1221 3677 1304 3726 Tacito

232 3750 263 3783 ex
278 3735 315 3784 ed.
330 3738 464 3866 ffisvlqlgro
475 3743 560 3868 {ogasti
576 3743 610 3790 R.
628 3742 667 3793 Sic
682 3745 752 3792 etiarn
786 3743 901 3793 usitatius.
920 3745 992 3793 Enit.
1008 3743 1071 3794 Bud.
1083 3744 1219 3794 ostendebat·

232 3807 316 3848 antee
345 3867 349 3872 .
521 3804 587 3854 ekius
604 3808 639 3869 (et
655 3807 753 3874 Heius.)
818 3805 1305 3872 Pemnumetgrartamumoetsoeiea.

231 3863 380 3913 Ean-Bud.
392 3866 482 3930 Populi
493 3870 526 3918 R·
786 3873 948 3938 temImperii.
978 3873 1027 3921 Dio
1036 3867 1078 3932 64,
1090 3874 1129 3921 lo.
1301 3899 1304 3904 Δ

267 3929 395 3979 Consors
411 3935 561 3982 matrimonio
579 3937 663 3984 innisa
694 3936 749 3987 M.
818 3940 907 3996 Primo
922 3939 1029 4002 modius]
1045 3937 1110 3986 Bud.
1125 3936 1244 4003 praemittit
1259 3939 1306 3985 Vo-

232 3993 347 4050 cabatur,
373 3993 660 4064 Sodnrlgatampraetulit
694 4002 699 4012 ”
729 4018 753 4050 e·
785 4003 1304 4116 mullorumquodlihendorseninthio·

232 4069 272 4106 na.
304 4059 358 4133 ligo
366 4061 534 4124 vomituum,
543 4065 607 4128 quod
615 4079 684 4114 sensu
692 4083 752 4130 prae-
786 4075 932 4118 hominumn
948 4083 990 4116 um
1002 4067 1144 4130 oonjieiebat.
1176 4065 1258 4120 Credo,
1274 4064 1305 4113 li-

232 4131 359 4186 gnannuss
384 4137 441 4172 nam
457 4128 558 4176 sutum
578 4129 634 4178 dicit
654 4145 696 4194 pro
713 4146 752 4179 su-
785 4132 1113 4196 bruriumpererroremine.
1125 4133 1165 4180 66.
1174 4129 1307 4180 recidisse..

231 4188 312 4251 parba,
321 4188 389 4260 elata.
406 4189 684 4254 UtapudSiliumVarro
692 4197 753 4244 Sub·
819 4199 917 4246 Rursus
937 4198 1009 4261 alios]
1036 4195 1124 4259 Recepi
1146 4199 1214 4254 alios,
1239 4210 1272 4259 qu

232 4253 751 4330 rrirasrugtoplebeiimunerirortroOnon.
786 4260 860 4310 MSS.
875 4261 965 4324 (Bud.)
981 4261 1061 4310 Guell.
1076 4259 1155 4310 Oxon.
1171 4261 1231 4326 Agr.
1248 4259 1301 4308 edd.

232 4316 315 4394 aitque
324 4328 394 4366 enam
400 4318 458 4368 abbr
465 4329 541 4372 noster
547 4323 661 4372 minim
668 4337 754 4386 cogna-
785 4333 839 4374 ante
849 4325 928 4374 Rhen.
939 4341 1019 4374 omnes
1028 4327 1124 4388 habent,
1132 4334 1156 4376 et
1165 4343 1180 4376 a
1190 4327 1306 4377 Rhenano

231 4385 334 4431 tuentius
349 4391 373 4432 et
387 4383 474 4434 'similia
490 4385 558 4446 dixit,
574 4401 620 4434 non
633 4404 681 4437 uno
695 4391 753 4438 loeo.
787 4389 1024 4440 tacitemnissumest.
1040 4389 1113 4439 Ean.
