3059 4975
235 253 293 312 338
624 248 925 310 HIsTORIARUM
1132 256 1221 329 [nu.
1236 257 1305 314 894.
1388 247 1392 252 ’

240 415 319 492 telis,
341 413 450 501 preda
471 434 582 478 manus
602 413 784 502 inpediunt:
812 413 869 480 sed
881 426 995 478 cuncte
1012 436 1088 479 mox
1108 438 1257 503 prospera
1272 429 1306 482 et

240 501 323 566 hosti
334 499 487 566 contrarie
495 501 641 564 evenisse.
679 501 760 578 Quae
769 499 926 596 provideri
936 513 1006 565 catu
1013 499 1115 566 Ducis
1123 503 1307 589 oportuerit,

242 587 384 674 provisa:
405 608 531 672 campos
551 584 709 650 madentes
723 585 843 682 etnrpsis
862 586 1147 736 gnarcsp‘pdudes
1163 587 1307 654 hostibus

241 673 361 736 nonies.
405 672 555 736 Rhenum
576 683 607 734 et
624 672 801 735 Germamae
819 672 905 734 Deos
925 671 959 734 in
1023 685 1148 759 spectu:
1169 697 1307 759 quorum

242 758 414 822 numineca
469 770 569 821 serent
579 777 729 843 pugnam,
740 756 922 844 conjugum,
936 772 1111 844 parentum,
1122 772 1233 857 potnae
1242 782 1309 824 me·

242 866 359 909 mores:
394 845 400 855 '
429 865 482 906 um
507 841 590 906 diem
614 853 669 906 cut
694 839 947 928 gloriosissimum
976 843 1057 909 inter
1078 867 1221 929 majores,
1250 859 1307 910 aut

242 929 480 1016 ignominiosum
495 951 514 992 a
537 927 581 992 ud
603 941 754 1014 posteros,
769 928 863 992 fore.”
906 928 974 993 Ubi
994 952 1070 994 sono
1082 953 1239 994 armorum
1253 930 1308 994 tri-

243 1013 409 1102 pudiisque
424 1014 481 1099 (ita
490 950 551 1076 iliis
561 1014 641 1093 mos)
656 1012 828 1100 adprobata
841 1028 914 1078 sunt
924 1013 1018 1092 dicte,
1033 1015 1115 1080 sexis
1127 1015 1309 1102 glandibus·

244 1123 306 1186 quc
328 1113 359 1166 et
376 1100 484 1164 ceteris
512 1098 678 1163 missilibus
706 1098 850 1185 proelium
879 1099 1044 1186 incipitur:
1076 1123 1180 1187 neque
1203 1114 1308 1166 nostro
1402 1149 1407 1156 ,

243 1185 340 1250 milite
354 1185 499 1273 paludem
522 1183 723 1270 ingrediente,
738 1196 770 1248 et
784 1184 964 1262 Germanis,
987 1199 1024 1249 ut
1037 1185 1193 1265 elicerent,
1214 1186 1310 1252 Iaces-

241 1271 388 1336 sentibus.
937 1307 940 1310 <

296 1357 424 1424 XVIII.
450 1356 645 1442 Absumptis,
664 1379 737 1454 quae
753 1356 926 1454 jaciuntur,
941 1369 974 1420 et
991 1355 1169 1422 ardescente
1189 1379 1309 1444 pugna,

267 1465 427 1506 rocursum
438 1444 478 1508 sb
489 1442 576 1506 hoste
584 1439 742 1506 infestius:
758 1443 903 1507 mmensis
913 1443 1095 1529 corporibus
1102 1455 1135 1507 et
1143 1442 1310 1529 praeIcngis

244 1465 341 1592 Iustis
349 1527 522 1592 fluitantem
530 1526 748 1613 labentemque
757 1527 884 1592 militem
893 1528 1015 1592 eminus
1024 1528 1200 1594 fodiebant:
1217 1527 1310 1593 simul

244 1613 372 1692 emole,
387 1637 483 1700 quam
504 1613 647 1678 eductam
668 1613 703 1676 in
724 1615 873 1679 Rhenum
895 1613 1068 1691 retsdimus,
1088 1615 1311 1679 Bructerorum

246 1865 317 1914 tentia
327 1865 362 1914 uti
372 1865 479 1924 voluisse,
489 1879 543 1928 que
553 1877 600 1912 non
611 1865 641 1913 sit
651 1865 721 1914 nimis
732 1865 763 1914 ad
794 1874 863 1928 putet
876 1865 967 1913 Tollius
983 1863 1014 1912 ed
1028 1862 1130 1911 Ausonii
1144 1863 1270 1912 Mosellam
1285 1881 1310 1928 p.

247 1929 327 1976 risum
344 1929 473 1986 meranda,
484 1929 563 1993 quales
579 1928 656 1994 plures
672 1929 697 1977 in
714 1929 763 1978 Ts-
795 1931 851 1978 sel.
862 1944 987 1977 nummum
1005 1928 1106 1976 Neronis
1121 1927 1203 1986 Drusi,
1222 1928 1310 1991 inquo

249 1993 301 2041 cito.
329 1992 569 2042 Victorieestsbusus
577 1993 765 2054 victcrIae,nin1is
795 1995 891 2042 Numen
913 1994 1020 2051 Rhenus,
1042 1991 1162 2056 additque,
1183 2007 1207 2040 se
1226 1991 1311 2040 vidisse

248 2057 356 2108 fiduciae
367 2058 467 2118 victoris,
479 2060 557 2118 verbo,
573 2057 629 2106 vitis
643 2059 764 2108 victorum.
795 2058 898 2108 colonias
912 2058 1005 2122 signum
1014 2057 1094 2106 Rheni
1104 2071 1194 2106 ensem
1204 2072 1259 2105 eum
1270 2057 1310 2104 lit-

249 2122 320 2172 ΕΗ.
353 2121 666 2172 FloretBudcicecriem.
794 2123 928 2171 terisnrus
941 2136 1067 2170 uenus.

282 2187 370 2235 Praedc
382 2204 465 2234 necnee
481 2188 624 2250 impedient]
653 2188 706 2236 Hoc
716 2187 765 2236 sine
831 2191 936 2246 Quorum
953 2188 1061 2250 numine]
1088 2185 1310 2250 ieampiciisde·

249 2251 321 2302 dubio
332 2251 448 2299 vitiosum.
478 2251 565 2299 Saltem
576 2253 707 2312 imperitant
717 2267 765 2300 esse
796 2267 858 2310 rore,
870 2251 957 2300 suinic
967 2250 1079 2298 sublevati
1089 2265 1116 2297 ac
1126 2250 1193 2297 fretis
1205 2260 1232 2297 ut
1240 2265 1310 2312 sepe,

250 2305 355 2372 debebat,
364 2316 404 2364 sed
414 2331 467 2364 vera
477 2316 544 2364 lectio
551 2324 585 2364 est
596 2318 766 2378 impediente
795 2317 859 2379 apud
869 2326 947 2380 poetas
956 2315 1080 2379 inprimis
1096 2314 1158 2362 Mor
1168 2315 1238 2362 verbe
1247 2317 1312 2360 inter

249 2380 404 2428 necandaet
412 2389 522 2444 perpetue
532 2381 619 2428 ratione
626 2379 765 2430 Ictinitstis.
796 2385 903 2444 majores.
917 2381 936 2429 si
949 2380 980 2428 ed
990 2381 1070 2428 rivum
1085 2393 1220 2437 resecemus,
1234 2378 1312 2440 perin-

251 2446 294 2493 Ne
315 2447 698 2494 terrerentur-obstitisse-dem
721 2448 766 2493 s'm-
796 2454 850 2508 epte
866 2446 926 2495 sint:
949 2460 1004 2493 narn
1021 2444 1069 2493 dies
1085 2457 1182 2507 presens
1195 2442 1313 2507 quomodo

246 2512 362 2571 pcdtrmt.
380 2511 452 2557 Eure.
796 2511 909 2571 gloriosis
926 2526 974 2558 csse
990 2510 1052 2557 inter
1068 2510 1176 2569 majores,
1193 2508 1311 2567 celebrari,

285 2573 343 2627 Quo
350 2576 472 2635 provideri
483 2574 538 2647 ete]
562 2574 768 2621 Sutentiancstrc
796 2574 886 2621 laudari
899 2590 913 2621 e
925 2573 1051 2634 majoribus
1068 2577 1162 2635 potest?
1195 2572 1242 2621 Sed
1256 2587 1312 2621 scu-

252 2636 348 2700 aliisque
369 2636 394 2683 in
415 2638 457 2684 tali
481 2646 582 2683 cranone
604 2636 663 2684 trite.
699 2637 766 2683 libri
796 2651 850 2683 men
862 2637 967 2699 quesivit
978 2637 1074 2683 Tacitus
1089 2637 1114 2682 in
1128 2636 1247 2685 antithetis
1258 2638 1312 2698 glo-

251 2702 364 2749 fluctuant
374 2701 433 2749 inter
447 2702 584 2763 procidisse,
596 2708 622 2747 ut
633 2700 765 2749 estinvul-
795 2701 882 2747 ricsiss.
905 2703 969 2747 ister
989 2703 1090 2762 csajcres
1112 2707 1135 2747 et
1160 2703 1312 2761 ignominias.

252 2766 318 2829 getis,
335 2765 388 2813 Inde
399 2780 414 2812 s
424 2764 546 2821 Rhensno,
561 2762 681 2827 (idemque
696 2763 770 2811 habet
796 2766 859 2825 apud
866 2772 978 2827 posteros.
1011 2764 1097 2812 Sensus
1107 2774 1156 2812 ests
1173 2764 1214 2813 illc
1225 2765 1312 2815 dicant

253 2830 310 2879 MS.
322 2830 413 2888 Gueli.)
423 2838 447 2877 et
461 2830 610 2891 previdisse,
623 2828 686 2892 quod
696 2836 730 2877 est
740 2828 765 2877 in
796 2828 850 2892 plus
860 2829 938 2891 glorie
948 2836 1116 2887 consecuturos,
1128 2844 1200 2892 quam
1216 2832 1312 2891 msjcrcs

158 2942 160 2949 ,
252 2895 303 2945 edd.
312 2895 432 2943 PutBsr.
444 2895 498 2943 alc.
510 2894 647 2956 etproevtsa
659 2902 686 2941 ut
696 2894 766 2943 hebet
796 2892 899 2955 ipsorum
916 2902 984 2941 antee
1001 2894 1116 2941 consecuti
1132 2894 1186 2953 sint,
1203 2903 1245 2942 sut
1261 2903 1312 2941 tan·

252 2960 316 3009 Flcr·
333 2961 369 3023 (et
387 2960 447 3021 ch.
466 2958 539 3019 hall.)
558 2958 594 3005 cd.
611 2973 647 3021 pr·
667 2958 767 3021 denique
797 2966 850 3005 tum
866 2958 1006 3032 ignominias,
1023 2967 1051 3007 ut
1066 2958 1136 3005 etism
1153 2959 1237 3021 posteri
1251 2957 1313 3005 male

248 3026 352 3087 proeuise
362 3024 386 3071 In
399 3024 454 3072 ms.
465 3022 528 3071 Bud.
540 3031 563 3070 et
568 3024 664 3083 prouisa
674 3023 699 3069 In
710 3023 765 3071 MS.
797 3021 827 3069 de
841 3022 898 3085 ipsis
911 3022 1064 3071 existimaturi
1080 3023 1134 3070 sict.
1167 3022 1222 3070 MS.
1234 3021 1313 3071 uuus

253 3090 313 3153 Agr.
335 3088 381 3138 Ed·
390 3088 456 3137 video
467 3088 525 3135 viros
536 3086 613 3133 doctos
622 3086 732 3135 inclinare
742 3087 767 3133 in
797 3086 868 3135 hahet
877 3095 969 3135 tantum
977 3089 1116 3148 gloriosam
1133 3087 1206 3135 Ean.

250 3156 356 3215 prurire,
367 3160 395 3199 ut
407 3152 484 3200 Rhen.
497 3150 639 3199 PIchenams
657 3151 721 3215 quod
734 3159 768 3199 est
834 3153 867 3200 Ut
877 3153 993 3209 elicerent,
1004 3152 1176 3214 uertentem]
1194 3153 1312 3199 Elicerem

253 3218 335 3280 utique
345 3216 469 3278 optimum,
486 3213 556 3263 etsie
570 3214 621 3261 aliis
635 3229 696 3279 sepe
712 3215 768 3263 locis
798 3216 858 3263 bene
876 3216 981 3265 Rheme
1000 3216 1064 3265 Bud.
1081 3216 1114 3263 sic
1131 3227 1155 3263 et
1172 3216 1236 3264 Flcr.
1252 3216 1313 3277 Agr.

252 3280 332 3343 reperi.
348 3279 770 3342 Proevtseautemesseecompendio
800 3280 879 3329 ticeli·
898 3281 933 3329 ed.
955 3295 991 3342 pr.
1014 3280 1108 3330 Priscus
1129 3281 1220 3329 Putecl.
1243 3278 1313 3328 edidit

254 3344 365 3395 scribendi
382 3358 424 3406 prc
437 3344 592 3407 persecu.-
609 3342 653 3391 nisi
667 3343 712 3391 fuit
726 3359 769 3407 pc-
797 3346 931 3392 statimne:
949 3345 1012 3408 quod
1018 3344 1220 3393 Bendlcsccuti.
1237 3343 1313 3393 Ena.

254 3412 300 3459 tius
313 3409 412 3473 provisa
422 3424 485 3457 esse:
502 3407 526 3455 iu
542 3422 589 3472 quo
603 3423 685 3470 genere
696 3417 768 3472 quant
798 3409 915 3457 Probahat
933 3410 976 3458 hoc
993 3408 1108 3457 Muretus.
1139 3406 1261 3472 Acidpbus
1278 3409 1313 3457 niI

225 3500 227 3504 ·
254 3474 345 3538 sopehs
353 3473 417 3521 libris
427 3480 555 3537 peccatum
566 3472 596 3519 ed
607 3472 679 3521 alium
689 3473 768 3521 locum
798 3482 882 3522 mutat.
912 3473 973 3522 Ich
984 3473 1047 3523 Bne
1058 3475 1174 3521 assumtis.

254 3538 395 3587 notavimus.
421 3537 493 3586 Ears-
526 3536 603 3585 Rhen.
618 3552 738 3601 perperam
755 3552 770 3585 e
830 3540 978 3586 Fluttaaeem
990 3537 1159 3599 hbenoempue]
1171 3536 1202 3583 In
1253 3538 1313 3585 unxi

165 3656 168 3663 ,
254 3601 317 3651 Bud.
335 3602 422 3667 profert
438 3604 557 3664 prestes,-
582 3602 652 3649 habet
669 3602 690 3648 is
706 3600 769 3649 clarc
798 3611 888 3651 etrcce
897 3602 976 3650 addita
985 3600 1075 3664 explevi
1090 3599 1234 3661 hermeus
1268 3602 1313 3650 sti-

250 3669 358 3728 proeoise.
393 3667 479 3716 Contra
498 3667 562 3715 Flor·
578 3674 636 3713 teste
654 3664 766 3725 Pichna,
797 3666 856 3715 cani.
872 3667 948 3715 ers.
980 3665 1073 3727 Nempe
1083 3666 1206 3724 labentem,
1216 3666 1313 3731 quodet

250 3732 353 3793 provise.
382 3731 477 3779 Innota
484 3730 541 3779 Ere.
549 3730 764 3786 malehecrsiatas
797 3731 906 3793 iumsrg.
919 3729 997 3780 euers
1008 3728 1076 3779 eted.
1088 3744 1123 3791 pr.
1134 3730 1217 3792 reperi.
1253 3730 1313 3779 Mox

147 3794 150 3801 “
255 3794 295 3842 scd
317 3795 393 3859 erdps,
416 3796 493 3859 quom
511 3794 575 3843 Bud.
595 3794 703 3843 Rhenani
724 3803 768 3853 est,
797 3810 851 3843 cum
865 3795 890 3843 J.
903 3792 1049 3843 Gronedidi
1064 3796 1196 3843 tramsavtt
1211 3812 1225 3844 e
1239 3796 1312 3844 MSS.

254 3858 318 3921 apud
340 3875 410 3922 quem
433 3860 509 3909 forsan
534 3874 594 3907 error
619 3858 768 3922 typographi.
798 3860 861 3907 Flos.
875 3859 936 3922 Agr.
952 3858 1079 3922 scelereque
1097 3853 1248 3924 redit'qucd
1264 3875 1313 3907 ccr-

254 3922 320 3971 Bene
337 3924 471 3972 moestiores
492 3939 595 3987 recepere
611 3924 718 3986 provise,
740 3932 769 3971 ut
798 3934 866 3987 rupte
882 3924 908 3971 in
923 3922 960 3971 ed.
973 3938 1009 3987 pr.
1024 3926 1158 3973 renssavts:
1174 3925 1207 3973 sie
1219 3933 1242 3971 et
1255 3922 1312 3971 aiibi

253 3986 370 4036 codicibus
380 4002 436 4035 suus
446 3989 593 4037 hcncsfcret.
797 3988 862 4053 apud
879 3998 984 4037 nostrum
1002 3988 1132 4041 exldbetur.
1162 3988 1220 4037 Post
1238 3987 1313 4037 MSS·

286 4053 391 4101 Paludes
406 4053 507 4101 hostibus
523 4055 618 4117 corias]
640 4050 695 4105 MS.
706 4052 769 4128 Agr
798 4053 862 4103 Flos.
878 4053 944 4103 But.
957 4054 1018 4117 Agr.
1033 4053 1111 4101 GueII'.
1128 4051 1163 4100 ed·
1181 4065 1215 4114 pr·
1233 4068 1311 4113 repac-

252 4119 357 4174 median
381 4116 444 4181 quod
462 4133 541 4166 verum
559 4118 649 4166 ridetur
668 4116 768 4180 Ryoksc·
799 4126 856 4167 terr
889 4118 937 4166 uod
952 4117 1026 4193 recepi
1043 4132 1085 4181 pro
1098 4116 1192 4179 vulgato
1205 4132 1313 4178 erepue-

253 4181 373 4232 Gcnsentit
389 4181 426 4230 ed.
436 4196 472 4244 pr.
482 4189 506 4229 et
518 4181 582 4229 fuere
597 4181 693 4245 paludes
709 4182 769 4231 iuter
798 4189 855 4231 terr
868 4183 874 4194 ‘
891 4198 938 4246 que
946 4182 1076 4245 legentum
1086 4181 1111 4227 in
1120 4180 1165 4231 has
1174 4196 1200 4229 re
1210 4182 1314 4230 rabum.

253 4369 325 4419 sur.
798 4383 898 4440 equatur

285 4436 427 4487 senemr
440 4438 521 4487 erm.
533 4438 609 4501 cre]
626 4434 766 4489 euertere
801 4463 803 4467 -
830 4406 979 4506 resim]
996 4439 1025 4490 c.
1037 4440 1076 4491 rs.
