3059 4975
196 236 250 297 152
439 202 444 210 '
564 231 852 294 maronianum
1103 238 1189 315 [aa.
1202 240 1270 301 era,

197 410 288 466 ctura
303 395 456 471 cohortis;
478 397 503 459 J
503 394 603 461 ulium
619 398 774 476 Priscum,
790 410 859 463 tum
876 396 1115 465 centurionem:
1139 400 1267 469 Priscus

200 484 348 560 Valentis,
370 482 503 547 Sabinus
522 482 656 547 Coecinae
672 484 774 569 gratia
792 482 959 570 pollebant.
1005 484 1093 549 Inter
1111 485 1267 553 discordes

200 568 331 635 Vitellio
351 568 428 632 nihil
449 567 657 633 auctoritatis:
681 569 789 633 munia
806 568 934 654 Imperii
953 569 1078 634 Caeoina
1099 594 1135 637 ac
1150 572 1268 637 Valens

200 656 346 721 obibant:
369 653 443 718 olim
457 652 542 717 anxii
556 653 646 734 odiis,
661 678 745 741 quae,
764 653 846 719 bello
861 668 892 719 et
906 654 1012 719 castris
1032 655 1111 721 male
1126 655 1269 723 dissimu-

200 742 274 821 lata,
292 739 429 827 pravitas
447 738 629 819 amicorum,
644 754 676 804 et
689 740 824 805 fecunda
839 740 1004 827 gignendis
1014 740 1179 807 inimicitiis
1193 743 1268 808 civi·

201 841 250 891 tas
263 840 403 905 auxerat,
417 826 495 890 dum
517 824 649 904 ambitu,
671 826 831 903 comitatu,
852 840 884 889 et
905 826 1050 891 inmensis
1067 828 1269 893 salutantium

276 912 378 977 'uibus
399 910 591 976 contendunt
612 926 914 999 comparanturque3
943 912 1035 978 variis
1055 913 1088 977 in
1108 913 1193 979 hunc
1214 927 1270 981 aut

203 998 213 1061 i
237 1020 292 1061 um
307 998 423 1063 Vitellii
436 996 695 1063 inclinationibus
740 999 808 1062 Neo
828 1020 968 1083 unquam
989 998 1062 1063 satis
1081 998 1143 1064 fida
1162 1013 1271 1087 poten·

205 1083 258 1161 tia,
281 1082 337 1147 ubi
357 1082 453 1147 nimia
474 1096 528 1147 est.
574 1082 674 1147 Simul
696 1083 799 1169 ipsum
818 1081 994 1161 Vitellium,
1018 1084 1127 1149 subitis
1148 1085 1271 1150 offensis

204 1184 261 1233 aut
288 1168 511 1256 intempestivis
538 1166 696 1231 blanditiis
724 1166 916 1245 mutabilem,
946 1171 1184 1235 contemnebant
1206 1194 1272 1235 me-

205 1256 409 1340 tuebantque.
452 1254 523 1317 Nec
536 1276 574 1317 eo
588 1254 713 1349 segnius
727 1253 902 1327 invaserant
916 1251 1035 1332 domos,
1053 1254 1169 1334 hortos,
1185 1279 1273 1343 opes-

205 1364 269 1428 que
298 1338 444 1425 Imperii:
467 1361 540 1402 cum
567 1338 677 1403 fleb1lis
705 1353 736 1403 et
761 1360 855 1425 egeus
882 1338 1033 1403 nobilium
1062 1342 1165 1415 turba,
1193 1364 1273 1427 quos

204 1426 289 1513 ipsos
314 1424 488 1523 liberosque
516 1424 626 1510 patriae
655 1424 759 1499 Galba
787 1423 975 1503 reddiderat,
1004 1424 1091 1488 nulla
1118 1424 1273 1514 Principis

141 1558 149 1575 .
206 1508 416 1575 misericordia
425 1524 621 1596 juvarentur.
666 1512 800 1575 Gratum
820 1509 1008 1595 primoribus
1022 1509 1165 1590 civitatis,
1180 1512 1273 1577 etiam

206 1595 313 1683 plebes
337 1593 533 1680 adprobavit,
556 1594 644 1681 quod
664 1595 794 1659 reversis
815 1595 855 1658 ab
877 1595 968 1665 exilio
989 1597 1064 1694 jura
1091 1597 1273 1663 libertorum

206 1680 422 1745 concessisset:
445 1703 636 1767 quamquam
653 1680 686 1745 id
706 1680 790 1746 omni
811 1680 905 1744 modo
925 1680 1046 1744 servilia
1065 1681 1190 1767 ingenia
1202 1705 1275 1747 oon-

207 1766 406 1853 rumpebant,
421 1765 535 1831 abditis
548 1766 688 1856 pecuniis
701 1790 758 1857 per
772 1765 909 1837 occultos
917 1779 972 1832 aut
980 1766 1158 1833 ambitiosos
1170 1766 1272 1834 sinus:

206 2065 284 2169 'dlii'
300 2059 380 2173 uirili
389 2056 726 2187 lldffii'oalllesibirlil
762 2054 1279 2179 illlisslulbolirlllufdliiliil.

212 2185 562 2251 Flor.udprefecturu,omissa
571 2188 663 2235 lineola.
762 2200 815 2247 ceps
838 2184 948 2233 ICtorum
970 2184 1038 2231 hodie
1059 2186 1120 2232 varie
1142 2202 1179 2234 sos
1201 2196 1279 2239 tamen

245 2252 313 2299 Dum
329 2255 441 2301 Centurio
454 2254 523 2326 erret]
541 2252 571 2299 In
588 2250 728 2299 Farnesiano
763 2249 886 2311 traxit)ad
901 2249 1031 2309 Trajauum
1046 2248 1084 2308 10,
1100 2250 1139 2297 34.
1175 2254 1223 2309 Qut
1236 2269 1279 2299 meu

211 2328 260 2361 non
271 2325 320 2362 erat
330 2317 412 2363 vocula
422 2323 495 2363 carm.-
511 2324 589 2379 itaque
600 2331 629 2363 ex
636 2314 698 2362 facili
706 2322 729 2360 et
763 2314 869 2360 restituis
880 2315 976 2375 spoliato
980 2316 1040 2376 juru
1053 2320 1163 2374 patrono,
1176 2317 1281 2368 Liberti,

214 2393 269 2425 vero
279 2380 408 2438 emendari,
420 2386 472 2427 tum
485 2381 658 2428 Centurioroem.
691 2378 729 2426 Si·
764 2378 945 2425 exsultarem
956 2380 994 2425 sue
1003 2379 1060 2424 eutr.
1092 2378 1279 2445 Neodissimilis,

213 2442 307 2504 gnificat
317 2454 443 2508 utrumque
459 2460 489 2492 ex
504 2460 575 2508 parvo
589 2454 630 2494 aut
640 2443 730 2492 modico
765 2441 814 2490 imo
825 2444 900 2503 major
909 2442 1038 2506 benignitas
1048 2442 1153 2506 Augusti
1163 2443 1188 2492 in
1199 2444 1281 2495 Iulum

214 2506 352 2569 adprimam
359 2509 495 2571 dignitatem
504 2518 643 2572 promotum.
656 2510 729 2556 ers.
765 2506 865 2554 Antonii
879 2507 950 2556 hostis
966 2506 1002 2554 sui
1018 2507 1109 2554 filium:
1127 2507 1156 2556 de
1172 2525 1218 2574 quo
1234 2511 1283 2562 Dio

214 2570 440 2634 Reoeplt·l²ichena,
457 2574 521 2636 quod
538 2573 607 2621 etiam
624 2574 648 2620 in
668 2573 730 2620 Flor-
768 2572 810 2630 51,
824 2571 860 2616 15.
892 2571 1065 2629 Tigi’lsdbqrstqi
1074 2571 1281 2630 τοῦἈντωνίουτῆς

216 2636 383 2684 Centurionm
398 2638 509 2700 scriptum
523 2647 564 2684 est.
587 2638 632 2684 Ed.
648 2653 682 2700 pr.
697 2639 733 2700 (et
766 2653 792 2680 τε
804 2635 973 2694 Φουλουΐαςνῖεἵ,
986 2635 1035 2686 τοὺς
1052 2635 1200 2700 ἐξελευθέρους
1216 2641 1283 2686 αὐτοῦ

214 2698 275 2761 Agr.
288 2700 350 2763 md.)
362 2704 419 2749 dum
428 2703 541 2751 Centurio
549 2708 590 2749 est.
607 2703 633 2748 J.
642 2703 732 2748 Grono.
766 2697 831 2744 πάνθ’
847 2697 890 2746 ὅσα
907 2705 1059 2753 τελευτῶντας
1077 2701 1137 2758 σφᾶς
1152 2705 1283 2750 καταλιπεῖν

214 2764 267 2812 vius
279 2765 336 2812 dum
348 2767 514 2814 centuriarum
529 2765 733 2827 defenditrecipit-
770 2763 827 2825 αὐτῷ
844 2763 902 2810 κατὰ
920 2762 970 2815 τοῦτ’
986 2761 1060 2822 νόμους
1077 2762 1126 2824 ἔδει,
1145 2769 1282 2830 παραχρῆμα

214 2843 269 2891 que.
296 2830 442 2894 Exemplum
452 2830 547 2894 quidem
558 2845 587 2878 ex
597 2837 734 2894 argumento
770 2824 835 2872 tum
848 2827 959 2874 tutaturi.
974 2827 1049 2875 LIPS.

215 2892 349 2942 Asconiano
355 2909 388 2943 or.
397 2911 439 2958 pro
446 2895 502 2943 Mil.
509 2896 611 2944 alienum
619 2894 664 2942 est:
676 2895 734 2942 etot
802 2891 951 2953 Quamquam
968 2893 994 2938 ta
1012 2893 1172 2958 omnimodo]
1196 2892 1284 2942 Vocem

215 2957 242 3003 id
256 2973 332 3007 nwurc
355 2962 459 3008 Juuuur.
474 2961 536 3006 ualli
550 2962 608 3006 dum
623 2960 734 3008 Consules
771 2959 834 3001 ouini
851 2958 918 3002 modo
929 2971 958 3003 ex
969 2955 1005 3002 rt
1018 2955 1120 3007 Pichena
1131 2957 1208 3005 edidit.
1240 2959 1285 3007 Est

215 3035 257 3068 uec
268 3025 389 3084 Prutorer
396 3025 555 3073 aasentEnrr.
563 3024 626 3072 Bud
636 3026 693 3071 dum
706 3025 734 3072 C.
770 3020 839 3067 etiam
847 3020 908 3068 sicin
919 3020 994 3083 (Bud.
1003 3023 1036 3082 et)
1047 3021 1126 3078 Guelf-
1134 3022 1195 3079 Edd
1205 3038 1284 3074 ornnes

215 3096 281 3137 erret.
769 3087 871 3132 omnium.
888 3085 960 3134 Eun.

249 3157 360 3202 acuens
380 3157 409 3201 ob
431 3156 501 3201 exilio
516 3158 577 3217 J'ura
598 3155 739 3209 libertorum
802 3151 945 3198 Amerinus
966 3151 1045 3215 sinus]
1076 3151 1156 3219 Argul
1182 3151 1239 3204 olbn
1255 3151 1286 3200 de

217 3220 340 3280 mucescit]
363 3219 519 3280 Interpreto13
537 3233 591 3274 cum
604 3217 680 3273 Galba
694 3233 735 3264 ex·
770 3213 863 3273 mendo,
880 3215 929 3278 ipse
949 3214 1044 3262 fortasse
1058 3216 1196 3279 arguendus.
1230 3219 1288 3266 Sen-

217 3282 280 3330 sules
290 3281 440 3337 resa'tuissett
458 3296 505 3329 non
519 3291 598 3330 tamen
612 3281 682 3329 etiam
692 3282 734 3328 bo-
769 3277 867 3326 tentiam
883 3293 945 3328 nuno
961 3278 1073 3342 expedio:
1084 3280 1218 3328 'Vitellium
1234 3281 1287 3343 qui,-

217 3361 263 3395 nae
281 3345 357 3405 eredo,
368 3345 424 3410 quia
433 3346 458 3392 iu
473 3346 555 3394 fiscum
567 3346 640 3402 illata,
651 3355 675 3392 et
685 3346 736 3409 ple·
770 3341 825 3390 dem
846 3343 965 3392 exsulibus
984 3343 1077 3399 reversis
1091 3345 1147 3412 jura
1163 3344 1287 3393 reddidisse

217 3427 290 3476 reque
308 3411 358 3471 jam
380 3426 422 3473 per
442 3410 611 3473 prodigentiam
635 3410 736 3458 Neronis
770 3409 1001 3464 veterainlibe‘rtos3
1019 3407 1117 3455 sednon
1133 3423 1188 3455 cum
1201 3415 1288 3471 magno

196 3517 207 3529 ,
219 3483 364 3538 consumpta.
395 3475 494 3531 Sednec
503 3491 565 3539 pm,
578 3491 631 3539 quae
643 3489 736 3522 accusa·
771 3470 868 3520 fructur
889 3472 944 3535 quia
954 3472 1062 3534 pecunias
1073 3487 1126 3520 suas
1141 3473 1288 3522 occultabant

221 3541 310 3588 toribus
320 3538 546 3599 sententiajudicum
558 3540 629 3587 semel
643 3538 735 3598 donata,
771 3549 813 3596 per
824 3537 898 3584 varias
908 3545 968 3584 artes
984 3545 1007 3584 et
1022 3551 1137 3586 recessus:
1154 3536 1187 3584 ita
1203 3537 1227 3584 in
1244 3536 1287 3585 ali.

218 3613 305 3652 temere
315 3603 432 3665 eripienda
441 3603 568 3651 videbamr.
590 3604 674 3666 Imque
684 3617 737 3665 ege.
772 3600 964 3668 mentisaliisque
979 3609 1085 3664 patronos
1100 3599 1246 3663 fraudabant,
1261 3611 1289 3650 ut

218 3669 284 3715 baut.
318 3667 429 3714 Vitellius
441 3683 480 3716 eos
494 3668 622 3727 miseratum,
636 3667 683 3714 huc
697 3667 737 3714 de-
758 3664 856 3713 modici
876 3665 922 3729 ipsi
940 3675 963 3720 et
981 3667 1066 3726 inopes
1086 3665 1157 3720 ¹Voci
1174 3667 1241 3714 ebrus
1262 3682 1290 3715 ea

219 3731 298 3789 currit,
309 3738 338 3777 ut
347 3731 468 3793 largiretur
475 3733 529 3792 jura
539 3733 682 3790 libertorum,
692 3731 738 3785 du.
772 3727 807 3775 vis
819 3731 896 3778 subest
909 3728 1038 3788 fraudandi,
1052 3729 1209 3791 subtrahendi,
1221 3745 1289 3780 occu-

220 3795 310 3858 pliciter
320 3793 431 3856 quidemr
449 3797 560 3855 redderet,
571 3796 676 3860 inquam,
683 3798 738 3857 jura
772 3792 842 3840 leudi.
876 3794 972 3842 Tacitus
985 3795 1010 3853 4,
1024 3794 1060 3840 14.
1099 3794 1208 3842 Tradite
1219 3797 1290 3844 Proe·

219 3859 355 3906 libertomm
365 3867 477 3922 veterum,
489 3861 553 3908 daret
563 3867 586 3908 et
594 3875 684 3919 eorum,
696 3861 739 3924 qui
766 3858 840 3920 sactu
847 3860 1079 3920 centuriouibusque,
1087 3874 1151 3921 quor,
1160 3861 1200 3908 ubi
1208 3861 1289 3922 spoliis

220 3924 455 3986 postecmauumissiz
468 3939 515 3972 non
521 3925 596 3983 aliter,
603 3925 738 3988 quamdub
773 3926 932 3984 expaverunt,
945 3925 1052 3972 mutari:
1070 3927 1208 3986 exquirique
1218 3938 1290 3972 τουσι

219 3984 689 4047 illojustudominomauumissifuissent
708 3989 738 4036 Iu
770 3990 1211 4050 ,sanusetvursaproeuandrvocaruu.
1239 3989 1291 4035 Pli=

221 4049 649 4114 speciemigituringenshocdonum.
674 4055 739 4111 Nam
772 4054 826 4108 ¹nius
842 4055 883 4113 36,
902 4054 938 4100 15.
957 4052 1030 4116 (24.)
1055 4055 1171 4102 UndrM.
1184 4053 1290 4102 Scaurus
1330 4075 1336 4084 ·

221 4116 302 4179 operas
308 4114 384 4162 liberti
392 4114 613 4177 dominodebebaut,
621 4119 738 4177 alimenta,
770 4125 849 4182 puter,
861 4121 929 4166 toties
935 4121 1045 4180 prinecps
1056 4119 1168 4176 civitatis,
1177 4117 1291 4164 etMcrt-

221 4180 241 4226 si
257 4189 340 4244 egeret,
358 4179 458 4242 denique
473 4189 610 4230 testamento
624 4185 739 4230 bonorum
771 4184 828 4230 'uuir
834 4185 952 4230 sodaliciis
960 4185 1100 4244 rapinarum
1104 4183 1290 4244 provincialium

221 4245 358 4292 semissem:
374 4259 427 4306 quae
433 4246 512 4291 omnia
521 4255 629 4308 prompta
639 4255 662 4292 et
672 4246 741 4300 obvia
775 4249 861 4294 duur?
879 4248 962 4294 Sinum
982 4254 1047 4294 vocat
1068 4246 1186 4293 hominem
1203 4246 1289 4308 ipsum,

222 4309 265 4355 tibi
275 4309 339 4372 apud
354 4307 433 4356 ICtoa.
464 4309 518 4356 Hoc
531 4310 601 4372 vulgo
616 4310 685 4358 etiam
699 4326 740 4372 ap·
775 4311 800 4358 in
812 4327 881 4374 quem
895 4312 981 4374 rapinae
994 4325 1073 4357 omnes
1086 4311 1175 4358 oollotae
1190 4309 1290 4358 velutin

220 4373 308 4437 pellant
317 4375 528 4436 juspotronatuset
537 4376 576 4434 jus
584 4383 741 4437 patronorum.
777 4375 860 4426 sinum.
895 4375 967 4424 Plura
978 4375 1085 4438 exempla
1092 4375 1147 4424 huic
1157 4376 1189 4424 rei
1200 4373 1292 4436 vidasi
