3059 4975
247 290 319 335 ac.
333 278 394 353 70.]
612 274 692 333 LIB.
710 272 752 332 11.
775 272 866 332 cnP.
888 274 935 336 7⁵.
1254 280 1308 363 137

252 439 310 502 vel·
311 440 406 524 juxta
415 438 590 517 sitas'vires,
600 437 883 525 circumspectabat.
897 434 1002 501 ‘Miles
1012 434 1071 533 ipsi
1081 436 1306 525 adeo'peiatus,

251 539 289 588 ut
300 539 491 611 praeeuntem
510 537 746 602 sacramentum,
763 536 795 588 et
811 524 915 588 fausta
928 520 1053 587 Vitelho
1064 522 1169 586 omnia
1182 546 1309 610 precan-

251 624 323 688 tem,
339 634 395 697 per
409 610 564 675 silentium
574 609 756 675 audierint..
770 608 913 673 Muciani
920 608 1043 671 animus
1053 630 1109 672 nee
1119 608 1310 695 Vespasiano

252 695 380 774 alienus,
395 710 427 760 et
440 697 473 760 in
489 696 602 760 Titum
615 694 750 781 pronior.
773 694 945 759 Praefectus
955 693 1102 781 AEgypti,
1111 694 1159 759 Ti.
1170 694 1309 759 Alexan-

252 780 318 858 der,
339 782 466 846 oonsilia
482 781 657 846 sociaverat„
702 779 844 845 Tertiam
860 777 1022 865 legionem,
1037 778 1123 865 quod
1142 803 1159 843 e
1178 781 1267 867 Syria
1276 782 1310 845 in

252 867 400 931 Moesiam
414 867 581 944 transisset,
596 889 684 930 suam
698 866 898 929 numerabat:
922 878 1031 930 ceterae
1046 863 1164 951 Illyrici
1174 864 1311 952 legiones

251 966 404 1017 secuturae
417 952 631 1040 sperabantur.
653 953 800 1038 Namque
814 973 920 1016 omnes
931 950 1084 1015 exercitus
1097 949 1308 1017 flammaverat

252 1038 434 1125 adrogantia
454 1036 644 1103 venientium
663 1061 683 1101 a
696 1036 825 1102 Vitellio
842 1036 995 1111 militum3
1020 1035 1106 1121 quod
1123 1049 1225 1101 truces
1243 1061 1310 1103 cor·

251 1146 338 1208 pore,
353 1124 472 1189 horridi
486 1146 636 1202 sermone,
645 1138 773 1201 ceteros,
783 1133 820 1186 ut
829 1120 962 1207 inpares,
972 1120 1158 1185 inridebant.
1203 1124 1265 1187 Sed
1275 1124 1309 1188 in

254 1223 340 1272 tanta
355 1210 436 1274 mole
451 1209 525 1274 belli
543 1208 665 1295 plerum
688 1232 728 1273 ue
741 1208 915 1273 cunctatio:
937 1219 970 1271 et
983 1204 1200 1292 Vespasianus,
1216 1209 1310 1273 modo

252 1292 286 1356 in
300 1318 386 1381 spem
399 1307 528 1372 erectus,
539 1232 707 1394 aliquando
715 1294 844 1358 adversa
851 1292 1035 1380 reputabat:
1059 1298 1081 1331 “
1093 1293 1171 1370 Quis
1181 1292 1233 1357 ille
1243 1293 1310 1359 dies

251 1378 342 1460 foret,
356 1388 422 1468 quo
436 1382 505 1445 LX
522 1393 622 1444 aetatts
640 1402 737 1444 annos
750 1392 782 1443 et
796 1378 875 1443 duos
896 1378 978 1443 filios
991 1379 1123 1466 juvenes
1136 1376 1226 1445 ,bello
1239 1402 1309 1466 per-

251 1466 388 1530 mitteret
397 1470 416 1529 i¹
433 1469 513 1531 Esse
532 1465 662 1553 privatis
681 1464 921 1551 cogitationibus
957 1484 1143 1551 rogressum,
1158 1478 1200 1543 et,
1214 1478 1310 1552 prout

252 1550 357 1630 velint,
368 1549 441 1639 plus
453 1552 594 1616 minusve
604 1550 902 1616 sumiexFortuna:
927 1488 1101 1637 Ipmperium
1111 1549 1309 1636 cupientibus

252 1636 332 1699 nibil
345 1637 484 1701 medium
497 1636 578 1701 inter
591 1658 714 1701 summa
726 1649 758 1700 et
771 1634 866 1722 praeci
887 1634 970 1701 itia.”

296 1722 446 1789 LXXV.
458 1722 651 1797 Versabatur
659 1721 844 1788 anteoeulos
887 1720 1032 1787 ermaniei
1040 1720 1194 1791 exereitus
1202 1722 1310 1804 robur,

252 1818 363 1871 notum
375 1808 444 1871 viro
461 1807 604 1873 militari:
629 1815 651 1847 “
666 1808 749 1872 Suas
765 1806 902 1894 legiones
918 1806 1000 1871 civili
1013 1806 1096 1871 bello
1116 1806 1309 1895 inexpertas;

255 1892 380 1971 Vitellii,
394 1893 553 1958 victrices:
576 1907 608 1958 et
620 1892 707 1979 apud
726 1892 823 1957 victos
837 1892 912 1990 plus
947 1890 1199 1973 uerimqniarum,
1214 1916 1310 1979 quam

252 1977 384 2043 virium:
406 1978 525 2041 fluxam
539 2000 595 2063 per
605 1976 774 2042 discordias
782 1977 915 2043 mihtum
925 1916 1031 2057 idem,
1042 1989 1074 2040 et
1083 1976 1257 2064 perieulum
1271 2002 1311 2043 ex

253 2062 391 2149 singulis.
445 2062 533 2137 Quid
555 2062 637 2128 enirn
657 2062 839 2150 profuturas
859 2062 1000 2127 cohortes
1021 2061 1157 2148 alasque,
1181 2062 1206 2125 si
1228 2086 1311 2127 unus

251 2148 392 2235 alterque
401 2148 547 2237 praesenti
555 2148 684 2213 facinori
694 2160 838 2235 paratum
847 2171 886 2213 ex
895 2146 1017 2213 diverso
1026 2146 1191 2234 praemium
1201 2154 1310 2235 petat?

284 2352 377 2398 Fausto
392 2350 486 2398 Vitellio
498 2350 578 2397 maria
589 2350 643 2413 pa}
660 2347 763 2396 manen
830 2349 891 2396 Esse
906 2348 1012 2409 minatis
1030 2348 1208 2409 cogitationibus
1221 2360 1313 2409 regres-

250 2414 344 2477 eorrigit
353 2416 440 2461 maino.
458 2414 563 2462 Verbum
570 2415 667 2475 precari
674 2427 713 2459 me
718 2412 765 2459 im-
799 2414 864 2477 ram]
882 2411 920 2460 sic
930 2410 1028 2459 oorrexit
1037 2411 1142 2475 Lipsius,
1155 2427 1254 2475 eamque
1263 2427 1312 2461 eor.

252 2478 326 2542 pedit,
339 2495 386 2543 quo
401 2478 479 2527 minus
498 2478 554 2527 satie
572 2480 676 2542 probem.
708 2478 765 2526 Pre-
798 2476 921 2526 madmem
940 2475 1027 2539 recepit
1047 2476 1152 2526 Freinsh.
1173 2491 1227 2526 oum
1249 2493 1313 2542 seqq.

251 2544 326 2592 oendo
344 2545 403 2592 bene
418 2544 557 2601 oninamnr,
575 2551 599 2590 et
614 2543 694 2591 omina
709 2542 766 2590 faei-
799 2541 851 2590 edd.
860 2542 931 2589 Bene.
949 2541 1035 2590 Sensus
1042 2549 1090 2589 esta
1108 2541 1200 2604 privati,
1208 2557 1262 2589 eum
1270 2543 1314 2590 eli-

251 2621 320 2656 mus:
337 2608 377 2657 red
387 2623 433 2656 non
447 2622 568 2671 preeamur
580 2607 667 2668 omina,
678 2615 706 2656 nt
715 2607 765 2671 opi·
799 2605 857 2670 quid
871 2606 896 2654 in
912 2606 981 2654 rebus
996 2606 1092 2668 privatis
1106 2606 1242 2670 suseipiunt,
1260 2621 1314 2670 pos-

251 2685 301 2720 nor.
317 2672 388 2721 Ean.
799 2678 854 2718 sunt
863 2670 970 2734 progredi
980 2670 1057 2735 quoad
1067 2671 1164 2719 volunt:
1182 2671 1224 2719 ubi
1233 2670 1315 2734 incipit

285 2739 421 2786 Alexander
441 2736 557 2796 Murena,
565 2736 766 2794 esmanciis.
799 2735 919 2798 displicere
941 2735 1071 2796 eonsilium,
1096 2734 1184 2798 regredi
1209 2744 1314 2796 possunt,

253 2802 299 2850 lias
320 2818 333 2849 v
358 2802 384 2813 ’⁸
429 2803 582 2864 'conjecmra
601 2810 693 2864 putant,
712 2801 767 2850 seri·
800 2799 1061 2862 poenitentiaeloausest.
1086 2798 1128 2859 At,
1140 2799 1181 2862 qui
1190 2799 1315 2862 imperium

253 2874 321 2930 ptum
332 2883 347 2914 a
359 2866 442 2914 Tacito
460 2869 498 2914 Ti.
510 2868 581 2914 Alex.
594 2875 622 2913 ut
634 2881 672 2928 ap
684 2865 767 2912 Sueto
801 2863 917 2920 affectent,
936 2877 990 2910 cum
1011 2863 1083 2911 semel
1103 2871 1220 2926 oeperunt
1238 2879 1314 2925 agere,

252 2931 320 2978 nium
328 2929 768 2994 Vespdeamquesiglampranomi-
801 2941 848 2974 uon
857 2927 912 2974 lieet
921 2927 1042 2974 subsistere
1056 2935 1097 2975 aut
1112 2927 1207 2989 regredi.
1240 2927 1314 2987 Nam,

253 2995 290 3043 nis
300 2995 399 3044 indicem
408 2997 440 3043 ob
449 2995 557 3043 ultimam
569 2993 717 3058 precedentis
726 3009 768 3042 vo-
801 2991 821 3040 si
836 2991 941 3040 desinant
956 2991 1062 3054 persequi
1077 3001 1159 3054 erepta,
1170 2991 1315 3054 perermdum

252 3060 469 3180 qigsyllabamesse
482 3060 598 3108 omissam.
630 3058 735 3106 cimex
746 3073 766 3106 a.
802 3064 844 3104 est.
878 3054 926 3104 Hie
938 3055 1060 3168 sqnsqsita
1071 3055 1139 3166 sedili
1150 3054 1262 3168 dliffiem
1277 3071 1315 3132 re:

287 3159 294 3173 .
799 3136 917 3182 gressum,
934 3136 951 3167 u
977 3134 1054 3180 mirer,
1215 3133 1283 3167 enam
1294 3135 1316 3168 er

213 3229 219 3238 .
287 3191 375 3239 Omnes
390 3192 508 3236 erardus
516 3191 683 3250 flammaverat
699 3201 767 3235 arro-
802 3184 956 3234 emendationi
985 3185 1119 3233 oblocutum
1145 3199 1200 3232 esse.
1249 3185 1316 3234 Bene

251 3256 348 3319 gartia]
359 3254 414 3302 MS.
423 3253 768 3312 Budomaireaerritusfiom'-
802 3249 905 3298 Freinsh-
920 3249 1001 3298 laudat
1016 3265 1046 3298 ex
1061 3248 1094 3296 A.
1105 3251 1129 3308 4,
1149 3248 1186 3296 ll.
1203 3250 1268 3296 raddo
1284 3251 1317 3298 od

253 3327 361 3367 moverat
381 3321 412 3366 od
433 3321 605 3380 arrogantiam,
628 3324 655 3364 ut
675 3315 768 3364 volebat
798 3313 1202 3377 poeniwndamregrerra.0eterum
1210 3313 1317 3363 Mssa

255 3384 371 3432 Muretus.
395 3385 468 3432 Eas.
510 3383 588 3430 Rhea.
610 3395 657 3429 non
675 3381 766 3444 reoepit.
802 3379 853 3427 edd.
873 3387 926 3427 ante
942 3378 1045 3426 Freinsh.
1062 3393 1142 3426 omnes
1154 3391 1316 3440 progressam.

255 3449 339 3496 Paullo
360 3457 414 3498 ante
434 3446 498 3497 Bnd.
518 3448 572 3496 Pur
592 3446 649 3495 Alc.
669 3445 718 3495 Rb.
739 3447 768 3494 de
802 3443 865 3492 Mox
875 3443 930 3492 MS.
942 3443 1001 3506 Bag.
1013 3442 1048 3490 ed.
1060 3459 1094 3506 pr.
1101 3449 1124 3490 et
1130 3443 1267 3504 precipitio
1274 3457 1316 3506 pro

255 3515 337 3574 Syria.
508 3523 511 3527 ·
803 3509 897 3573 vulgato
910 3514 954 3556 eat
965 3523 1005 3570 pr.
1017 3506 1080 3570 quod
1093 3507 1191 3570 probant
1205 3505 1281 3554 Rhen-
1293 3515 1317 3556 et

287 3578 591 3641 Sediaeratamolebeiii]
611 3576 642 3623 In
653 3575 768 3623 Ἠθικά
804 3573 931 3632 Gruterum
958 3572 1028 3636 idque
1055 3570 1199 3634 sequendum
1227 3572 1316 3634 putavi.

255 3644 443 3689 intentamole:
460 3657 548 3706 eiquo
561 3640 672 3699 Piobma,
685 3640 725 3687 red
740 3642 768 3688 ia
802 3636 875 3686 Eur.
908 3635 1151 3685 Aoodicumleatione
1167 3635 1240 3683 nolim
1255 3651 1318 3686 reae·

255 3712 321 3753 tanto
339 3709 406 3754 nwle.
430 3706 505 3755 Iure.
546 3706 614 3755 Idem
630 3719 660 3752 ue
678 3703 704 3751 in
721 3703 769 3752 alio
803 3702 864 3764 dere,
871 3701 959 3751 restitui
967 3714 1185 3764 ergoprogreaona
1214 3699 1318 3749 Piahena

254 3770 312 3818 MS.
328 3772 389 3818 dare
402 3771 492 3833 reperit
524 3771 563 3820 Sir
577 3780 601 3819 et
614 3721 671 3817 iis.
688 3769 767 3816 Guelt'.
803 3769 875 3816 benet
893 3767 918 3814 in
928 3767 972 3815 bae
981 3766 1123 3830 privatorum
1134 3763 1317 3830 Principrunque

253 3833 294 3884 sed
310 3850 325 3881 a
340 3849 412 3881 mma
427 3850 471 3882 seo.
490 3834 526 3882 ed.
545 3851 581 3898 pr.
620 3833 658 3882 At
675 3833 767 3881 Puteal.
802 3831 970 3896 comparatione
987 3829 1047 3878 nibil
1061 3829 1091 3878 de
1109 3843 1218 3891 regressa
1234 3829 1318 3893 agitur.

253 3899 326 3947 edidit
336 3900 376 3945 sed
388 3900 563 3956 lanatomole
576 3901 638 3956 bella
651 3897 714 3962 quod
728 3913 768 3945 us·
803 3897 902 3945 Senauu
919 3895 1020 3958 privatos
1030 3894 1143 3955 homines,
1160 3909 1214 3942 oum
1230 3895 1318 3958 eogita-

254 3963 341 4027 quead
352 3962 479 4010 Piohenam
488 3963 544 4010 editi
553 3963 693 4026 prosternata
710 3961 768 4010 fuit·
802 3959 888 4008 tionem
917 3959 1053 4023 suscipiunt,
1084 3967 1178 4008 eatenm
1201 3961 1318 4022 progredi
1362 4015 1364 4020 Ι

254 4027 335 4092 quein
347 4027 426 4076 Guelf-
439 4043 454 4074 e
465 4041 538 4074 manu
549 4043 584 4091 pr.
601 4027 680 4074 Bari.-
703 4026 767 4074 Bod.
802 4038 878 4088 posse,
913 4033 1010 4072 usteuus
1025 4023 1081 4088 ipsis
1102 4024 1215 4073 videatur.
1246 4023 1318 4082 Quod

254 4094 293 4139 red
303 4090 526 4152 inoratamordelli,
533 4093 596 4140 unde
606 4092 683 4140 Rhea.
694 4090 768 4152 eonii·
802 4089 857 4152 Bip.
869 4041 966 4148 addunt,
983 4089 1003 4137 si
1018 4104 1148 4152 regressam
1194 4102 1244 4147 nas,
1262 4089 1317 4136 sori·

254 4156 328 4205 ciebat
340 4159 380 4205 red
390 4159 468 4206 inerat
479 4158 552 4205 timor
563 4157 624 4205 beili.
801 4153 904 4202 bendum
918 4153 989 4202 fuisse
998 4156 1119 4218 erogitat.
1133 4153 1166 4201 m'
1185 4153 1191 4163 ‘
1205 4167 1270 4200 setus
1281 4152 1316 4198 vi·

288 4223 340 4278 Qzao
350 4224 404 4270 LX
414 4224 492 4270 aare
506 4237 579 4271 omrai
594 4228 618 4270 et
634 4222 692 4268 daos
699 4221 766 4281 filios
801 4216 882 4277 detur3
899 4218 970 4266 dandi
988 4235 1054 4268 eante
1068 4219 1107 4267 hic
1123 4218 1178 4265 scite
1193 4216 1315 4264 locaretur.

246 4289 361 4350 jusano]
377 4286 480 4336 Piehena
494 4287 623 4351 suspiratur
632 4285 766 4349 legendum,
802 4282 864 4332 Mox
874 4283 936 4332 Bud.
948 4285 1126 4346 aepraectptita

253 4353 453 4412 qrao‘reaogerimo
462 4354 647 4400 atatiroaaore
662 4357 685 4398 et
700 4351 766 4396 daos.
802 4391 806 4398 .
834 4349 952 4400 Proereati
961 4347 1083 4412 facinore]
1100 4347 1138 4394 Sia
1154 4345 1314 4393 Rhenanuse

253 4415 385 4478 Vulgarum
416 4423 475 4464 reete
508 4415 611 4466 defendit
645 4415 766 4464 amans
797 4411 862 4461 nun
879 4412 959 4471 edidit,
981 4413 1051 4475 idque
1067 4419 1146 4458 amnes
1161 4407 1234 4455 secuti
1249 4417 1312 4455 sunt.

254 4479 325 4528 Bar.
800 4477 845 4526 Sed
867 4477 938 4525 altera
960 4484 1025 4524 vetes
1051 4475 1118 4523 lenio
1136 4473 1244 4534 firinati
1265 4487 1313 4520 non
