3059 4975
206 261 275 319 rso
591 254 895 321 ursrorrrruu
1103 270 1291 342 [resa.

205 436 315 513 pertes.
341 420 460 486 Civitas
473 418 588 521 pavida
598 436 630 485 et
641 422 765 487 servitio
776 437 895 510 parata,
909 430 930 463 “
942 428 1086 513 occupari
1096 429 1277 495 redeuntem

208 507 380 575 Tarracina
395 508 436 572 L.
446 504 607 573 Vitellium
622 530 694 571 cum
712 508 904 587 cohortibus,
919 510 1139 600 exstinguique
1158 516 1279 604 reliqua

207 595 310 673 belli‚''
324 593 514 681 postulabat.
558 594 715 658 Proemissi
730 594 871 659 Ariciam
890 596 1026 683 equites:
1050 622 1163 685 agmen
1184 602 1280 689 legio-

208 704 284 745 num
298 681 381 744 intra
395 677 535 744 Bovillas
551 678 647 743 stetit.
692 681 761 745 Nec
775 694 941 747 cunctatus
954 686 1003 746 est'
1017 684 1158 750 Vitellius
1183 712 1278 773 seque

207 780 239 831 et
264 766 405 831 cohortes
429 764 558 829 arbitrio
579 763 705 828 victoris
733 766 925 852 permittere.
969 768 1012 833 Et
1035 770 1123 836 miles
1144 772 1279 849 infelicia

208 876 305 930 arma,
319 850 405 916 baud
426 850 532 915 minus
547 850 604 927 ira,
619 871 716 935 quam
736 863 822 916 metu
837 853 962 952 abjecit.
1007 855 1139 943 Longus
1157 857 1279 922 dedito-

208 961 279 1003 rum
294 936 380 1014 ordo‚
400 948 507 1034 septus
519 934 657 1014 armatis,
672 957 729 1023 per
743 937 854 1002 urbem
875 939 1016 1004 incessit:
1039 962 1130 1006 nemo
1144 944 1285 1043 supplici-

209 1024 313 1103 vultu,
333 1021 388 1087 sed
404 1032 508 1086 tnstes
526 1032 557 1085 et
578 1032 682 1087 truces
698 1034 730 1086 et
744 1022 910 1089 adversum
931 1024 1061 1112 plausus
1073 1050 1109 1091 ac
1122 1027 1278 1095 bscrviam

207 1107 385 1175 insultantis
403 1105 491 1193 vulgi
512 1106 690 1171 inmobiles:
714 1130 831 1194 paucos
847 1132 1011 1210 erumpere
1028 1135 1130 1193 ausos,
1148 1116 1279 1179 circum·
1323 1141 1325 1145 ·

212 1196 283 1261 'ecti
304 1216 458 1281 pressere:
482 1193 576 1257 ceteri
596 1192 630 1256 iu
642 1192 815 1258 custodiam
833 1194 960 1261 conditi.
1004 1198 1093 1262 Nihil
1111 1199 1284 1287 quisquam·

207 1222 332 1347 locutus
353 1278 528 1365 iudignum,
543 1292 584 1357 et,
599 1301 791 1379 quamquam
807 1280 889 1345 inter
902 1281 1040 1361 adversa,
1056 1284 1141 1349 salva
1153 1287 1280 1351 rimatis

209 1368 303 1433 fama.
346 1364 432 1430 Dein
455 1364 494 1428 L.
509 1362 657 1429 Vitellius
685 1365 882 1446 interficitur,
906 1390 964 1453 par
989 1369 1072 1433 vitiis
1098 1371 1214 1452 fratris,
1243 1375 1277 1435 in

210 1452 394 1539 Principatu
420 1450 488 1549 ejus
514 1448 710 1535 vigilantior:
744 1472 802 1517 nec
824 1452 954 1539 perinde
982 1456 1137 1543 prosperis
1165 1458 1276 1535 socius,

210 1560 306 1626 quam
320 1536 457 1601 adversis
469 1536 651 1601 abstractus.

252 1624 314 1690 Ill.
336 1621 455 1687 Iisdem
473 1620 585 1687 diebus
600 1622 744 1688 Lucilius
761 1626 888 1704 Bassus,
908 1648 980 1689 curn
1001 1627 1152 1713 expedito
1160 1631 1283 1716 equite,¹

212 1710 253 1775 ad
277 1705 524 1795 componendam
546 1708 750 1794 Campaniam
773 1709 926 1775 mittitur:
954 1712 1149 1778 discordibus
1177 1718 1279 1779 muni-

211 1796 363 1883 cipiorum
388 1792 508 1871 animis,
531 1793 629 1943 rnffs
656 1793 737 1858 inter
758 1808 864 1875 semet,
887 1819 983 1883 quarn
1006 1800 1199 1865 contumacia
1223 1802 1279 1865 ad-

210 1904 318 1946 versus
339 1878 525 1965 Principem.
603 1878 648 1943 iso
667 1879 764 1945 milite
782 1882 888 1965 quies:
911 1896 943 1946 et
960 1882 1131 1949 minoribus
1149 1886 1277 1952 coloniis

208 1967 377 2055 inpunitas.
422 1964 542 2051 Capuae
564 1963 646 2051 legio
667 1966 759 2031 tertia
780 1965 937 2032 hiemandi
963 1991 1071 2034 caussa
1091 1970 1220 2050 locatur,
1245 1988 1296 2037 et.

210 2054 322 2118 domus
349 2048 494 2115 inlustres
517 2049 675 2132 adflictae:
701 2074 773 2117 cum
797 2066 906 2118 ooutra
929 2055 1168 2121 Tarracinenses
1190 2057 1278 2123 nulla

209 2162 268 2238 ope
280 2139 477 2226 juvarentur.
501 2138 608 2200 Tanto
622 2138 790 2223 proclivius
804 2154 851 2203 est
864 2139 998 2238 injuriae,
1009 2164 1104 2227 quam
1119 2143 1276 2223 beneficio,

209 2248 308 2289 vrcern
327 2222 503 2296 exsolvere:
550 2221 602 2285 uia
614 2222 716 2319 gratia
729 2224 826 2302 oneri,
841 2224 919 2289 ultro
933 2224 965 2288 in
978 2239 1113 2312 quaestu,
1134 2228 1279 2295 habetur.

210 2309 327 2376 Solatio
341 2310 403 2373 fuit
417 2244 681 2393 servusl'ergmii
696 2308 869 2395 Capitonis,
884 2333 978 2397 quem
992 2312 1181 2399 proditorem
1196 2315 1279 2378 Tar-

208 2394 412 2461 racinensium
423 2392 571 2471 diximus,
582 2393 725 2479 patibulo
736 2394 870 2475 adfixus,
882 2397 916 2461 in
929 2395 1039 2463 iisdem
1049 2398 1183 2479 annulis,
1198 2424 1279 2485 quos

212 2495 352 2569 acceptos
367 2478 526 2546 aVitellio
537 2480 687 2566 gestabat.
731 2484 780 2548 At
792 2483 905 2548 Romae
918 2485 1051 2551 Senatus
1064 2501 1176 2551 cuncta
1186 2485 1278 2552 Prin·
1306 2528 1313 2541 ·

209 2769 210 2772 ’
241 2769 346 2820 Servilio
359 2773 455 2830 parata,
466 2771 588 2833 occupari]
612 2769 689 2818 Rhen.
704 2772 728 2832 (e
759 2769 801 2818 ubi
819 2769 899 2818 eadem
919 2767 1031 2833 loquendi
1049 2769 1130 2816 forma
1163 2769 1275 2825 Faernus,

213 2831 377 2894 Buatedidit
389 2847 508 2895 occupare.
541 2833 617 2882 Vetus
631 2834 729 2883 restituit
759 2847 807 2882 non
825 2834 955 2893 adsecutus,
970 2833 1099 2896 corrigebat
1114 2835 1141 2880 in
1156 2837 1277 2896 gemmatas

213 2900 243 2946 Li
260 2899 313 2946 sius.
347 2897 394 2946 Sed
407 2897 560 2960 interpunctio
574 2898 729 2948 atheuano
760 2907 860 2960 tractus,
878 2900 990 2963 probante
1002 2897 1097 2957 Ursino,
1114 2908 1138 2946 et
1151 2899 1278 2948 virodocto

212 2915 315 3028 inducta,
332 2970 392 3010 recte
406 2962 482 3010 habet.
515 2962 648 3026 Superiores
663 2961 730 3012 valde
760 2963 785 3012 in
807 2979 882 3026 marg.
899 2963 990 3026 Gryplr.
1015 2963 1088 3010 Eun.
1122 2963 1211 3011 Proin
1234 2980 1278 3026 ge-

213 3028 251 3076 hic
267 3029 368 3076 turbant.
402 3027 463 3075 Mox
480 3025 536 3076 MS.
549 3028 609 3090 Agr.
622 3029 729 3089 portala-
760 3026 1278 3089 montarlegiturinedtl.Frl.lt307.ettbl.

213 3095 274 3142 bant.
292 3091 364 3140 Etru.
761 3091 815 3139 Par.
829 3091 899 3138 1608.
911 3093 936 3138 in
949 3092 1099 3148 Germanias,
1110 3092 1174 3156 turpi
1184 3093 1248 3141 vitio.

244 3158 354 3204 Ariciam
360 3157 459 3219 equites]
473 3155 544 3204 Liber
551 3170 618 3214 unus,
626 3155 731 3202 Arriani
792 3157 928 3218 Acceptoaa
940 3157 1046 3220 Vitellio]
1072 3156 1200 3205 Rhenanus
1211 3158 1279 3212 (duce

212 3224 315 3282 equites:
340 3220 415 3283 quid?
441 3235 470 3266 an
489 3220 554 3267 Arrii
568 3219 627 3268 Vari
641 3227 730 3269 turmas
760 3219 1271 3284 Bud.)de1evita.restituit1.ipsiuaEas.

213 3284 339 3346 intelligit?
356 3284 411 3332 Non
420 3283 515 3394 opinor:
534 3293 557 3332 et
565 3285 639 3348 magis
650 3293 691 3342 est,
703 3293 731 3332 ut
801 3287 902 3334 Seaatrrr
920 3292 1004 3332 cuncta
1020 3287 1176 3348 Principtbrr
1196 3288 1277 3351 solita]
1328 3343 1331 3347 ἵ

214 3366 267 3398 vera
278 3348 416 3411 sitvulgata.
457 3361 507 3396 11³s.
537 3349 640 3412 intelligi
649 3349 731 3412 opinor
762 3351 851 3398 ruant
868 3349 968 3412 intelligi
982 3349 1027 3398 SC.
1040 3350 1106 3410 cujus
1122 3350 1279 3413 fragmentum
1325 3379 1327 3389 ι

216 3415 250 3463 ed.
266 3430 302 3478 pr·
316 3414 340 3462 in
358 3423 453 3476 quaest
468 3415 577 3472 Artlarri,
592 3414 672 3462 vitiose
688 3429 730 3525 ppo
762 3423 814 3479 post
823 3415 880 3462 alios
894 3414 924 3461 ad
934 3414 959 3461 h.
969 3413 986 3460 l.
997 3413 1068 3461 edidit
1080 3413 1198 3477 Ryckius:
1215 3413 1279 3476 quod

207 3481 327 3530 'Arriani
343 3477 484 3542 'Sequentia
498 3479 554 3526 satis
567 3477 678 3533 indicant,
712 3477 731 3526 'c
762 3479 821 3526 mihi
842 3493 888 3526 non
907 3478 1004 3526 videtur.
1039 3478 1070 3525 In
1089 3493 1116 3524 eo
1133 3478 1223 3527 SC.est
1239 3479 1279 3526 lex

214 3559 299 3592 nomen
310 3543 354 3592 loci
364 3542 457 3606 requiri.
473 3541 544 3590 Eun.
578 3541 641 3590 Bud.
652 3542 732 3590 vitiose
762 3553 786 3590 et
799 3543 901 3590 formula
915 3541 1006 3605 imperii
1023 3558 1050 3590 ac
1065 3541 1191 3605 potestatis,
1207 3558 1279 3606 quarn

216 3609 334 3656 Aristoni.
558 3617 561 3620 '
763 3608 917 3670 Imperatores
940 3607 1050 3666 habuere,
1069 3605 1160 3669 quode
1178 3606 1224 3654 alio
1241 3607 1280 3655 die

250 3674 403 3736 Circumjectt
417 3674 537 3737 pressere]
571 3671 669 3718 Dictum
684 3686 732 3720 esse
762 3680 857 3720 actum:
886 3687 908 3719 v.
926 3670 956 3717 ad
976 3686 995 3717 c.
1015 3671 1038 3716 6.
1060 3669 1099 3717 hic
1117 3669 1280 3734 intelliguntur

216 3753 258 3800 pro
269 3753 407 3801 oppressere,
417 3737 557 3796 interfecere,
569 3751 640 3798 supra
648 3735 680 3782 A.
691 3735 731 3794 14,
763 3737 869 3794 honores,
886 3735 927 3799 qui
944 3734 1009 3782 novis
1025 3733 1172 3798 Principibus
1190 3736 1281 3785 decerni

216 3805 239 3847 5.
247 3799 617 3865 monuimus‚etsequentiafacilc
625 3809 733 3863 arguunt.
763 3801 832 3849 soliti.
865 3800 888 3847 Ii
905 3799 947 3863 qui
962 3798 1057 3858 suerint,
1077 3798 1167 3847 docebit
1184 3809 1208 3849 et
1230 3816 1280 3850 sen-

214 3865 299 3929 Itaque
310 3867 412 3914 Faernus
423 3867 492 3914 etiarn
504 3866 629 3929 corrigebat
640 3879 732 3927 oppres·
764 3866 861 3912 tentiam
881 3872 985 3912 nostram
1005 3864 1151 3912 confirmabit
1169 3864 1233 3913 locus
1252 3865 1282 3912 si-

214 3945 270 3978 sere.
299 3931 379 3978 Etiam
390 3946 426 3992 ap.
436 3929 484 3978 Cic.
493 3930 559 3979 Verr.
569 3931 593 3990 l,
603 3930 626 3976 6.
635 3928 732 3978 inlibris
764 3930 826 3978 milis
841 3929 871 3977 de
884 3929 956 3977 initiis
966 3928 1067 3977 Othonis
1078 3927 1112 3976 Η.
1126 3929 1148 3983 l,
1160 3930 1198 3984 47.
1231 3932 1280 3976 Ar-

213 3995 669 4058 oonfundunturoppresrercetprersere.
687 3994 733 4043 Sed
765 4002 867 4042 currant
889 3995 997 4042 Patres:
1031 3995 1164 4042 decernitur
1193 3995 1281 4041 ornan

213 4061 247 4108 ibi
254 4075 385 4123 oppressere
393 4060 469 4108 verius
480 4071 521 4108 est·
546 4061 607 4108 Mox
615 4059 677 4106 idern
685 4075 732 4120 par
769 4061 906 4107 Tribnnttia
919 4065 1030 4122 potestas,
1041 4065 1065 4106 et
1080 4071 1162 4104 nornen
1173 4059 1283 4118 Augusti

216 4127 283 4173 cittis
289 4126 379 4188 fratri,
388 4125 536 4187 profrotris,
543 4124 613 4188 idque
621 4120 733 4188 probabat
764 4131 789 4172 et
799 4140 876 4172 ornnes
888 4126 1032 4186 Principum
1042 4124 1146 4168 honoret.
1179 4122 1244 4170 Add.
1255 4124 1282 4182 2,

215 4189 321 4238 Ursinus.
340 4190 410 4237 Etru.
439 4187 733 4250 Brotmalletoppressrrr
765 4191 806 4236 55.
839 4185 1103 4249 rosariorumque
1118 4185 1190 4233 edidit
1204 4187 1280 4235 Rben.

214 4263 237 4300 et
247 4255 336 4316 fratri.
368 4253 432 4300 Bud.
441 4253 543 4314 fratris.
769 4256 793 4316 (e
814 4251 888 4312 Bud.)
915 4267 959 4314 pro
980 4252 1100 4311 Illyricos,
1128 4250 1198 4298 etiarn
1226 4251 1282 4299 MS.

249 4319 364 4365 Adversis
375 4318 517 4380 abstractus]
543 4313 649 4370 Adversa
659 4316 734 4363 fratris
768 4317 846 4365 Guelf.
863 4317 900 4364 ed.
918 4331 953 4381 pr.
990 4315 1060 4362 Etru.
1094 4315 1156 4364 Vide
1172 4317 1232 4365 dicta
1253 4317 1283 4364 ad

215 4381 307 4428 fortuna
315 4391 337 4428 et
348 4381 418 4428 exitio
429 4389 451 4428 et
461 4381 510 4446 ipse
518 4380 630 4438 adflictus,
641 4381 672 4428 ad
682 4395 734 4444 por·
767 4397 786 4430 c.
798 4383 820 4429 6.

217 4444 347 4508 uiciemque
365 4453 458 4493 vocatus
475 4453 517 4506 est,
533 4453 560 4494 ut
571 4445 635 4492 Anu.
652 4447 676 4508 t,
696 4445 732 4493 13.
