3059 4975
218 308 290 355 Μ’.
305 295 368 371 70.]
607 294 688 355 LIB.
707 297 733 354 1.
752 294 843 356 CAP.
862 299 911 356 st.
1062 302 1065 311 ‘
1245 303 1282 366 53

215 457 321 523 Galba
329 456 513 546 perculerat,
523 456 659 523 hibernis
669 456 827 546 legionum
837 458 966 548 propius
976 460 1153 526 miscentur.
1183 460 1279 527 Unde

212 543 356 608 seditiosa
376 544 550 631 conloquia,
571 557 604 609 et
624 544 706 608 inter
719 568 857 642 paganos
879 546 1059 634 conruptior
1072 545 1170 626 miles,
1192 547 1277 613 etin

215 630 400 715 Verginium
413 630 513 709 favor,
527 632 714 716 cuicumque
727 629 780 694 alir
794 632 989 717 profuturus.

263 714 354 780 LIV.
383 717 517 781 Miserat
540 715 647 780 civitas
672 714 864 802 Lingonum,
889 730 992 783 vetere
1016 718 1168 798 instituto,
1193 718 1276 785 dona

212 799 395 885 legionibus,
410 801 546 880 dextras,
560 800 685 887 hospitii
703 800 831 889 insigne.
877 802 990 889 Legati
1004 827 1122 883 eorum,
1137 804 1168 869 in
1184 828 1276 891 squa-

211 884 308 949 lorem
321 886 562 974 maestitiamque
571 886 743 973 compositi,
754 910 811 973 per
820 887 982 975 principia,
996 912 1053 977 per
1062 890 1274 968 contubernia,
1302 910 1308 923 ·

200 971 308 1035 xmodo
322 980 345 1012 “
358 996 431 1037 suas
443 972 603 1057 injurias,”
616 972 710 1036 modo
724 979 747 1011 “
758 972 918 1038 civitatum
933 974 1104 1039 vicinarum
1116 975 1275 1063 praemia,''

212 1069 254 1135 et,
276 1057 332 1122 ubi
356 1057 463 1145 pronis
486 1057 620 1122 militum
644 1058 774 1122 auribus
798 1058 1037 1145 accipiebantur,
1061 1068 1083 1100 “
1104 1060 1201 1149 ipsius
1222 1084 1275 1127 ex-

210 1141 325 1206 ercitus
345 1142 484 1230 pericula
507 1156 540 1209 et
564 1143 787 1208 contumelias”
811 1158 1045 1231 conquerentes,
1067 1146 1275 1213 accendebant

210 1228 339 1294 animos.
383 1231 450 1294 Nec
481 1228 591 1317 procul
619 1229 769 1293 seditione
800 1228 939 1309 aberant,
969 1253 1042 1307 cum
1073 1232 1274 1299 Hordeonius

212 1313 345 1379 Flaccus
367 1320 389 1353 “
411 1315 496 1380 abire
518 1316 684 1401 Legatos,”
706 1328 807 1401 utque
831 1315 980 1389 occultior
1002 1314 1158 1405 digressus
1183 1331 1273 1399 esset,

213 1404 339 1465 “nocte
353 1401 459 1465 castris
472 1400 636 1465 excedere”
647 1400 749 1487 jubet.
781 1399 861 1465 Inde
875 1414 965 1466 atrox
977 1424 1095 1482 rumor,
1110 1402 1275 1469 adfirman-

210 1484 297 1548 tibus
317 1486 484 1573 plerisque,
505 1492 527 1524 “
540 1486 728 1565 interlectos,
749 1508 796 1563 ac,
819 1486 876 1551 nisi
897 1486 956 1574 ipsi
977 1488 1178 1567 consulerent,
1193 1488 1271 1569 fore,

209 1582 249 1634 ut
267 1571 406 1635 acerrimi
426 1571 572 1651 militum,
591 1585 623 1636 et
640 1570 805 1669 praesentia
818 1573 988 1659 conquesti,
1009 1597 1066 1662 per
1080 1574 1221 1641 tenebras
1242 1588 1274 1639 et

209 1655 362 1720 inscitiam
390 1669 562 1723 ceterorum
585 1658 827 1723 occrderentur.”
869 1658 1117 1745 Obstringuntur
1140 1660 1221 1727 inter
1242 1684 1275 1727 sc

210 1742 305 1805 tacito
318 1741 435 1806 foedere
447 1742 592 1829 legiones
634 1742 832 1808 Adsciscitur
843 1743 1031 1811 auxiliorum
1045 1744 1151 1820 miles;
1174 1744 1276 1834 primo

210 1850 249 1890 su
321 1840 383 1906 tus,
397 1840 568 1915 tamquam,
585 1826 783 1893 circumdatis
801 1828 981 1895 cohortibus
1001 1830 1128 1919 alisque,
1150 1830 1275 1929 inpetus

209 1913 243 1975 in
277 1912 401 1999 egiones
421 1927 595 2000 pararetur,
619 1936 693 1978 mox
714 1914 823 1981 eadem
844 1913 945 1983 sonus
965 1915 1107 1983 volvens:
1139 1916 1275 1985 iacrliore

242 2118 350 2193 Destrar
360 2114 729 2193 borpitltiarbgrrc]l'ideietiam
760 2120 856 2166 brorum
884 2132 1020 2194 consensum
1045 2117 1104 2167 nihil
1131 2118 1274 2195 tenmndum.

209 2180 727 2296 membratim&
757 2182 1021 2311 latitate
1034 2182 1275 2312 :litim

126 2308 129 2320 ¹
211 2310 355 2369 (saltate.
378 2312 726 2359 AEdubniriablatereaortrir
755 2310 1276 2375 fortequalesinnummis'l'riumrirorumrc-

210 2377 344 2437 aperto...ti
358 2376 648 2425 similandinaarmcmm
659 2377 725 2424 nebe-
756 2376 868 2438 perimus.
891 2376 976 2425 Paullo
1018 2386 1109 2425 streete
1120 2376 1275 2425 Piclrenaaa-

210 2446 402 2497 meateracstrns
411 2444 606 2502 perterruerunt.-
618 2454 654 2500 ac,
666 2446 727 2487 tam-
757 2442 876 2505 rbbaspro
885 2442 972 2490 animis
999 2441 1136 2490 editel'lor.
1154 2441 1275 2494 Consentit

209 2508 255 2554 etsi
276 2507 366 2553 destris
386 2506 493 2552 berneris
511 2507 599 2554 euertit
619 2507 727 2553 animad-
758 2505 879 2569 (Budet)
893 2507 973 2554 Guelt'.
1004 2506 1040 2554 At
1056 2506 1108 2554 edd.
1123 2515 1178 2556 vett.
1193 2521 1274 2556 omnes

209 2571 367 2629 vertebantur,
383 2571 446 2632 qraod
466 2570 561 2631 irriges
571 2571 665 2632 pacatis
679 2585 727 2618 erse
756 2572 859 2618 animis:
871 2571 934 2634 quod
944 2580 1022 2634 onum
1032 2579 1066 2620 est
1076 2587 1089 2619 e
1099 2585 1155 2620 mox
1165 2579 1275 2647 sequente

209 2641 376 2690 comeverat,·
393 2641 472 2682 nmen
486 2636 513 2681 r'el
528 2637 607 2698 ipram
622 2636 662 2682 rat
671 2636 725 2698 sal.
756 2637 826 2683 rerbo
837 2637 934 2684 animos.
951 2635 1021 2683 Eur.
1049 2635 1111 2696 Qua
1120 2635 1158 2684 hic
1169 2635 1272 2703 Lipsius,

209 2701 273 2747 lentii
283 2714 365 2747 caussa
377 2701 465 2746 militer
476 2700 505 2746 ab
515 2700 617 2746 bartibsr
628 2700 725 2762 factam
756 2697 787 2746 sd
802 2714 851 2747 rem
867 2715 952 2764 parum
967 2699 1062 2748 faciunt.
1094 2699 1223 2764 Egregium
1239 2709 1274 2748 est

208 2765 381 2812 existimabant.
412 2761 725 2827 Dchumermetquomodo
755 2763 820 2874 apud
836 2764 973 2812 Montefslc.
990 2764 1015 2812 in
1029 2763 1113 2828 antiq.
1129 2763 1231 2831 Explt
1247 2765 1272 2812 ὃ.

209 2828 272 2877 exeri
287 2827 305 2875 ii
320 2828 445 2891 potuerint,
462 2841 505 2875 nec
521 2828 595 2890 capio,
613 2841 657 2875 nec
671 2827 727 2890 legi.
755 2841 773 2890 p
806 2828 1008 2892 197.exemplum
1024 2843 1107 2876 manus
1124 2843 1193 2877 enea
1209 2843 1273 2893 rym-

208 2893 331 2941 Glossema
340 2892 438 2952 subolet,
449 2899 473 2940 et
486 2891 565 2940 insitio
574 2906 622 2939 non
636 2894 723 2955 proba:
755 2891 843 2952 bolico,
861 2892 975 2956 inscripta
987 2899 1159 2954 tEAA'trtlttN,
1175 2907 1228 2956 qua
1242 2894 1272 2942 ab

207 2957 338 3020 legemque,
346 2957 543 3004 dcatrisexertisr
555 2971 610 3004 rore
617 2957 724 3003 humero·
755 2954 827 3003 bisin
842 2956 895 3004 firlei
905 2955 992 3004 amiciti
1028 2959 1274 3005 uetetseramArver-

209 3037 264 3068 ram
271 3021 349 3081 ejecta
360 3019 436 3068 nisisi
446 3036 473 3068 ea
480 3019 722 3068 abterconformanda
755 3019 792 3067 nis
807 3019 879 3068 missa
889 3020 985 3068 ridetur.
1041 3019 1081 3069 ud.
1092 3035 1147 3067 mox
1163 3021 1224 3068 male
1234 3023 1273 3070 irt-

209 3086 311 3134 Dextrae
319 3084 503 3148 quidemattolli,
512 3084 581 3132 etiam
591 3085 724 3148 nuncpaeis
753 3085 839 3146 tigres.
857 3085 965 3134 Ceterum
973 3083 1021 3132 bl.
1031 3083 1179 3131 duaedextrae
1186 3086 1273 3146 juncte

208 3165 236 3198 ac
243 3149 297 3198 socii
308 3151 421 3198 adventus
430 3148 522 3212 signum
532 3149 638 3196 habetur.
651 3149 723 3198 lars.
752 3149 860 3197 videntur
865 3148 971 3214 intelligi,
976 3148 1056 3214 quales
1062 3147 1197 3196 visunturin
1204 3163 1274 3198 num·

241 3227 307 3262 nnn.
340 3215 372 3261 In
382 3213 479 3262 casaris
494 3211 545 3260 loco
553 3212 651 3261 libenter
661 3227 723 3262 nunc
755 3213 808 3261 mis.

207 3279 312 3342 legerim,
323 3280 414 3326 destris
428 3277 500 3324 aad&
515 3278 609 3326 ama.
641 3277 723 3327 Lirim
792 3277 999 3347 Adstrmaatibur}
1018 3277 1064 3326 Ed.
1090 3293 1124 3342 pr.
1144 3277 1210 3326 addit
1230 3285 1269 3328 et.-

208 3343 290 3391 suadet
297 3344 338 3402 28,
345 3345 369 3390 3.
378 3343 419 3405 qui
427 3341 512 3402 scribit,
519 3340 646 3404 oppidanos
653 3356 723 3404 qnos-
755 3343 822 3404 cujus
834 3343 928 3406 vesdgie
937 3343 1008 3390 etiam
1022 3344 1048 3390 in
1059 3343 1138 3391 Guelss
1149 3343 1195 3390 fuit
1208 3343 1271 3392 enim

207 3407 271 3465 dam,
291 3407 430 3456 deditionem
451 3415 475 3453 ct
491 3405 618 3454 amicitiam
634 3405 723 3468 signifi-
753 3407 896 3456 ramorevel
906 3421 1027 3456 rumores.-
1040 3407 1080 3454 sed
1091 3406 1271 3456 erasitsecma-

207 3481 293 3532 cantes,
418 3472 539 3518 rdeatrar
555 3471 631 3518 radas
646 3477 722 3518 orten-
753 3483 806 3518 nus.
839 3471 878 3518 Ita
888 3470 1270 3534 conjungendaiorentctabrtrta.

208 3543 290 3586 taam
312 3487 492 3584 monii
503 3534 572 3582 etiam
583 3533 646 3598 apud
652 3535 722 3582 'l'hu-
750 3541 846 3595 gartia
856 3537 964 3597 legimres.
997 3535 1043 3584 Sed
1057 3537 1087 3582 ab
1098 3533 1206 3584 omnibus
1218 3535 1270 3583 aliis

206 3601 322 3665 cydidem,
333 3605 358 3661 4,
369 3601 409 3648 38.
421 3600 570 3648 circumvemi
580 3602 610 3648 ab
620 3599 722 3647 Atheni-
752 3598 805 3646 edd.
824 3599 908 3663 copula
924 3601 994 3647 abest
1027 3598 1089 3648 Mox
1106 3597 1238 3647 restitutum
1255 3615 1271 3647 a
1320 3631 1324 3644 .

207 3665 308 3726 ensibus,
330 3665 373 3718 τὰς
398 3667 475 3728 pulpae
496 3664 616 3720 ἀνέσιισαν,
638 3679 722 3711 arcam
753 3663 942 3727 Ryclrioellor.
949 3665 987 3775 ,iet
997 3662 1069 3726 Agr.)
1081 3665 1129 3710 rtet
1139 3665 1194 3726 spat
1206 3664 1270 3729 quod

207 3732 348 3793 quatiebant,
366 3728 460 3792 signum
476 3727 539 3791 pacis
555 3736 578 3775 et
638 3728 722 3776 irionis.
753 3737 830 3776 estet
850 3729 876 3776 in
898 3729 949 3795 (Bu
974 3727 984 3790 )
1005 3727 1083 3776 Gueli.
1100 3735 1123 3775 et
1144 3727 1195 3776 cdd.
1215 3737 1271 3778 ante

205 3795 357 3843 InFrontino
365 3793 459 3857 quidem
466 3793 527 3856 lego,
536 3791 569 3839 hu
652 3793 723 3845 etiam
753 3793 831 3840 Rhen.
851 3794 893 3857 qui
911 3795 953 3858 (ex
969 3792 1073 3856 ingenio)
1090 3792 1154 3842 dedit
1170 3795 1197 3841 ai
1215 3795 1268 3842 sibl.

206 3859 280 3908 exseri
295 3875 310 3906 a
323 3857 445 3918 militibus,
461 3856 722 3923 sedlongealiosensu.
753 3857 820 3905 Illud
839 3859 923 3906 melius
940 3858 1009 3906 etiarn
1031 3871 1106 3906 sensu.
1142 3859 1269 3908 omnuim

206 3924 306 3988 Stratag.
317 3923 375 3983 2,1,
386 3923 410 3970 3.
444 3923 506 3971 Cum
518 3923 665 3972 Sertorianae
675 3924 721 3968 mi·
753 3937 814 3985 sape
830 3923 935 3971 absolute
950 3921 1034 3970 dicitur
1051 3922 1100 3970 sine
1116 3920 1203 3982 dativa,
1225 3939 1268 3988 pm

206 3990 257 4037 liter
267 3987 471 4036 animadvertisset
481 3999 569 4047 magar
578 3987 667 4048 impeta
683 3988 721 4034 bn,
751 3986 888 4051 prospicere,
899 3986 986 4035 mederi
996 3986 1071 4036 malis.
1086 3987 1157 4036 Euri.

206 4046 309 4113 stiuam,
321 4054 463 4115 deposcentes
474 4065 591 4114 pugnam,
602 4051 722 4099 bsmcrnr.
790 4049 927 4113 Imcttiam]
954 4050 1017 4100 llud.
1038 4053 1178 4100 tardantia.-
1205 4051 1268 4102 uude

207 4133 248 4179 gae
258 4122 389 4165 exercentes
398 4116 471 4181 (lego,
486 4115 627 4175 exserentes)
637 4123 660 4163 et
669 4117 721 4163 larr-
751 4115 829 4164 naen.
840 4117 941 4165 tmcttta.

206 4197 256 4229 cens
276 4183 401 4230 bibrum
431 4180 517 4244 Itaque
536 4179 580 4228 boc
600 4179 676 4242 magis
696 4179 721 4227 in
783 4181 872 4228 Acrius
881 4179 982 4242 volvam]
1000 4179 1197 4231 sicrtortsuett
1206 4181 1266 4244 Agra¹

206 4243 335 4295 cesariana
350 4245 488 4294 correctione
503 4252 581 4292 noema
594 4243 723 4293 firmarum.
752 4242 840 4309 (Bud.)
851 4244 902 4292 edd.
914 4253 967 4293 ante
978 4245 1054 4296 Rhea.
1065 4245 1090 4294 in
1106 4246 1173 4308 cujus
1187 4245 1225 4292 cd.
1235 4245 1267 4290 ir-

207 4310 281 4358 lnrs.
313 4311 411 4359 Dextra
426 4308 520 4373 hospitii
536 4307 636 4373 insignia
651 4309 721 4356 etiam
750 4308 829 4376 repsit,
845 4309 908 4358 haud
919 4309 988 4359 dubie
998 4325 1072 4359 errore
1082 4319 1212 4374 operarum,
1226 4321 1268 4353 vv·

208 4373 241 4437 11.
252 4377 278 4435 2,
293 4377 457 4430 &occurrunt
490 4373 577 4421 Durior
587 4373 671 4422 modus
685 4373 721 4421 lo-
751 4377 818 4421 lear:
842 4387 889 4422 non
909 4374 971 4422 enim
989 4375 1057 4422 tacite
1077 4375 1121 4422 hoc
1139 4377 1265 4419 mutasset:

208 4440 308 4502 quendis
326 4448 349 4488 et
360 4439 416 4486 aliar
426 4447 514 4486 tessera
529 4439 606 4502 petius
620 4437 722 4502 insignia
752 4438 822 4502 idque
830 4447 982 4502 propagatum
993 4435 1136 4502 usquesdJ.
1146 4433 1217 4480 Gran.
1226 4435 1269 4498 qui

208 4501 308 4569 hospitii,
319 4519 373 4568 quta
383 4501 511 4553 mittantur.
543 4503 589 4552 Sed
603 4511 682 4552 watra
694 4503 724 4551 li·
753 4518 766 4552 e
788 4503 851 4552 Flor.
868 4502 976 4566 restituit.
1005 4501 1070 4550 lnirn
1091 4515 1109 4548 c
1128 4499 1167 4546 tt
1185 4499 1269 4545 bellam
