3059 4975
198 252 254 311 uo
570 248 859 313 ursromanuu
1096 254 1262 329 [saera

194 414 352 502 integrum
370 412 433 479 illic
446 436 482 478 ac
494 413 696 479 favorabilem
712 412 973 482 Proconsulatum
988 414 1143 494 Vitellius,
1165 416 1263 481 famo-

195 524 265 597 sam
278 500 486 598 invisumque,
494 497 713 649 'Vespasianus
727 512 832 585 egerat
844 524 863 597 τ’
875 501 1002 586 perinde
1017 503 1090 567 socii
1104 502 1145 566 de
1159 502 1262 601 Impe-

194 608 241 649 no
255 599 317 650 utri
379 610 419 650 ue
433 608 539 670 oonJec
635 597 665 649 t:
690 584 745 649 sed
759 601 1007 670 experimentum
1021 604 1129 653 contra
1145 588 1215 654 furt.

239 671 354 737 XCVI
375 674 402 735 I.
427 676 478 737 Ac
492 669 594 755 primo
608 669 754 735 Valerius
769 672 892 748 Festus,
906 672 1056 759 Legatos,
1073 673 1175 739 studia
1189 697 1260 760 pro

162 767 165 776 '
193 756 370 823 vincialium
384 780 456 821 cum
477 755 541 819 fide
549 755 652 843 juvit:
676 779 751 820 mox
764 757 908 836 nutabat,
922 758 1026 844 palam
1046 759 1181 847 epistolis
1196 760 1260 823 edi-

159 863 161 869 ·
192 842 312 929 ctisque
326 841 497 921 Vitellium,
506 841 637 907 occultis
643 841 761 906 nuntiis
772 840 1010 930 Vespasianum,
1022 845 1144 924 fovens,
1151 859 1183 910 et
1192 845 1259 909 haec

191 926 283 991 illave
296 927 601 1025 defensuruslprout
613 926 823 993 invaluissent.
865 929 1058 1077 Deprehensi
1070 954 1141 995 cum
1149 930 1260 995 litteris

192 1012 363 1100 edictisque
371 1012 437 1079 Ves
493 1035 565 1087 ram,
614 1036 631 1076 r
644 1013 799 1079 Rhoetiam
809 1028 841 1077 et
853 1013 914 1077 Gal
926 1014 982 1093 ias,
992 1016 1126 1080 militum
1137 1027 1168 1080 et
1179 1020 1260 1082 Cen-

192 1097 353 1162 turionum
367 1036 507 1185 qnihil,
607 1098 739 1162 itellium
753 1097 850 1177 missi,
864 1115 1031 1165 necantur:
1078 1100 1219 1166 luresfef
1233 1100 1260 1165 l·

189 1182 263 1262 lere,
275 1182 337 1247 fide
345 1184 524 1261 amicorum,
534 1193 591 1247 aut
600 1195 720 1247 suomet
728 1196 799 1247 astu
808 1184 961 1249 occultati.
979 1187 1031 1250 Ita
1040 1125 1160 1251 llitellii
1169 1211 1259 1275 para-

190 1281 242 1334 tus
255 1271 471 1347 noscebantur,
484 1268 550 1333 Ves
572 1268 668 1333 asiani
682 1268 880 1333 consiliorum
894 1270 1042 1369 pleraque
1056 1271 1179 1358 ignota:
1195 1273 1259 1359 pri-

119 1374 132 1397 0
190 1378 277 1419 mum
299 1354 439 1419 socordia
460 1291 600 1428 vitella
630 1352 744 1418 deinde
765 1357 954 1419 Pannonicae
976 1357 1086 1457 Alpes,
1106 1357 1257 1445 praesidiis

188 1440 321 1519 insessae,
337 1438 463 1504 nuntios
476 1440 668 1504 retinebant:
692 1463 778 1505 mare
792 1463 918 1527 quoque
938 1442 1117 1507 Etesiarum
1131 1443 1209 1507 flatu
1223 1440 1255 1507 in

189 1526 349 1590 Orientem
362 1524 582 1613 navigantibus
596 1526 778 1608 secundum,
794 1525 867 1591 inde
882 1526 1048 1593 adversum
1064 1542 1138 1593 erat.

186 1749 219 1796 ba
238 1748 428 1806 confunduntur:
456 1748 607 1812 inprimisque
620 1747 648 1822 in
669 1748 705 1797 ed.
737 1750 881 1797 correlaatias
886 1752 998 1811 perstant,
1011 1764 1058 1811 per
1068 1749 1117 1796 diae
1127 1750 1188 1808 XL,
1200 1766 1256 1811 quoe

187 1821 448 1941 latinitat?
468 1814 521 1926 lt?
530 1813 706 1925 allant:
736 1814 1256 1943 titulanttplt‘thtttt{tr

186 1940 338 2005 diphthongo.
737 1958 766 1989 ex
781 1942 851 1989 Italia
861 1944 981 1991 Orientem
997 1942 1151 2005 adnavigant:
1169 1944 1255 2007 quiex

218 2009 347 2067 Integrum
369 2008 431 2072 illic]
452 2006 491 2053 De
509 2006 606 2054 Vitellio
624 2006 704 2055 eadem
736 2006 975 2067 coltaliam,contra.
993 2007 1185 2068 caesaraea,
1200 2008 1254 2062 107.

187 2070 312 2119 Suetonius
321 2072 347 2119 in
358 2072 406 2120 vita
413 2074 464 2134 ejus
475 2088 524 2135 cap
536 2075 559 2117 5.
578 2072 616 2119 At
621 2072 651 2119 de
658 2072 705 2120 Ve-
735 2074 793 2133 Ipse
805 2074 867 2119 enlm
881 2073 1009 2119 accessorio
1024 2074 1113 2119 Eleate
1126 2073 1255 2133 tenebatur,

187 2135 294 2197 spasiano
302 2144 378 2184 mutat
388 2152 409 2184 a.
420 2140 443 2184 4.
452 2146 475 2185 et
482 2138 596 2200 Africam
603 2138 705 2196 integer-
737 2138 779 2196 qal
786 2136 933 2183 Alenandrla
939 2137 1106 2197 laevigantibus
1112 2144 1167 2185 eant
1173 2138 1256 2183 adaer-

186 2203 256 2258 rima,
267 2200 353 2263 inquit,
361 2216 403 2249 acc
411 2205 461 2248 elne
471 2216 560 2261 magra
571 2202 706 2261 dignatione
736 2201 826 2246 :issimi
834 2203 903 2247 venti.
916 2202 992 2248 lues.
1001 2199 1056 2247 Vid.
1065 2209 1114 2247 not.
1120 2216 1168 2275 seq.
1180 2201 1252 2248 Ean.
1264 2250 1266 2259 .

186 2266 372 2313 administravit.
391 2266 441 2323 Qui
449 2264 605 2322 concilientur,
615 2278 661 2310 non
670 2264 705 2311 vi-
736 2263 871 2312 Lectionem
880 2264 1062 2312 Budensismale
1070 2264 1167 2312 reddidit
1177 2264 1255 2313 Rhen.

186 2328 237 2375 deo.
249 2328 325 2376 luas.
347 2329 425 2377 Possis
434 2330 492 2376 forte
503 2328 544 2386 sic,
556 2328 575 2375 si
585 2328 704 2390 integrita-
737 2327 776 2375 Ibi
787 2327 834 2376 scil.
846 2342 894 2376 non
904 2330 989 2391 legimr
1000 2344 1091 2387 acram,
1099 2318 1142 2376 'sed
1153 2330 1253 2390 Aerem,

186 2392 308 2440 temdicas
315 2391 384 2450 etiam
393 2393 637 2441 fuisscinseveritate:
650 2408 704 2440 cum
736 2394 799 2455 quod
815 2393 849 2439 nil
867 2393 931 2441 aliud
951 2402 984 2441 est
1004 2409 1076 2457 quam
1095 2394 1157 2441 Flor.
1174 2408 1253 2453 arram,

185 2456 246 2506 nihil
264 2456 384 2506 ambitioni
400 2458 473 2519 daret
489 2472 608 2506 summum
622 2458 662 2518 jus
678 2458 703 2504 in
736 2456 821 2506 ineerta
831 2458 931 2506 litterula
941 2466 1086 2521 conruptum.
1120 2458 1158 2507 De
1169 2458 1255 2507 Etesiis

185 2522 294 2570 omnibus
312 2523 421 2584 exigeret,
440 2525 520 2570 acerbe
536 2534 647 2570 coerceret
659 2523 705 2568 im·
735 2533 818 2584 praeter
829 2531 907 2570 notata
918 2524 947 2570 ad
957 2523 990 2569 A.
1003 2525 1027 2580 a,
1036 2523 1075 2570 33.
1087 2523 1139 2570 vide
1149 2522 1255 2571 Manutii

185 2587 285 2649 prabos:
304 2587 367 2649 quod
379 2596 403 2634 et
413 2604 426 2635 e
436 2587 511 2635 verbis
521 2601 609 2648 magna
620 2589 705 2647 ‹ligna-
735 2585 815 2642 Ques.
829 2601 870 2649 per
883 2587 950 2649 epist.
964 2589 988 2644 2,
1001 2587 1024 2633 6.
1040 2595 1062 2634 et
1076 2585 1215 2636 Kirahenrm
1228 2588 1253 2634 in

186 2653 248 2698 lione
259 2651 359 2714 colligas
378 2651 435 2700 vid.
446 2650 635 2700 virosdoctosad
646 2651 706 2698 Sue·
735 2650 824 2698 mundo
835 2652 966 2710 subterna,
977 2653 1002 2699 3.

185 2725 232 2762 ton.
245 2716 304 2763 Cas.
314 2717 338 2762 4.
356 2715 428 2764 Tales
438 2716 479 2780 qui
493 2714 555 2775 sunt',
567 2715 639 2777 ruho
650 2721 705 2762 sunt
768 2716 829 2762 Inde
844 2715 968 2778 aduersam
985 2715 1048 2779 crat]
1067 2715 1166 2764 Sensum
1186 2715 1253 2776 velle,

184 2779 260 2828 invisi.
278 2778 706 2841 MoxbcneRhenanusperladcfecit
735 2779 790 2826 lade
798 2777 922 2828 adversam
934 2783 989 2839 lter,
999 2780 1169 2828 Freinshemius
1179 2789 1253 2844 putat.
1303 2829 1307 2835 ,

185 2846 313 2907 eprolnde.
331 2846 403 2893 Ean.
436 2846 476 2892 Ex
487 2844 587 2907 ingenio.
736 2842 866 2903 Crederem,
879 2845 998 2909 sircliqua
1010 2845 1104 2907 vulgata
1117 2855 1253 2894 constarent

217 2912 299 2957 Prout
308 2912 475 2974 invaluissent]
488 2910 544 2957 Non
551 2908 620 2968 male,
629 2915 703 2970 prout
736 2907 783 2955 Sed
799 2908 858 2955 nihil
874 2910 964 2968 ceruus,
982 2925 1053 2973 quam
1069 2910 1214 2970 ὑποέολιμαῑα
1230 2919 1253 2958 et

184 2975 346 3021 ὕααῑαίαασαί.
360 2974 506 3038 Temporum
514 2973 577 3022 enim
584 2973 703 3020 homin
734 2973 889 3036 expungenda
904 2973 929 3020 in
940 2973 1040 3036 vulgatis
1057 2989 1104 3021 esse
1120 2973 1149 3020 τὰ
1166 2989 1194 3020 aa
1202 2977 1252 3035 sta-

184 3039 300 3098 describit,
313 3038 365 3103 qui,
382 3054 446 3087 nunc
461 3040 486 3087 in
502 3052 620 3102 hispanam
636 3037 704 3084 incli-
733 3038 789 3084 lant
799 3039 821 3084 la
836 3038 860 3084 in
871 3038 943 3086 MSS.
954 3040 1033 3100 flabra
1044 3039 1161 3100 aquilonis
1178 3038 1253 3102 (quod

184 3113 282 3152 natrrms
291 3112 341 3151 erat
348 3103 379 3150 ad
389 3113 465 3168 partes
472 3101 609 3151 valentioris.
627 3102 703 3149 Multi
734 3101 856 3160 Rhemno,
869 3103 982 3162 Mercero,
994 3103 1109 3160 Acidalio,
1118 3102 1177 3150 mihi
1188 3103 1253 3150 deni·

184 3169 298 3228 ejusmodi
311 3169 431 3229 wlpiones
443 3167 571 3232 prasertim
585 3182 626 3229 per
641 3165 703 3214 bella
732 3181 787 3228 quc,
799 3167 915 3228 omnibus,
927 3167 1017 3242 opinor,
1029 3167 1085 3216 alios
1093 3167 1252 3230 ignorantibus

183 3232 261 3280 cirico¹
295 3233 362 3279 Talis
376 3234 430 3280 Rex
443 3233 552 3289 Juliates,
564 3232 597 3280 A.
610 3231 649 3289 12,
664 3231 701 3279 13.
731 3230 757 3277 in
778 3240 880 3278 mentem
903 3232 976 3294 vemt)
999 3231 1153 3292 scribendum,
1175 3234 1250 3279 Mara

183 3297 226 3358 qui
245 3298 378 3344 aodaalem
396 3298 546 3344 Meherdatis
562 3297 646 3358 palam
663 3297 701 3342 la·
733 3310 822 3357 qaoque
837 3298 962 3344 etesiarum
970 3299 1052 3358 slata:
1069 3296 1137 3344 itari
1148 3303 1251 3344 eratne-

183 3363 275 3421 daerot,
297 3363 324 3408 la
347 3363 474 3410 aaronem
493 3376 540 3423 per
565 3363 656 3408 occulta
679 3368 703 3408 et
731 3361 863 3420 cossanum,
887 3365 920 3420 τῷ
945 3364 991 3409 lter
1016 3363 1079 3408 locus
1103 3361 1182 3408 nullm
1206 3369 1248 3408 est.

183 3428 324 3488 omgleflda
340 3427 475 3474 inclinabat.
508 3425 542 3472 Et
550 3424 662 3520 ‘depingit
677 3425 702 3473 in
732 3424 823 3473 (laon.
841 3425 905 3472 Ado.
919 3426 977 3474 Obs.
990 3427 1013 3485 4,
1023 3428 1045 3472 2.
1057 3442 1080 3489 p.
1093 3427 1133 3484 29,
1144 3425 1183 3472 30.
1201 3425 1250 3472 Re·

183 3506 231 3539 uno
242 3491 386 3539 Claudianus
397 3489 571 3556 debellofiild.
582 3493 638 3538 .50.
655 3491 701 3537 La·
731 3497 797 3552 cepta
812 3489 836 3536 in
854 3498 944 3538 textum
959 3490 1009 3538 haec
1025 3489 1131 3537 comestio
1146 3505 1161 3536 a
1176 3489 1201 3537 J.
1219 3490 1248 3538 F.

183 3558 261 3603 havit
269 3558 385 3617 gensinus,
395 3555 571 3619 eventojodt‘ce,
581 3556 702 3611 olres,Ad
732 3554 863 3602 θηοηανὶοι
881 3571 933 3618 quae
949 3555 1017 3618 plane
1033 3553 1180 3601 confirmatur
1193 3553 1249 3602 scri-

183 3636 265 3667 reram
272 3623 467 3670 mamoatacllem
474 3637 484 3677 3
502 3634 592 3682 esseque
600 3620 701 3666 datarus
730 3627 799 3682 ptura
810 3618 864 3666 MS.
877 3619 938 3666 Flor.
951 3633 1016 3666 mara
1027 3619 1191 3679 qooqraeern'a
1198 3622 1249 3680 fla-

187 3688 286 3732 Vt'ctorl.
304 3684 380 3731 hirs.
730 3685 773 3730 bra
784 3685 900 3745 aqallaals
910 3686 1055 3744 aramfiata.
1084 3683 1148 3730 Nam
1159 3683 1249 3733 clarum

214 3752 311 3797 Saomct
328 3751 393 3813 acta]
416 3748 444 3796 A
460 3748 564 3796 Ferretto
579 3755 621 3807 est,
639 3749 700 3795 male
730 3750 857 3808 estflalra
868 3749 984 3810 aquilonis
995 3757 1074 3794 notam
1085 3747 1248 3810 marginalem,

182 3823 257 3873 anteo,
268 3820 338 3861 stas.
356 3813 430 3860 hirs.
464 3813 543 3861 Immo
556 3812 588 3861 sic
600 3822 623 3860 et
635 3812 698 3861 Flor.
728 3812 837 3860 insertam
848 3826 897 3860 csse
907 3827 922 3858 a
932 3811 1037 3868 librariis,
1048 3813 1111 3874 quod
1119 3821 1152 3860 est
1163 3811 1187 3860 in
1198 3829 1248 3862 me.

181 3881 242 3942 Agr.
254 3879 326 3925 Ean.
338 3877 400 3924 Bud.
412 3885 482 3925 actu.
640 3902 645 3909 ·=
728 3877 768 3925 dio
778 3877 841 3926 verbi
851 3879 984 3924 etesiarum.
1013 3876 1069 3924 Fuit
1078 3877 1103 3924 in
1113 3877 1160 3924 fine
1171 3893 1248 3926 versus

193 3973 196 3978 -
214 3946 288 3990 Mare
299 3957 387 4004 qaoque
397 3944 497 4006 Etesiae]
511 3942 622 3990 Innicata
631 3941 699 3990 valde
729 3943 817 3989 alselin
827 3941 940 4004 principio
947 3941 1041 3990 alteriru
1049 3957 1135 3990 arom:
1152 3941 1176 3990 in
1185 3957 1248 3988 mar-

181 4006 390 4068 loctioinecriptis.
409 4006 549 4054 Vaticanus:
567 4014 699 4068 amreqao·
728 4006 865 4068 gineJlallra
876 4008 1002 4068 aquilonis.
1031 4005 1184 4054 Beneautem
1195 4020 1248 4052 mo-

181 4089 225 4134 aac
235 4079 258 4120 et
266 4072 420 4132 Bloeetflabra
428 4072 553 4132 αααὶἰααὶα,
561 4071 701 4132 hanrm'sta
728 4079 768 4118 net
779 4071 892 4134 Ryckius,
897 4071 977 4132 flabra
987 4073 1104 4132 aquilonis
1114 4085 1163 4118 csse
1173 4084 1186 4116 e
1195 4069 1247 4117 Lu-

182 4143 225 4184 ta:
237 4152 280 4184 nea
288 4136 354 4183 aliter
360 4135 453 4182 Fames.
461 4135 498 4182 At
504 4135 627 4195 Budensis,
634 4142 700 4184 naara
728 4135 798 4183 cretio
808 4136 832 4190 6,
845 4136 900 4189 730.
915 4151 1058 4198 quamquam
1072 4135 1141 4182 ctiam
1156 4143 1210 4182 sunt
1221 4135 1245 4192 5,

182 4201 700 4264 qaoqaeataslflahraAqalloalsvcraaafla-
728 4200 784 4254 741.
818 4199 856 4247 De
877 4209 938 4248 nous
957 4201 1042 4246 talibus
1061 4207 1151 4246 insertis
1169 4198 1245 4247 textui

182 4274 230 4312 tar.
258 4267 309 4314 Nos
323 4265 430 4326 legimus,
445 4280 510 4311 mare
523 4265 701 4325 qnoqneEtarll
728 4264 956 4322 consacratae.
989 4264 1054 4310 Ante
1066 4262 1209 4311 Gronovium
1221 4263 1246 4310 in

173 4332 267 4390 flabant
274 4331 409 4391 Apollonos.
421 4332 591 4389 Horamflata.
606 4329 696 4375 Plinius
729 4328 795 4389 editis
805 4337 867 4376 erat:
887 4331 961 4376 Marc
971 4342 1058 4390 qaoqra
1066 4327 1244 4390 etaaaeflahaat.

180 4396 205 4452 2,
222 4396 262 4457 47.
297 4399 356 4443 Post
372 4395 468 4442 ὺὶααααα
486 4395 557 4440 iidem
568 4394 697 4455 Aquitanos
729 4395 830 4442 Harena
844 4397 917 4454 flatu,
939 4401 965 4440 ut
985 4402 1020 4442 est
1036 4391 1106 4441 aum
1123 4393 1147 4441 in
1166 4391 1245 4442 Guelf-
