3059 4975
229 286 285 345 roa
602 280 905 341 ursroamnuu
1118 282 1293 355 [auam.

122 463 125 473 “
223 444 324 523 cessit,
337 442 510 531 gaudium,
531 445 827 523 miseratio,'favor:
861 442 941 509 versi
962 442 995 507 in
1016 442 1165 523 laetitiam,
1183 446 1234 526 (ut
1248 456 1294 509 est

223 530 340 617 vulgus
364 544 498 616 utroque
526 529 731 609 inmodicum)
746 529 929 597 laudantes
968 542 1198 617 gratantesque,
1235 530 1295 593 cir·

224 616 408 681 cumdatum
440 614 551 702 aquilis
575 616 733 714 signisque
759 617 792 679 iu
813 614 949 681 tribunal
975 614 1091 679 ferunt.
1144 614 1203 679 Ille
1224 613 1315 679 utili‚

228 700 438 765 moderatione
468 724 530 765 non
560 701 747 788 supplicium
776 703 962 800 cujusquam
992 699 1150 799 poposcit:
1191 724 1227 765 ac
1253 722 1297 774 ne·

225 785 423 851 dissimulans
438 786 607 873 suspectior
626 787 727 865 foret,
738 808 854 874 panem
874 799 1043 851 incusavit:
1066 809 1182 873 gnarus
1197 784 1293 850 civili-

224 873 286 936 bus
298 870 474 957 bellis'plus
488 869 650 950 militibus,
665 895 762 958 quam
778 872 933 951 DucibuS,
948 872 1048 937 licere.

269 958 392 1021 XXX.
424 956 645 1021 Munientibus
673 970 774 1023 casua
798 957 884 1045 apud
914 957 1075 1034 Ticinum,
1100 956 1140 1021 de
1165 958 1295 1021 adversa

225 1042 360 1109 Caecinae
381 1065 426 1128 pu
471 1066 491 1107 a
512 1041 663 1119 adlatum,
686 1058 717 1107 et
739 1066 797 1130 pro
844 1056 1006 1107 ‘renovata
1029 1041 1148 1121 seditio,
1172 1051 1193 1082 “
1213 1057 1293 1117 tam-

226 1150 323 1214 quam
344 1128 416 1203 lrau
440 1152 458 1191 e
478 1141 510 1191 et
532 1128 782 1193 cunctationibus
833 1129 942 1195 alantis
962 1128 1073 1216 proelio
1096 1128 1293 1193 defuissent?

225 1212 319 1291 Nolle
332 1214 484 1300 requiem,
499 1235 561 1277 non
580 1227 758 1311 exspectare
776 1216 910 1293 Ducem,
931 1216 1047 1279 anteire
1067 1214 1166 1299 signa,
1183 1236 1293 1299 urgere

224 1299 410 1385 signiferos:
438 1298 549 1385 rapido
570 1322 694 1384 agmine
717 1300 850 1365 Caecinae
869 1302 1057 1387 J'nnguntur.
1104 1302 1294 1386 Inprospera

224 1384 363 1450 Valentis
375 1384 468 1447 asama
488 1385 574 1481 apud
595 1386 767 1451 exercitum
789 1386 921 1449 Caecinae
943 1398 1025 1449 erat:
1050 1391 1072 1423 “
1087 1384 1242 1471 expositos
1261 1408 1293 1448 se

225 1482 314 1537 tanto
328 1469 488 1556 pauciores
508 1470 636 1557 integris
650 1470 788 1535 hostium
803 1471 951 1550 viribuS,''
989 1470 1185 1547 uerebantur,
1202 1469 1294 1535 simul

223 1555 258 1618 in
273 1577 362 1619 suam
375 1555 616 1635 excusationem,
634 1570 666 1619 et
687 1557 923 1622 adventantium
946 1494 1043 1621 riibur
1063 1578 1120 1643 per
1141 1556 1293 1621 adulatio-

225 1663 297 1705 nem
317 1640 510 1718 adtollentes‚
532 1663 572 1704 ne
598 1655 634 1705 ut
659 1641 732 1707 victi
752 1655 784 1707 et
806 1642 910 1728 ignavi
934 1643 988 1708 des
1046 1654 1195 1706 tarentur.
1248 1642 1295 1705 Et

224 1727 503 1813 quamquamplus
519 1726 646 1803 virium,
667 1749 765 1814 prope
784 1726 964 1814 duplicatus
997 1728 1142 1812 egionum
1164 1725 1295 1791 auxilioss

224 1834 360 1896 rumque
376 1833 524 1876 numerus
541 1826 607 1876 erat
623 1812 762 1891 Valenti,
783 1812 887 1877 studia
905 1826 1008 1877 tamen
1028 1811 1162 1877 militum
1176 1813 1209 1875 in
1226 1812 1295 1875 Cae-

225 1897 326 1975 cinam
339 1896 546 1972 inclinabant;
571 1920 665 1984 super
678 1898 903 1985 benignitatem
917 1898 1023 1975 animi,
1043 1920 1107 1985 qua
1120 1898 1294 1996 promptior

226 1982 409 2061 habebatur,
432 1982 525 2047 etiam
539 1982 646 2069 vigore
668 1984 779 2063 aetatis,
802 1984 987 2069 proceritate
1008 2004 1144 2070 corpons
1165 1996 1196 2047 et
1217 2006 1295 2069 quo-

225 2068 298 2132 dam
319 2068 403 2132 inani
424 2069 541 2133 favore.
587 2069 673 2133 Hinc
695 2069 855 2134 aemulatio
878 2070 1030 2134 Ducibus.
1076 2068 1201 2145 Caecina
1221 2076 1243 2107 “
1259 2081 1295 2133 ut

224 2153 345 2217 foedum
360 2167 392 2217 et
405 2154 627 2234 maculosum,''
640 2153 692 2218 ille
710 2162 731 2193 “
750 2168 786 2219 ut
800 2178 916 2219 vanum
937 2178 972 2219 ac
987 2154 1171 2233 tumidum,''
1181 2153 1295 2219 inride-

257 2355 351 2400 Paucct
367 2353 496 2415 incusavit]
515 2352 580 2414 lego
591 2352 694 2413 paucis:
715 2352 746 2399 ad
779 2353 843 2401 Nam
854 2360 877 2401 et
892 2351 965 2415 gloria
980 2352 1056 2401 inanis
1072 2360 1113 2411 est,
1130 2368 1182 2415 quae
1198 2352 1295 2400 arebus

225 2416 361 2483 brevitatem
374 2415 438 2464 enim
450 2416 559 2464 orationis
575 2416 680 2475 refertur,
697 2431 745 2465 nou
778 2417 893 2477 inanibus,
912 2416 977 2465 nulla
996 2417 1068 2481 gloria
1082 2416 1166 2481 dignis,
1185 2416 1295 2465 noratur.

225 2480 256 2530 ad
266 2480 358 2546 eosqui
373 2493 508 2546 peccarant;
525 2491 548 2529 et
557 2497 612 2530 sane
627 2497 706 2529 amnes
721 2481 746 2529 in
779 2481 897 2541 Ceterum,
909 2481 928 2529 si
938 2481 992 2530 libri
1003 2482 1114 2546 faverent,
1123 2482 1232 2530 inanium
1241 2497 1295 2530 sane

225 2546 269 2594 bac
293 2547 370 2608 culpa,
394 2561 436 2594 nec
460 2546 551 2611 excerpi
573 2546 641 2609 pauci
666 2556 748 2610 potue·
779 2547 917 2611 proferrem.
933 2546 1004 2594 Ean.

225 2626 258 2658 re.
283 2610 359 2658 Lars.
395 2611 496 2659 Sensus:
513 2625 561 2657 non
577 2610 646 2658 totius
662 2611 749 2659 exerci-
811 2611 1295 2674 FadametmacubrumWaletinomne

225 2675 343 2723 truistmn
355 2674 467 2731 furorem,
478 2675 518 2722 scd
528 2689 654 2737 pancorum
667 2674 747 2736 fuisse,
780 2675 851 2724 arrimi
868 2675 951 2723 vitium
967 2685 990 2723 et
1005 2676 1082 2723 labem
1101 2677 1214 2722 maculosi
1233 2690 1293 2723 vox:

225 2739 574 2852 tiltttu‘tttltttt
605 2738 748 2851 little
780 2747 1006 2854 ‘limaviffolel‘
1024 2739 1295 2852 libidimis?

226 2869 294 2930 calpa
308 2869 372 2930 fait,
395 2837 501 2914 damam,
512 2883 582 2930 parta
602 2869 656 2916 crta
700 2869 748 2918 At·
780 2868 1013 2933 quitansuspiccris:
1031 2821 1296 2932 etmagisexlrbchm·

225 2933 268 2996 qui
296 2947 377 2980 omnes
404 2932 504 2980 seditiosi
530 2933 629 2980 fuerant.
671 2932 748 2996 Igitur
779 2933 1297 2996 mianitocosam.ArguebatttctaemPrm.

221 3012 310 3060 paucos
331 3012 378 3046 non
402 2996 539 3062 tentandum
566 3005 646 3045 contra
669 2998 746 3046 libros.
780 3013 830 3060 cepa
838 2997 1035 3056 (Valentinianus)
1044 2999 1237 3058 timidoaroeplus,
1245 3013 1296 3044 ma-

227 3061 299 3110 Ean.
780 3063 867 3109 arcturos
877 3063 932 3109 talea
939 3065 1057 3124 appeltam
1064 3069 1086 3110 et
1096 3063 1207 3110 sordidos.
1219 3062 1294 3110 Lrns.

259 3128 354 3190 Rapido
380 3129 476 3188 agmine
504 3128 599 3175 Coeciaa
616 3127 746 3189 juugitur]
780 3126 836 3174 Nou
852 3125 970 3188 ignaviam
987 3135 1010 3174 et
1029 3127 1134 3176 timorem
1151 3125 1294 3191 interpretur,

226 3191 301 3240 MSS.
317 3191 381 3238 Flor.
399 3190 485 3252 (Bud.)
503 3190 581 3238 Guell‘.
599 3199 642 3238 etc.
658 3189 695 3238 ed.
711 3205 746 3253 pr.
779 3191 819 3238 sed
836 3189 956 3247 libidinem
976 3200 999 3240 et
1015 3193 1177 3255 rapacitatem:
1201 3208 1254 3258 quae
1270 3189 1300 3240 in*

220 3259 369 3319 jungantur,
381 3262 408 3302 ut
419 3255 546 3302 Rhenanus
556 3254 635 3302 edidit.
660 3255 748 3304 ceterae
778 3254 1027 3318 hominearguitet‘l,
1040 3257 1078 3304 66.
1115 3257 1234 3304 Valentem
1245 3271 1295 3302 aaa·

228 3328 284 3368 vett.
295 3318 346 3367 edd.
357 3327 410 3366 ante
418 3319 625 3381 Rhenjaugitar.
643 3319 746 3383 (Puteal.
777 3335 828 3381 gna
834 3321 1054 3384 pecuniaemptam.
1072 3320 1113 3378 Et,
1121 3322 1173 3382 ipra
1181 3321 1295 3368 tetaaum

227 3393 304 3433 tamen
321 3383 391 3444 babet
403 3382 561 3448 junguntur.)
594 3383 678 3432 Paullo
695 3393 748 3448 post
779 3387 857 3447 spatia
872 3392 894 3433 et
907 3387 1049 3432 stativorum
1065 3387 1204 3432 mutatione:
1216 3386 1295 3434 vaudi-

226 3447 745 3563 trttttlttlaldsltbtltll
780 3450 1296 3576 ‘titttt’ttltttttl'‘{tttttt

227 3577 330 3626 'vitduoe
340 3576 405 3624 Bud.
416 3594 488 3642 praep.
501 3594 536 3625 aa.
775 3531 958 3637 iterumue
969 3581 1100 3638 mlmcltem
1111 3531 1217 3627 mmm
1227 3581 1300 3643 facee

260 3644 295 3690 nt
305 3643 592 3707 qaadam'iuauifiuore]
613 3643 748 3692 censuerim
780 3645 919 3703 admoverit,
931 3645 1000 3690 donec
1012 3646 1114 3708 pecuina
1125 3645 1295 3705 mitigaretur:

227 3705 352 3769 legendum
368 3709 484 3755 inaniunt.
517 3707 579 3766 Qua:
596 3706 656 3755 illa?
673 3708 748 3770 Supe-
780 3709 1295 3772 quottespemuloeumtertudeserendam&

227 3771 282 3818 riori
287 3769 347 3819 libro
352 3770 439 3820 habes:
453 3773 548 3820 eactm
554 3786 648 3833 empore
655 3773 747 3834 iugem,
780 3779 802 3819 et
813 3773 937 3820 adulteriis
945 3775 1092 3822 sacrabatur.
1120 3774 1159 3823 Sic
1168 3773 1199 3821 A.
1210 3774 1248 3832 13,
1256 3774 1296 3822 33.

227 3837 305 3882 auimi
320 3836 467 3895 numadum,
484 3838 530 3884 cite
545 3849 657 3895 termene,
674 3843 748 3884 erecto
782 3838 947 3886 Cossutianum
963 3839 1101 3900 Capitonem
1114 3839 1199 3887 cattas
1210 3839 1296 3886 detule-

227 3902 318 3948 arcessa
329 3901 407 3948 stadia
417 3902 523 3948 militam
533 3901 653 3948 allexerat.
678 3901 748 3948 Pror-
781 3907 837 3948 ruat
848 3903 990 3950 menbrum
995 3904 1143 3965 fredamque,
1154 3910 1176 3951 et
1188 3904 1248 3950 idem
1252 3906 1297 3964 jur

228 3981 267 4013 sus
282 3973 310 4013 ut
325 3965 356 4013 de
365 3965 496 4026 Corbulone
514 3966 552 4025 13,
565 3967 588 4012 8.
600 3967 704 4012 amatam
722 3968 748 4014 iu
780 3967 882 4014 audacie
901 3968 927 4014 tu
943 3970 1069 4030 prouincia
1086 3975 1173 4026 ratum,
1193 3967 1253 4028 qaod
1269 3969 1296 4013 ia

228 4045 252 4078 ee
268 4045 310 4078 ora
328 4036 439 4089 verterat,
457 4043 553 4091 corpore
568 4032 658 4091 tagam,
674 4033 749 4081 cerate
781 4031 837 4078 urbe
847 4039 989 4081 exercuerat.
1001 4033 1035 4082 Η.
1048 4033 1070 4092 l,
1082 4032 1106 4088 7.
1119 4040 1146 4079 ut
1158 4033 1262 4078 auarr'u'a
1273 4036 1296 4078 ct

227 4097 375 4158 magnificae,
393 4099 416 4140 et
435 4110 506 4156 saper
523 4097 692 4155 experientiam
710 4112 748 4142 aa·
780 4096 876 4142 libidine
879 4095 975 4158 sedum
985 4113 1013 4146 uc
1023 4099 1173 4145 macularum.
1204 4095 1295 4154 Cicero,

223 4161 386 4223 picatumque
399 4159 675 4220 ettamapectelaaatam
688 4160 748 4206 rall-
780 4159 809 4208 ad
824 4159 896 4207 Attia
916 4160 995 4216 1,16.
1028 4161 1295 4220 armamentarium,

228 4227 280 4272 aaa.
297 4223 389 4272 Giton.
406 4221 473 4269 Idem
485 4221 583 4270 Heinsio
593 4222 698 4285 placebat
708 4239 748 4286 ap.
780 4225 839 4270 uadi
850 4225 956 4284 Equites.
990 4225 1297 4287 piternnatam

229 4286 579 4352 Ityckiumletlrallemandio).
596 4287 748 4336 Sedidemsi·
774 4289 856 4352 sadus
871 4296 894 4336 et
910 4297 988 4351 merra
1006 4293 1083 4338 malae
1099 4291 1296 4339 Proconsulutum

228 4353 322 4414 gnificat
332 4353 411 4398 inanis
421 4350 688 4414 munatianensis
698 4353 748 4400 ina-
781 4368 827 4400 uou
841 4354 921 4400 minue
936 4357 1047 4407 umleaur
1058 4371 1128 4420 quam
1138 4356 1297 4418 sordide-ger-

228 4416 298 4470 nibus
309 4425 381 4475 ortus,
392 4423 419 4465 ut
432 4418 513 4479 glorta
523 4419 609 4479 trouu,
621 4425 645 4465 et
655 4417 746 4470 simila.
782 4423 851 4470 terat.
868 4417 959 4468 Grau.
