3059 4975
388 1 465 9 „vv-.-
483 3 517 5 ⁷.-
528 3 614 8 ---*---
638 3 644 5 -
668 3 711 5 .
791 3 816 6 -,
859 1 1101 10 -ρ--ν-μ--Ημ

405 265 460 322 mr
480 237 928 320 Monmus'omuamm.
958 249 1047 310 cnr.
1066 253 1116 308 ao.
1241 254 1300 310 acc

229 440 322 516 atque
343 428 376 490 iu
396 427 407 488 i
431 449 465 489 so
482 424 572 487 litore
588 422 707 507 legunt.
752 419 831 494 Nec,
851 405 924 502 qua
949 426 1073 491 natura,
1091 433 1204 499 quave
1220 413 1301 476 ratio

228 515 348 616 gignat,
364 525 400 575 ut
453 507 561 586 eberis,
577 504 743 592 quaesitum
762 514 1005 588 compertumve.
1042 498 1112 562 Diu
1127 497 1301 584 quinetiam

230 596 312 666 rnte'r
334 611 434 661 cetera
454 594 659 681 ejectamenta
679 585 772 650 maris
789 587 924 672 jacebat,
939 585 1038 649 donec
1056 583 1185 647 luxuria
1197 596 1303 646 nostra

232 683 318 748 dedit
335 701 463 745 nomen:
486 677 561 764 ipsis
577 675 610 737 in
633 672 720 735 nullo
734 694 814 754 usu:
838 671 917 733 rude
935 669 1060 755 legitur,
1078 667 1213 733 informe
1231 689 1302 755 per·

233 769 341 843 fertur,
351 765 554 854 pretiumque
571 760 717 822 mirantes
731 756 894 843 accipiunt.
941 755 1079 818 Succum
1092 767 1197 818 tamen
1212 752 1306 816 arbo-

233 875 303 917 mm
319 873 383 915 esse
397 847 560 934 intelligas,
570 843 650 930 quin⁴
658 855 780 906 terrena
792 839 939 926 quaedam
953 851 1048 924 atque
1061 839 1155 902 etiam
1163 837 1303 906 volucria
1361 836 1364 842 ’

233 936 377 1004 animalia
392 933 577 1022 plerumque
596 927 792 1004 interlucent,
807 948 880 1012 quae
898 922 1045 1010 inplicata
1058 923 1201 1000 humore,
1217 933 1303 1006 mors,

234 1019 415 1093 durescente
442 1014 582 1093 materia,
608 1013 790 1077 cluduntur.
833 1008 1033 1074 Fecundiora
1058 1007 1069 1070 i
1093 1008 1156 1071 ‘tur
1177 1029 1305 1073 nemora

234 1108 393 1192 lucosque,
417 1103 496 1166 sicut
519 1099 654 1166 Orientis
676 1098 808 1172 secretis,
838 1095 892 1158 ubi
916 1093 1011 1158 thura
1190 1115 1231 1156 ue
1250 1115 1304 1156 su·

207 1235 209 1242 ι
236 1189 427 1266 dantur‚'ita
449 1185 625 1252 Occidentis
646 1181 753 1246 insulis
782 1181 935 1266 terrisque
959 1178 1068 1257 inesse,
1097 1170 1303 1252 crediderim

167 1269 178 1282 ‘
237 1299 310 1366 quae
322 1273 414 1338 vicini
435 1271 505 1336 solis
521 1269 614 1333 radiis
634 1290 778 1354 expressa
797 1281 891 1362 atque
911 1264 1061 1350 liquentia
1079 1263 1112 1326 in
1126 1262 1306 1350 proximum

238 1383 324 1425 mare
338 1358 498 1434 labuntur,
510 1379 545 1418 ac
560 1354 590 1417 vi
607 1363 825 1439 tempestatum
840 1373 873 1412 m
887 1349 1016 1413 adversa
1029 1349 1121 1412 litora
1134 1349 1304 1417 exundant.

238 1446 273 1510 Si
292 1457 436 1508 naturam
457 1440 572 1504 succini
591 1438 717 1503 admoto
733 1437 806 1534 igne
828 1449 937 1512 tentes,
957 1433 989 1497 in
1009 1433 1137 1509 modum
1158 1433 1308 1498 tedae‘ac-

238 1529 392 1606 'cenditur‚
410 1525 527 1612 alitque
548 1524 705 1588 {lammam
728 1543 878 1608 pinguem
896 1532 927 1582 et
945 1519 1098 1590 olentem3
1122 1541 1197 1580 mox
1215 1533 1252 1582 ut
1272 1519 1307 1584 iu
1336 1537 1340 1543 ’

240 1615 341 1704 picem
356 1610 526 1676 resinamve
544 1609 690 1672 lentescit.
738 1607 906 1671 Suionibus
927 1604 1070 1668 Sitonum
1090 1616 1197 1688 gentes
1212 1603 1308 1667 conti-

240 1713 388 1764 nuantur.
426 1698 538 1760 Cetera
553 1694 675 1770 similes,
693 1696 755 1756 uno
766 1692 926 1767 differrmt,
940 1688 1027 1776 quod
1041 1689 1156 1751 femina
1169 1687 1309 1752 domina-

242 1800 312 1848 tur:
336 1784 369 1846 in
384 1794 505 1846 tantum
517 1801 578 1842 non
592 1779 685 1842 modo
696 1801 715 1841 a
725 1778 877 1853 libertate,
888 1775 943 1838 sed
953 1775 1045 1839 etiam
1060 1797 1079 1837 a
1093 1772 1240 1837 servitute
1255 1774 1308 1837 dess

242 1880 399 1959 generant.
445 1866 510 1928 Hic
526 1863 742 1928 Sueviaeiinis
1300 1875 1304 1880 ’

196 1983 205 2000 ·
263 1952 417 2018 ·XLVI.
442 1949 650 2014 Peucinorum
660 1948 926 2033 Venedorumque
937 1958 968 2010 et
978 1945 1160 2009 Fennorum
1169 1944 1309 2015 nationes
1380 1968 1382 1973 ’

241 2140 601 2202 Cassiodorusindicatumroluit
618 2143 641 2198 ὃ,
655 2137 719 2200 epist
731 2138 755 2182 2.
788 2139 834 2202 gia
849 2137 959 2200 porticus,
971 2151 1033 2200 opes.
1055 2137 1165 2192 -Eorum
1175 2137 1311 2200 exquisitim

244 2209 299 2254 Hoc
312 2209 440 2266 saccinum,
458 2207 557 2266 quodum
576 2205 684 2252 Cornuto
700 2203 759 2248 scri-
791 2217 845 2265 ptus
862 2200 923 2248 edita
938 2209 973 2248 ast
989 2201 1076 2263 lipsiae
1095 2202 1169 2256 1742.
1194 2218 1247 2266 qua
1263 2203 1310 2250 uti·

244 2274 316 2326 iente,
342 2273 430 2332 legitur
455 2271 481 2315 in
506 2270 655 2314 interioribus
674 2267 758 2312 iaculis
791 2282 845 2312 nam
863 2266 1023 2327 elegantiorem
1043 2274 1066 2312 et
1082 2265 1223 2314 disertiorem
1239 2266 1309 2317 inter.-

246 2337 341 2393 Oreaui,
358 2349 387 2382 cr
401 2333 687 2392 arborissuccodpiucua
700 2330 759 2376 uude
791 2341 879 2394 pretam
894 2338 961 2377 nacta
977 2329 1065 2376 fuisset.
1085 2331 1157 2377 Eun.
1191 2329 1228 2377 Cf.
1246 2331 1307 2379 Plin.
1351 2337 1354 2346 '

243 2407 266 2446 at
276 2400 397 2446 succinum
409 2399 504 2450 dicitur,
516 2397 643 2458 paullatim
655 2395 709 2440 sol-is
720 2409 759 2439 ar·
790 2397 857 2450 3],»3
865 2391 930 2455 (ll).
945 2402 968 2441 et
978 2393 1038 2441 inter
1048 2394 1184 2442 recentiores
1196 2395 1310 2446 schloezer

245 2465 440 2511 dorccoalescem.
474 2459 520 2509 Sed
533 2461 594 2508 itanc
610 2456 760 2522 contemptim
793 2457 904 2506 inNord.
917 2457 1001 2507 Gesch.

244 2528 284 2575 ille
302 2528 331 2575 de
345 2534 430 2585 nostru,
448 2526 546 2587 quodum
566 2524 694 2572 Curculio?
715 2535 761 2568 non
826 2524 982 2580 Crediderim,
996 2524 1310 2585 quae-Iabuntur‚-c.cnn·

245 2591 530 2655 scripsit‚sedqu0udam.
554 2588 625 2647 Quod
636 2583 714 2635 alitem
725 2586 761 2631 in·
793 2586 861 2650 durii]
878 2586 938 2635 Htec
951 2588 1075 2636 noneredo
1089 2590 1148 2636 bene
1164 2588 1249 2637 Latina
1262 2605 1310 2640 esse

245 2656 366 2719 scriptione
393 2656 443 2715 ejus
469 2652 569 2715 epistola
599 2661 640 2711 est,
670 2652 762 2698 Hastis
794 2652 910 2699 et'l'acito
924 2652 1003 2715 digna.
1035 2652 1105 2701 Ratio
1122 2647 1255 2701 Latinitatis
1269 2669 1311 2717 po-

248 2720 402 2767 Theodericus
410 2716 581 2763 reoeeeTacitn
589 2716 762 2775 essetAEripir,
794 2716 865 2763 stulat
895 2724 955 2763 certe
984 2717 1100 2775 labuntur,
1132 2724 1155 2763 ct
1184 2718 1310 2767 erundum.

246 2782 288 2845 qui
304 2781 406 2891 appellnt
428 2782 568 2840 AErtporum
582 2786 671 2841 genter,
689 2779 762 2826 succi·
794 2779 866 2826 Enu.
1302 2825 1307 2831 ,

247 2860 305 2893 num
333 2860 360 2892 oc
370 2844 480 2905 legentes.
497 2844 572 2890 ers.
828 2845 886 2890 Noa
903 2844 970 2890 modo
985 2858 1000 2888 a
1017 2844 1131 2901 libertate,
1152 2844 1192 2891 red
1206 2846 1278 2893 ettam
1297 2862 1313 2898 a

247 2974 248 2979 1
282 2908 349 2965 Quod
360 2910 405 2969 ipsi
418 2908 513 2953 (ilerum
525 2907 619 2969 cocunt]
638 2905 763 2954 Salmasius
795 2911 903 2954 servitute
918 2908 1073 3017 ‹iegc’ueruntg¹
1093 2908 1240 2970 Degeiemnt
1253 2928 1269 2959 a
1283 2912 1313 2959 li-

247 2972 277 3019 ad
289 2970 362 3021 Soliu.
378 2987 401 3033 p.
413 2972 466 3018 165.
478 2969 622 3017 scribendum
634 2979 700 3035 putat
706 2972 765 3031 glae-
794 2973 891 3028 hortare,
903 2970 958 3033 quia
971 2972 1039 3019 ceteri
1074 2971 1163 3018 ninani
1175 2973 1222 3020 iere
1232 2989 1312 3025 omnes

247 3052 308 3095 rtem,
333 3043 403 3097 atque
423 3033 492 3082 etiam
517 3034 645 3081 Ghrrartur
669 3037 764 3091 insulas,
794 3034 870 3094 liberi,
887 3034 913 3081 hi
933 3035 998 3083 serti.
1040 3034 1188 3097 Degenerant
1206 3052 1221 3086 a
1241 3041 1312 3088 servi.

248 3115 307 3163 quas
317 3097 371 3145 inde
382 3098 452 3147 dictas
462 3096 553 3144 Plinius
568 3098 592 3153 4,
603 3098 640 3144 16.
652 3097 716 3161 (30.)
728 3114 764 3145 ar-
796 3108 854 3156 tute‚
872 3099 927 3161 quia
948 3098 1070 3147 servientes
1088 3099 1177 3161 populi,
1187 3101 1311 3165 ‚Regibus

247 3163 308 3227 guit,
325 3170 348 3209 et
367 3161 398 3210 sic
419 3163 513 3223 scriptas
529 3162 553 3207 in
570 3160 635 3208 libris
652 3162 725 3209 Solini
742 3178 765 3209 se
796 3163 893 3226 ideoque
902 3163 1042 3222 homiuibus,
1057 3162 1141 3211 servire
1149 3163 1232 3224 solent,
1243 3168 1268 3215 hi
1278 3168 1314 3217 ie·

248 3226 481 3289 reperissetestatun
499 3224 766 3273 ductcnomineaGer-
796 3227 873 3273 minis·
909 3228 948 3275 sic
968 3228 1078 3275 Pichena.
1116 3226 1226 3277 Fortasse
1244 3241 1312 3285 recte,

250 3290 342 3339 manica
353 3290 419 3348 GIas,
430 3290 497 3347 vitm,
512 3288 568 3351 quia
578 3288 677 3353 pellucet
693 3290 765 3338 suai-
796 3291 849 3352 Ego
860 3300 936 3339 tamen
948 3292 1093 3355 ambigebam
1109 3307 1209 3353 mecum,
1221 3312 1251 3343 an
1267 3312 1313 3356 uoq

248 3368 306 3401 num
318 3352 384 3401 illud.
400 3353 472 3400 Eun.
795 3355 921 3419 scripsisset
937 3356 1048 3403 Tacitus:
1075 3372 1120 3402 aaa
1135 3360 1313 3409 moderanter,

279 3420 313 3485 In
331 3418 394 3465 nullo
411 3433 471 3463 aaa:
494 3418 552 3463 rude
568 3415 623 3482 etn]
640 3416 679 3467 sic
695 3418 764 3464 inter·
797 3426 852 3476 tate,
864 3421 903 3466 ud
914 3422 985 3466 atium
1000 3423 1026 3466 in
1040 3421 1154 3467 servitute
1165 3423 1312 3485 degenerant.

250 3482 379 3556 pupximus
394 3497 407 3529 e
423 3480 473 3528 eod.
493 3478 571 3543 Kapp.
590 3485 618 3537 ts.
637 3482 673 3529 ed.
692 3482 766 3543 Nor.)
785 3484 889 3531 xGuort.
911 3484 1001 3532 Sufficit
1013 3484 1121 3531 lichena
1131 3486 1251 3549 expositio.
1274 3490 1313 3545 Ita

248 3546 345 3609 aliisque
361 3553 415 3593 vett.
433 3544 484 3591 edd
506 3546 639 3593 recentiores
660 3561 713 3593 cum
731 3562 765 3593 se-
797 3558 820 3595 ct
830 3548 893 3610 apud
902 3549 962 3596 Vell.
979 3541 1009 3609 2‚‘
1016 3550 1054 3597 83.
1070 3549 1135 3611 iufra
1146 3565 1224 3601 servor
1235 3556 1312 3607 cium,

249 3610 373 3671 quentibus
393 3609 504 3679 jungunt,
526 3609 584 3655 sicut
606 3610 641 3655 ed.
664 3609 764 3672 Spirens.
797 3612 859 3673 Quae
868 3606 1313 3673 hienarrantur'deSitoaibua,rectius

249 3672 310 3723 Mox
330 3673 416 3719 frustra
442 3672 570 3721 Groslotius
588 3677 610 3725 (c
634 3683 678 3721 vet.
703 3672 765 3735 cod.)
796 3676 1014 3724 omniuoaddnem
1029 3678 1313 3740 capitispraradentisre-

244 3737 510 3863 pppguffinlupq‘qve
500 3736 611 3847 ιῐῒιξῗέιὲε,
603 3738 733 3849 811ξίἴέαέιέ
732 3754 764 3849 up
797 3739 890 3849 ferepda
909 3741 1025 3801 videntm,
1047 3752 1075 3788 ut
1099 3744 1158 3791 bene
1183 3745 1239 3809 Bip.
1263 3763 1314 3797 mo-

327 3833 334 3845 .
411 3832 417 3845 .
758 3834 764 3848 ·
797 3819 859 3852 nen.

248 3873 272 3911 et
280 3864 363 3911 Norib.
484 3904 486 3909 .
831 3868 878 3914 Hic
894 3870 987 3916 Suenioe
996 3871 1069 3932 finis]
1092 3869 1151 3919 MS.
1168 3871 1247 3923 Turio.
1264 3876 1314 3923 cod.

281 3928 383 3975 Sancum
396 3929 605 3993 temonariorum]
619 3928 764 3991 Haecvulga·
798 3931 853 3994 Kap
870 3966 876 3976 .
896 3939 926 3991 ts.
938 3934 973 3981 ed.
990 3934 1061 3987 Nor.)
1078 3934 1113 3981 ed.
1129 3937 1312 4000 Spirensfiucs·

248 3990 279 4038 ria
295 3990 373 4057 opinio
389 3990 414 4038 in
431 3992 528 4038 dubium
545 3992 666 4040 adducitur
683 3992 765 4041 awt.
797 4012 829 4059 qu
856 3996 954 4058 ,ipsum
974 4012 1068 4061 quoque
1082 4000 1136 4049 ferri
1154 4013 1246 4062 posset:
1271 3976 1315 4059 sed

247 4054 324 4131 gapdo
338 4055 362 4101 in
377 4071 429 4103 vera
449 4056 534 4103 succini
551 4056 653 4115 historia,
669 4066 691 4103 et
706 4058 764 4117 aliis,
798 4058 858 4105 illud
877 4061 982 4109 usitatius
993 4078 1020 4110 ac
1036 4064 1127 4111 melius.
1155 4065 1246 4127 (tryph.
1260 4050 1316 4123 vitio

248 4132 290 4183 qur
305 4117 334 4165 de
349 4121 440 4171 succino
457 4120 571 4183 scripsere.
606 4120 765 4183 succinorum,
798 4139 918 4187 operarum
929 4126 991 4173 linc.
1008 4126 1082 4175 Eur.
1113 4128 1160 4180 Ed.
1174 4128 1315 4195 Romquo.

248 4182 332 4245 quibus
343 4182 427 4230 insecta
443 4182 534 4245 aliaque
550 4184 659 4232 anirnalia
669 4185 765 4233 interlu·
798 4191 916 4251 questura.

247 4253 307 4318 pent,
324 4245 387 4294 dives
403 4246 521 4295 thesaurus
531 4247 658 4296 ostenditur
669 4248 782 4307 Dresdoe¹
830 4254 865 4299 Et
883 4254 1022 4308 Fennorum
1039 4253 1155 4318 nortona]
1183 4258 1222 4308 Sic
1237 4276 1251 4307 e
1265 4260 1315 4312 cod.

247 4317 307 4357 mter
323 4318 407 4359 cetmas
427 4320 523 4371 natura,
544 4321 660 4375 congestu
675 4313 699 4359 in
712 4312 764 4361 ne.
797 4316 907 4381 Artolph.
919 4320 948 4380 (a
961 4318 998 4365 ed.
1008 4320 1079 4379 Nor.)
1092 4319 1163 4369 edidit
1170 4322 1314 4377 Rhenanus:

1504 4539 1510 4766 l
