3059 4975
244 270 287 336 rs
622 268 930 333 msrolunnunr
1151 276 1192 349 [r.
1206 278 1319 337 usas.

241 452 343 523 quum
356 434 391 501 id
404 434 519 501 uem
530 450 601 499 eom
640 446 747 514 ntum·
759 430 809 501 M.
823 432 981 522 Aponius,
997 434 1145 503 Moesiam
1163 436 1316 521 obtinens

243 521 428 608 triumphali
451 533 566 598 statua,
620 520 725 586 ulvius
747 520 901 588 Aurelius
927 536 960 587 et
980 523 1130 589 Julianus
1152 524 1259 593 Titius
1281 548 1318 591 ac

244 607 413 673 Numisius
426 607 552 693 Lupus,
567 606 681 693 Legati
700 605 711 670 l
752 606 870 687 onum,
887 608 1111 675 Consrdaribus
1127 612 1318 679 ornamentis

242 694 420 759 donantur:
443 692 517 756 laeto
526 691 656 756 Othone
667 706 699 757 et
711 630 844 780 {im
857 693 890 757 in
904 718 937 759 se
950 696 1101 775 trahente,
1118 704 1140 736 ‘⁴
1155 710 1317 785 tamquam

243 793 276 843 et
289 778 360 877 ipse
367 778 445 895 felir
458 777 552 858 bello,
566 791 599 843 et
611 778 677 844 suis
689 780 836 845 Ducibus
854 780 981 869 suisque
996 780 1184 849 exercitibus
1198 784 1315 873 Remp.

242 876 389 929 auxisset.

239 970 242 976 ·
286 950 442 1016 LXXX.
465 949 573 1017 Parvo
583 950 709 1017 iuterim
729 949 829 1031 initio,
850 950 937 1017 unde
954 951 1032 1017 nihil
1054 952 1232 1036 timebatur,
1247 969 1316 1023 orta

238 1036 353 1101 seditio
370 1058 470 1124 prope
489 1034 563 1101 urbi
583 1036 704 1101 excidio
723 1037 795 1101 fuit.
841 1038 1012 1126 Septimum
1033 1038 1184 1105 decimam
1206 1042 1315 1107 cohor-

241 1136 318 1200 tem,
340 1146 358 1187 e
378 1121 500 1187 colonia
519 1122 657 1188 Ostiensi
676 1121 710 1186 in
731 1124 843 1187 urbem
863 1124 955 1189 acciri
974 1123 1060 1191 Otho
1079 1126 1233 1213 jusserat:
1265 1150 1315 1193 ar·

241 1208 367 1273 maudae
390 1209 461 1295 ejus
481 1228 559 1273 cura
588 1207 684 1273 Vario
708 1206 866 1295 Crispino,
894 1210 1041 1275 Tribuuo
1063 1212 1312 1295 ePraetorianis,

239 1293 326 1361 data,
370 1297 416 1372 Is,
429 1316 496 1381 quo
508 1294 610 1381 magis
622 1314 752 1374 vacuus,
766 1293 881 1380 quietis
899 1295 1017 1376 metris,
1029 1296 1118 1383 jussa
1129 1318 1314 1386 exsequere·

238 1391 304 1457 tur,
318 1378 462 1444 vehicula
473 1378 620 1458 cohortis,
636 1378 802 1467 incipiente
815 1394 917 1461 nocte,
931 1382 1063 1462 onerari,
1081 1396 1190 1470 aperto
1211 1408 1313 1451 arma

183 1498 187 1505 ·
238 1465 401 1544 mentatio,
412 1465 524 1552 jubet:
552 1479 677 1553 tempus
690 1465 723 1529 in
744 1464 973 1553 suspicionem
1000 1490 1109 1533 caussa
1127 1468 1161 1533 in
1174 1470 1308 1548 crimem

236 1550 406 1615 adfectatio
425 1550 541 1637 quietis
560 1551 595 1615 in
616 1551 790 1617 tumultum
813 1552 950 1617 evaltrit:
976 1567 1008 1619 et
1025 1554 1093 1619 ’visa
1110 1554 1191 1621 inter
1210 1569 1313 1625 temu-

237 1636 339 1701 lentos
351 1656 439 1702 arma
451 1634 629 1723 cupidinem
639 1636 688 1701 sui
699 1658 835 1703 movere.
857 1635 979 1705 Fremit
993 1639 1091 1719 miles,
1101 1654 1135 1704 et
1149 1642 1311 1709 Tribunos

236 1723 507 1809 Centurionesque
527 1730 551 1761 “
572 1722 774 1822 proditionis”
802 1724 919 1810 arguit,
948 1733 971 1764 “
998 1739 1159 1813 tamquam
1183 1728 1310 1793 familiae

237 1808 426 1873 Senatorum
439 1809 481 1873 ad
495 1808 663 1901 pem1oiem
676 1808 812 1874 Othonis
825 1822 1021 1875 armarentur
1030 1812 1059 1877 :”
1080 1834 1154 1899 pars
1166 1812 1268 1901 ignari
1277 1827 1311 1879 et

235 2028 333 2080 destrue
351 2032 389 2079 tlt
405 2030 498 2079 mitta
513 2030 605 2098 numu,
618 2030 646 2077 hl
661 2032 759 2078 miserto
787 2046 806 2079 e.
824 2030 846 2077 4.
861 2028 915 2079 hino
931 2030 1053 2095 septimam
1070 2028 1183 2083 decimam
1193 2030 1308 2097 legionem

235 2096 360 2143 sutorum
370 2096 493 2157 auanprt
508 2096 618 2143 Juncrim
628 2095 691 2143 erim
701 2110 758 2144 cum
787 2094 852 2155 feeit,
863 2104 981 2145 noutusa
991 2096 1129 2147 Bunnsnno
1136 2098 1167 2147 ad
1177 2100 1240 2148 Suet.
1248 2098 1307 2149 Oro.

234 2158 466 2224 prirr'muslegendaz
476 2160 756 2223 etreliquiooutirgerunt,
785 2174 806 2207 c.
818 2162 842 2207 8.
853 2160 895 2209 ubi
905 2170 929 2209 et
938 2160 968 2208 de
978 2160 1073 2209 disddio
1080 2162 1159 2211 Taciti
1168 2174 1193 2213 et
1202 2164 1308 2217 Suetonii

234 2224 320 2289 iuquit,
331 2226 362 2275 sd
371 2225 484 2289 paludesr
501 2238 602 2287 quonum
615 2223 656 2271 alii
664 2224 757 2287 frigoris
787 2224 813 2271 iu
823 2222 867 2273 hac
877 2240 902 2273 re
912 2225 996 2287 agitur.
1012 2226 1084 2274 Eur.

235 2289 267 2349 vi,
288 2289 330 2337 alii
348 2291 399 2350 jam
415 2288 472 2348 lusi,
491 2302 546 2336 cum
567 2302 637 2337 nemo
658 2296 755 2353 curaret,
820 2290 918 2337 Colonia
935 2288 1070 2353 Hostiam]
1094 2290 1165 2353 Scito,
1187 2306 1240 2340 eam
1258 2289 1308 2343 illio

234 2352 318 2401 misere
328 2356 382 2401 tabe
425 2368 484 2417 pure
493 2353 617 2401 vulnerum
629 2353 754 2416 perierunt.
785 2361 921 2417 perpetuam
932 2354 1054 2403 emtionem
1064 2356 1171 2405 hahuisse
1181 2354 1308 2409 exdsasto

234 2417 394 2465 Iurs.Vetus
445 2418 451 2427 '
482 2417 754 2481 etiamGuelteted.pr.
785 2418 886 2466 Claudii
920 2419 984 2467 Suet.
997 2420 1080 2468 Claud.
1091 2422 1131 2468 25.
1164 2423 1273 2469 Puteolis
1283 2430 1308 2474 et

233 2491 276 2541 est,
288 2484 322 2530 ihi
331 2484 431 2542 roevuia,
446 2483 487 2530 hic
498 2484 660 2531 uthericordla
673 2484 755 2532 calna-
785 2484 1308 2547 [restauraturum-resederemus.

134 2545 135 2549 ’
232 2563 296 2594 runs.
314 2547 754 2596 Proconnenuednmoersavuoo·
785 2550 921 2596 cessuram
931 2564 998 2596 casus
1009 2551 1135 2599 collocavit.
1149 2551 1224 2599 Iure·
1241 2551 1307 2602 Pre-

233 2609 304 2658 'rumr
319 2612 755 2675 inquomiseriabeneexprimitGrae·
785 2611 924 2676 pastionem
939 2612 1054 2662 deleverat
1069 2614 1134 2678 (cum
1151 2615 1227 2677 Bud.)
1240 2617 1307 2666 Rhe-

232 2691 314 2724 corum
325 2678 483 2737 ταλαιπωρίαν.
513 2676 584 2731 Quod
596 2691 659 2724 nunc
670 2677 753 2737 editur,
786 2686 870 2735 nanus,
882 2678 983 2741 reposuit
994 2679 1096 2728 Piaheua
1106 2681 1164 2728 eFl.
1192 2681 1238 2730 Est
1246 2682 1305 2730 etin

231 2748 267 2788 est
277 2739 435 2789 esurrectione
440 2740 531 2790 Mureti
537 2741 664 2788 admodum
670 2742 755 2790 verosi-
786 2741 864 2788 Guelf.
878 2739 961 2804 (Agr.)
973 2742 1007 2790 ed
1019 2759 1053 2806 pr.
1070 2743 1142 2792 Etru.

232 2805 372 2869 umquam
378 2805 469 2868 primus
475 2806 560 2868 recepit
567 2806 673 2854 Freinsh.
690 2807 755 2870 Ryc-
820 2807 912 2864 Quarta
922 2805 1018 2872 castris]
1030 2807 1094 2867 Quia
1102 2809 1241 2872 vigiliaejam
1249 2819 1305 2860 tunc

231 2867 286 2918 kius
297 2887 310 2918 e
321 2886 363 2918 suo
373 2870 422 2918 cod
430 2869 510 2928 edidit,
518 2871 558 2917 uhi
568 2872 660 2918 servitia
670 2871 755 2919 hirnus
784 2871 921 2931 constituta,
934 2880 957 2919 et
967 2887 1047 2920 omnes
1057 2873 1082 2920 in
1094 2876 1255 2935 contubemiis,
1264 2891 1308 2923 ex·

231 2935 477 2982 etdoloreoalnerum
487 2937 595 2983 aosamt's
621 2935 652 2982 In
664 2935 755 2984 Mureti
784 2935 855 2998 ceptis
874 2935 1000 2998 vigilibus
1028 2937 1104 2986 Llrs.
1135 2939 1197 2986 Mox
1216 2941 1306 2988 evaluit

230 3001 370 3048 conectioue
381 3008 514 3063 suspectum
530 3015 578 3048 esse
592 3000 674 3063 possit,
691 3001 754 3062 quod
770 3013 864 3062 *omnes
874 3000 935 3061 libri,
947 3014 989 3048 nec
997 3002 1133 3054 tentandum
1143 3003 1240 3067 aliquid
1256 3005 1304 3052 Ed.

231 3065 399 3112 tenninationis
409 3066 489 3111 cordia
504 3065 571 3112 nulla
578 3064 636 3112 ratio
648 3064 752 3112 habetur.
782 3065 1024 3126 prophetismum
1035 3067 1111 3114 media
1119 3067 1214 3132 syllaba.
1231 3068 1303 3116 Earn.

230 3129 272 3176 An
284 3129 331 3176 suit
340 3137 362 3176 et
376 3131 470 3176 incuria
482 3129 628 3176 vulnerum?
645 3143 699 3176 cum
712 3145 753 3176 cu-
783 3129 932 3176 anlesrcret
942 3129 976 3177 sio
986 3147 1079 3196 quoque
1089 3131 1120 3180 Δ.
1134 3131 1172 3193 14,
1180 3133 1220 3182 58.
1237 3131 1305 3184 Male

230 3208 282 3240 rare
292 3193 388 3241 vulnera
398 3207 445 3240 oon
454 3201 558 3267 possent,
571 3191 651 3256 inopia
662 3193 754 3240 tomen·
784 3207 838 3256 ergo
849 3193 950 3242 Ursinus
959 3197 1045 3246 coedit.

123 3251 126 3260 '
230 3263 309 3305 turum
330 3265 354 3304 et
374 3257 535 3305 remedrorum.
577 3256 613 3304 Et
634 3259 753 3305 {mariam
821 3259 877 3306 Viso
896 3261 957 3306 tneor
974 3267 1029 3308 tem.
1051 3256 1131 3322 armo]
1163 3238 1304 3311 lsaffectru

231 3321 266 3368 sic
281 3321 327 3369 dici
343 3321 381 3369 vel
395 3321 470 3370 lexica
484 3321 575 3381 docent,
593 3321 665 3370 Cicer.
683 3323 752 3371 Ptov.
783 3319 889 3372 Homero
900 3324 1045 3387 exprimitur,
1056 3325 1082 3372 in
1092 3323 1198 3389 Odyssea
1210 3333 1237 3372 n.
1246 3327 1302 3376 292.

229 3384 659 3450 Ocnueamilites-incurmzme,
666 3389 755 3448 morbo,
783 3387 825 3434 ubi
842 3387 939 3452 Ulysses
955 3388 1124 3438 Telemachum
1142 3399 1222 3438 monet
1239 3407 1305 3441 uno-

229 3453 471 3500 memoramus.
487 3451 559 3500 aar.
587 3451 754 3500 Muretorecte
782 3451 1050 3516 vendoarmaaprocis,
1062 3462 1196 3503 assumam
1207 3455 1262 3504 dats

229 3515 347 3577 plaudunt
357 3516 461 3564 Pichena
471 3515 634 3565 etAcidalius
658 3515 754 3564 Ernesti
812 3517 1303 3583 Mhrwrohobhrmipsrerdrnsrrrirripir,

229 3582 363 3643 umjechrru
371 3582 448 3644 ΡΜ
456 3581 619 3630 humandu-
644 3581 678 3630 ln
686 3579 751 3630 Bud.
812 3579 938 3635 ’.ἀλλήλους
949 3581 1060 3641 τρώσητε.

228 3652 331 3692 estmta.
781 3641 913 3694 Etcaussae
923 3659 1027 3694 massam
1038 3661 1060 3694 v.
1071 3645 1127 3695 294.

230 3768 232 3770 v
260 3711 303 3756 M.
315 3707 438 3772 Aponius]
456 3710 531 3774 Cogn.
545 3711 698 3760 Saturninae.
710 3709 750 3771 fif.
813 3709 965 3768 -Αὐτὸςγᾶρ
978 3711 1098 3771 totamm
1110 3709 1176 3774 ἄνδρα
1189 3711 1280 3774 σίδηρος.

228 3771 291 3820 iufra
306 3775 332 3833 2,
348 3776 387 3822 85.
405 3783 429 3822 et
442 3773 526 3838 fragm.
542 3775 653 3824 Fratrum
669 3773 750 3824 Arval.
781 3773 856 3822 Iura.
872 3775 990 3820 Familias
997 3775 1175 3824 Senatorumde
1186 3777 1255 3826 serris
1265 3777 1303 3826 in·

228 3836 290 3886 ade.
302 3838 341 3893 76.
358 3840 434 3903 Supra
443 3842 559 3888 Jussomu
577 3841 658 3888 Titius
672 3841 697 3898 2,
709 3841 750 3886 85.
781 3839 925 3901 telligendos,
947 3838 1049 3887 tironum
1070 3855 1152 3890 caussa
1171 3857 1302 3892 monemus.

233 3904 329 3952 Tertius
335 3905 387 3952 Jut
399 3904 485 3952 indeR
501 3905 553 3953 ckio
565 3906 660 3952 Tertius
671 3905 751 3953 Titius
779 3903 851 3952 Eur.

228 3968 350 4016 Jalicsrar.
384 3969 469 4032 Legati
483 3922 602 4033 iegionum
611 3969 711 4032 Vegetio
726 3971 751 4030 2,
813 3969 1302 4034 Parstgnartervtnograoes]1²rimum

228 4036 253 4081 9.
270 4033 514 4096 Praefertilegiooam
522 4034 754 4096 diomtur‚agebant
780 4027 830 4082 hac
854 4048 901 4081 non
928 4033 1097 4086 divellendae
1119 4034 1302 4100 precedentibus

227 4097 468 4213 ffldfflt
483 4098 511 4146 ³¹¹
524 4099 624 4162 ΨΜ
656 4098 706 4148 ⁸⁴¹¹
720 4098 750 4147 ⁰⁶
780 4098 1303 4229 altstsstmtusttss

260 4225 751 4290 &pessumuscuorremuuureosaae
779 4223 1001 4278 transsuere.
1034 4229 1153 4278 Sedidem
1163 4197 1300 4278 auleas

227 4293 341 4353 mhorter,
352 4302 380 4340 ut
386 4293 499 4354 Puteolis,
506 4308 559 4356 quar
565 4301 750 4355 numerarentur,
781 4292 837 4340 Put.
848 4293 902 4340 Ber.
915 4294 1006 4354 ignovi,
1017 4295 1087 4342 male.
1102 4293 1148 4342 Ed.
1160 4310 1194 4359 pr.
1209 4296 1299 4356 igyrori,

228 4366 257 4404 ut
274 4359 383 4421 legiones,
402 4366 425 4406 et
443 4357 498 4405 inde
513 4372 599 4405 nomen
615 4357 749 4422 acciperent.
779 4355 844 4420 quod
854 4355 952 4406 restituit
963 4357 1039 4407 Rhen.
1051 4361 1076 4421 (e
1087 4357 1163 4420 But)
1191 4359 1248 4407 Post
1259 4375 1311 4406 cu..

225 4403 750 4488 Marerhuauuneadrnscr.r1.squilii
774 4424 906 4486 josueque
927 4431 987 4474 reae
1007 4421 1107 4475 suurn
1128 4423 1234 4488 aymus
1257 4437 1300 4488 pro

1295 4665 1314 4708 Ι
