3059 4975
250 302 290 357 ss
635 294 940 357 utsrosmnun
1150 302 1322 378 [nassa

257 477 261 488 “
299 464 406 530 XLV.
430 461 539 527 Alium
560 460 701 526 crederes
723 462 883 539 Senatum,
906 458 1000 523 alium
1022 460 1197 547 populum:
1215 486 1318 531 ,ruere

249 549 356 615 cuncti
376 548 409 612 in
430 563 541 624 castra,
561 547 678 611 anteire
691 546 861 633 proximos,
876 560 995 609 certare
1009 560 1082 610 cum
1104 552 1321 633 praecurrenti-

250 636 320 713 bus,
334 635 495 719 increpare
510 632 658 709 Galbam,
673 630 802 695 laudare
817 630 951 695 militum
962 630 1130 717 judicium,
1146 634 1319 705 exosculari

200 762 207 771 ·
250 719 385 787 Othonis
404 740 553 783 manum:
599 739 662 782 uan
716 739 810 780 uem
853 716 877 779 's
896 715 975 781 falsa
989 729 1087 796 erant,
1127 741 1178 783 uae
1192 720 1319 801 fiebunt,

251 818 339 871 tauto
349 805 441 892 plura
450 803 560 869 facere.
576 729 828 889 ίἰῦοιιᾝερθιίιει
869 815 922 867 tur
933 800 1072 888 singulos
1080 742 1176 884 obn,
1191 805 1320 871 avidum

249 906 282 957 et
295 892 445 955 minacem
460 889 596 955 militum
609 888 749 953 animum
760 910 836 952 voce
846 887 1002 974 vultuque
1016 901 1199 976 temperans.
1244 892 1318 957 Ms-

251 978 335 1041 rium
351 975 487 1053 Celsum,
504 974 673 1040 Consulem
691 972 899 1060 designatum,
916 987 948 1038 et
963 973 1076 1039 Galbae
1097 998 1198 1063 usque
1217 977 1251 1040 in
1267 1000 1320 1043 ex-

249 1078 362 1127 tremas
382 1085 431 1126 res
446 1060 582 1125 amicum
600 1061 774 1146 fidumque,
793 1058 835 1123 ad
855 1058 1046 1147 supplicium
1064 1061 1315 1148 expostulabant,

246 1148 409 1212 industria
431 1147 500 1233 ejus
523 1146 781 1231 innocentiaeque,
806 1145 895 1230 quasi
923 1143 1011 1208 malis
1036 1147 1166 1227 artibus,
1192 1148 1314 1213 infensi.

247 1233 354 1302 ‚Caedis
367 1247 399 1298 et
410 1231 589 1320 praedarum
602 1231 727 1295 imtium
740 1243 774 1294 et
782 1230 902 1318 optimo
912 1230 1026 1317 otiique
1038 1232 1205 1318 perniciem
1218 1235 1317 1333 quoeti
1391 1236 1398 1245 ‘

246 1320 433 1406 adparebat:
449 1317 505 1382 sed
514 1317 634 1383 Othoni
647 1316 789 1382 nondum
802 1315 970 1381 auctoritas
983 1316 1083 1381 inerat
1096 1319 1139 1383 ad
1151 1318 1318 1418 probiben-

248 1404 326 1468 dum
355 1403 471 1468 scelus:
508 1403 621 1490 jubere
649 1403 717 1489 jam
751 1414 883 1488 poterat.
929 1403 990 1480 Ita,
1026 1402 1220 1469 simulatione
1250 1405 1316 1485 irae,

248 1496 272 1529 “
286 1489 411 1553 vincit?
428 1490 564 1577 jussum,
579 1500 611 1554 et
632 1487 802 1574 “majores
822 1509 932 1575 poenas
953 1487 1124 1553 daturum”
1138 1489 1316 1571 adfirmans,

243 1575 393 1661 'praesenti
406 1573 502 1640 exitio
516 1573 680 1640 subtraxit.

298 1663 426 1726 XLVI.
454 1659 574 1725 Omnia
597 1659 709 1725 deinde
731 1659 861 1723 arbitrio
885 1658 1021 1723 militum
1046 1673 1124 1724 acta.
1170 1662 1316 1727 Praetorii

246 1746 416 1811 Praefectos
429 1745 488 1811 sibi
501 1745 587 1834 ipsil
643 1768 693 1809 re:
718 1744 855 1810 Plotium
872 1743 1026 1823 Firmum,
1041 1744 1317 1831 emanipularibus

268 1831 416 1911 nondam,
446 1846 515 1896 tum
565 1831 572 1845 '
598 1831 690 1895 ''bus
716 1830 932 1917 praepositum,
962 1844 1004 1910 et,
1033 1829 1181 1895 ineolumi
1210 1831 1314 1897 adhuc

245 1856 360 1997 dalbs,
443 1941 476 1982 es
485 1917 619 1981 Othonis
633 1929 791 1981 secutum:
808 1914 992 2003 adjungitur
1001 1915 1143 1981 Licinius
1150 1916 1315 1998 Proculus,

244 2002 355 2068 intima
386 2003 580 2069 ansiliuritate
597 2003 742 2082 Othonis,
765 2015 937 2089 suspectus,
961 2001 1088 2066 consilia
1105 2002 1173 2089 ejus
1191 2002 1313 2067 fovisse.

245 2090 330 2153 Urbi
345 2089 491 2154 Flavium
511 2088 662 2153 Sabinum
676 2088 858 2173 'praefecere
879 2087 1036 2171 judicium
1052 2088 1187 2151 Neronis
1205 2089 1314 2169 secuti,

244 2174 305 2238 sub
324 2199 389 2261 quo
405 2173 545 2241 eamdem
564 2195 671 2236 curam
689 2172 884 2236 obtinuerat:
910 2168 1066 2255 plerisque
1086 2170 1314 2257 Vespasianum

244 2258 373 2325 fratrem
396 2262 430 2325 in
450 2283 489 2323 eo
508 2254 751 2343 respicientibus.
798 2254 1004 2341 Flagitatum‚
1028 2262 1050 2295 “
1070 2268 1108 2320 ut
1126 2258 1313 2339 vacationes,

144 2502 146 2505 ⁵
243 2509 535 2580 iniussienaslqusre?
552 2512 763 2576 conprofsctcbo-
790 2524 862 2573 quam
874 2517 902 2558 ut
916 2525 963 2558 non
980 2510 1027 2558 sint
1042 2525 1057 2557 a
1073 2509 1163 2558 Tacito.
1181 2511 1253 2558 Ean.
1286 2512 1312 2560 A

244 2591 301 2625 nore
315 2573 419 2634 casaris,
437 2585 465 2625 ut
481 2575 592 2624 Vitellius
611 2591 657 2625 non
675 2577 763 2624 lunen
793 2574 1067 2636 Buenbsuntaepron.
1079 2589 1110 2620 sc.
1123 2575 1140 2620 t.
1153 2591 1177 2621 a.
1185 2592 1212 2636 p.
1244 2575 1312 2624 Idem

245 2641 334 2696 Gelda,
344 2639 396 2699 sed)
405 2641 435 2694 ὡς
443 2639 480 2687 nnl
489 2642 512 2686 in
521 2642 597 2687 τούτου
607 2646 647 2696 τήν
658 2659 683 2688 rs
691 2640 763 2688 ἄδειαν
791 2654 847 2687 mox
858 2639 970 2686 ineolumi
980 2639 1068 2701 absque
1078 2639 1244 2700 conjunctione.

246 2707 332 2766 σφίσιν,
343 2701 372 2750 dr
381 2703 467 2762 helec»,
480 2703 516 2750 nni
524 2706 563 2759 τῆι
571 2703 697 2763 ἀσφάλειαν
709 2706 762 2767 'li-
824 2704 1046 2766 sinuationem]
1060 2704 1261 2766 &ncoeexplicat
1271 2707 1312 2769 qui

244 2772 313 2833 ρωθυ
330 2768 587 2833 nposnpnsnsue'wcmc,
605 2769 661 2833 (boe
680 2768 762 2834 utique
791 2767 874 2816 callide
883 2766 964 2816 hoead
975 2767 1076 2831 primam
1087 2782 1244 2830 magnamque
1253 2770 1312 2818 imm

245 2835 420 2880 munimntum
430 2831 584 2894 adpraesens)
597 2833 633 2880 nal
645 2833 706 2880 ndu&
717 2838 761 2884 ton
791 2831 948 2880 adhibendum
958 2831 1048 2880 suadet.
1063 2831 1102 2879 De
1111 2831 1146 2878 irs
1156 2833 1181 2891 3,
1193 2834 1231 2882 39.
1244 2849 1311 2895 quem

245 2897 302 2957 (boc
311 2913 355 2960 pro
364 2896 414 2957 illo,
423 2899 580 2961 inposterum
590 2900 711 2960 numm,
721 2899 764 2948 etsi
792 2911 839 2945 non
850 2897 919 2944 audet
929 2897 1010 2956 lenire,
1015 2897 1094 2960 fellet·
1127 2897 1263 2956 senonen,
1274 2898 1311 2946 in.

244 2962 345 3011 melioris
356 2962 440 3011 ominis
450 2971 473 3010 et
483 2962 553 3011 latius
566 2971 654 3028 petest)
666 2963 687 3016 lc
697 2965 762 3022 τιμὴν
791 2962 850 3025 quit,
862 2962 934 3021 nam,
947 2969 974 3008 ne
989 2968 1111 3022 nmquam
1121 2962 1225 3023 adjutor,
1237 2968 1260 3010 et
1270 2963 1311 3010 do-

245 3025 763 3154 cem
791 3026 1311 3088 a...

245 3154 579 3230 tabilequcqucinhaucrem,
587 3155 651 3220 quod
661 3156 763 3205 Ζοωυε
791 3157 876 3218 quent
881 3169 984 3217 penem,
992 3123 1135 3217 presentem
1143 3155 1242 3214 differet.
1255 3156 1311 3220 Ipsa

245 3227 355 3268 sanaem
365 3219 463 3282 imperis
471 3219 598 3282 Theophili
605 3220 644 3281 15,
651 3222 691 3269 25.
716 3221 764 3268 Pa.
791 3219 841 3268 bac
851 3227 929 3268 nosne
939 3228 1002 3278 sunt,
1015 3227 1038 3267 et
1051 3217 1135 3267 moniti
1147 3218 1210 3268 illius
1221 3219 1311 3270 darum

245 3292 280 3332 ter
294 3284 366 3345 hujus
380 3283 484 3332 Michsel
496 3285 587 3333 Balbus
600 3284 704 3334 Leonem
714 3285 763 3334 Ar.
793 3283 831 3332 hic
841 3283 983 3347 exemplum.
1000 3283 1076 3332 Insa

244 3349 350 3396 menium
380 3347 547 3413 complectione
579 3349 702 3398 susmlstat
727 3365 764 3400 rs·
829 3349 978 3412 Veceticnes]
1004 3346 1042 3396 De
1054 3347 1092 3396 his
1105 3347 1242 3396 militarium
1300 3377 1310 3390 -

244 3412 497 3476 guumqueinvsserat.
530 3412 606 3462 Pilius
620 3416 764 3480 αὐταρχήσας
792 3411 1126 3462 rumvacationibusJustinus
1134 3363 1312 3474 capiendusoidit

246 3485 332 3538 πρῶτον
346 3479 464 3533 ἐποιήσατο
478 3478 545 3541 ἔργον,
561 3482 600 3535 τὴν
613 3479 703 3525 κόλασιν
718 3485 762 3528 τῶι
792 3477 833 3539 37,
842 3478 866 3524 4.
883 3478 972 3525 Hisne
982 3477 1065 3525 deinde
1076 3479 1221 3538 imminente,
1230 3491 1276 3524 non
1285 3479 1312 3526 ln

245 3545 280 3601 τᾷ
290 3542 357 3606 πατρὶ
369 3543 588 3605 αιῖτοῦωηαραμίιων
597 3542 627 3597 sic
636 3545 662 3592 ei
670 3546 711 3597 τῆς
721 3543 764 3593 Βα-
792 3543 905 3602 municio,
914 3542 954 3589 scd
961 3544 987 3590 in
995 3557 1085 3605 canipe,
1094 3557 1141 3592 non
1148 3543 1175 3590 ὄπ
1183 3543 1312 3589 tutationi-

247 3609 334 3659 σιλιίας
347 3607 429 3669 τυχεῖν,
444 3606 480 3652 nul
491 3605 609 3654 assatum
622 3606 658 3654 ses
672 3607 763 3654 Aitna.
792 3608 840 3664 dm,
857 3607 896 3655 sed
914 3607 942 3654 in
955 3607 1167 3667 exercitationibus,
1186 3621 1228 3654 nee
1247 3608 1312 3655 enter

245 3679 288 3719 etc
305 3669 398 3717 Gnon.
423 3669 496 3718 Recte
508 3670 648 3729 Gronovius,
676 3679 765 3718 umet
792 3673 888 3733 sodales,
900 3671 940 3719 sed
956 3673 1257 3734 interamnensem
1269 3678 1312 3720 ent

244 3734 298 3782 vide
309 3733 504 3798 0bs.4.p.272e
515 3735 624 3799 idemque
631 3736 658 3796 ju
676 3734 763 3783 ‘cavus
796 3751 867 3784 curan
888 3742 931 3784 ent
955 3737 1047 3783 viribus
1068 3737 1222 3784 contendebat.
1260 3735 1312 3785 Nec

245 3798 391 3847 Remanent
399 3799 493 3847 Sueten
502 3799 613 3848 'I'itumc
623 3801 646 3847 6.
655 3799 760 3847 Freinsb.
795 3800 954 3850 numentum
970 3799 1114 3848 Palmsrium
1129 3801 1209 3849 audire
1224 3799 1313 3849 amicus

246 3871 270 3910 ct
285 3862 332 3910 alii.
367 3862 459 3911 Ultima
476 3863 639 3927 multigends=
662 3871 690 3911 ut
705 3873 763 3912 esset
794 3879 862 3914 meus
880 3865 969 3922 debuit,
988 3867 1118 3914 vocationes
1134 3865 1312 3914 substitusuten

246 3926 417 3975 munimentum
428 3935 471 3975 etc
503 3927 614 3991 lipsiam
624 3937 679 3976 uota
692 3928 716 3975 in
727 3928 763 3976 cd.
794 3937 818 3977 et
827 3929 972 3979 invitationes
981 3928 1177 3994 interpretantem.
1194 3929 1247 3977 lmc
1258 3943 1312 3978 vero

245 3991 331 4039 ultima
342 3991 368 4038 in
384 3991 476 4040 breiius
485 4001 608 4053 contracta,
625 3992 666 4040 sed
681 3994 763 4054 majori
794 3993 954 4042 humilitates
960 3993 1088 4044 emtiones
1097 3993 1312 4058 intelligitetreete

246 4055 337 4103 liduciae
346 4055 518 4118 significatione.
535 4056 606 4105 Ean.
639 4057 710 4106 Adde
722 4059 761 4117 13,
794 4056 1247 4123 propriequeexercitaticnibusoppcnit.
1260 4056 1312 4104 Ta·

246 4122 285 4169 32.
318 4122 422 4168 Factam
439 4122 490 4171 SC.
503 4122 588 4169 nenne
598 4125 673 4186 Μία
689 4130 712 4171 et
727 4137 762 4170 se·
794 4123 854 4172 citus
875 4125 909 4172 A.
925 4123 949 4182 l,
968 4123 1006 4179 17.
1027 4125 1163 4172 Vacattoner
1184 4136 1311 4170 munerum

244 4186 353 4233 nannet.
795 4188 911 4252 appellat:
927 4187 1042 4236 etiisdem
1053 4189 1128 4237 verbis
1138 4186 1312 4246 Quincultmus

278 4250 434 4314 exemere]
451 4249 515 4298 Bud.
526 4257 548 4299 et
558 4253 668 4300 moueri.
795 4265 837 4316 pro
851 4252 929 4302 Milite
941 4267 960 4300 c.
975 4253 1000 4301 6.
1035 4254 1138 4301 Transeo
1151 4253 1252 4298 centnm
1268 4265 1311 4298 no·

276 4316 365 4363 Jnoere
372 4317 428 4378 jem
438 4317 547 4380 murat]
572 4317 631 4366 Hac
641 4318 711 4366 verba
720 4318 762 4365 ab·
795 4319 853 4366 lenti
863 4314 991 4366 munerum
1001 4318 1192 4377 ammineum&
1203 4316 1311 4364 blandina

246 4388 312 4427 erant
330 4395 345 4427 a
358 4379 415 4428 MS.
429 4379 492 4429 Bud.
507 4395 550 4428 nec
567 4390 622 4429 sunt
642 4381 666 4429 in
680 4381 760 4431 Gueli.
795 4397 865 4444 quem
873 4381 1311 4445 melittaenetpltnapntnnt,aeu1a-

243 4442 545 4496 Scdefficiuntsenteutiam
553 4445 759 4511 uimispulcbrsm,
794 4453 845 4497 tem
853 4449 926 4497 triten
937 4448 1085 4496 Tritonem.-
1097 4449 1311 4511 imperantem·
