3059 4975
192 272 253 332 818
400 263 697 332 HISTORIARUM
719 266 796 343 lilii.
810 265 863 329 lV.
882 265 969 330 CAP.
986 270 1035 328 86.
1090 273 1133 346 [a.
1145 289 1174 330 a.
1188 274 1257 333 824.

191 455 267 522 opes
280 430 422 518 viresque
441 429 590 496 adversus
603 429 744 510 fratrem,
757 430 793 495 in
810 430 929 498 incerto
940 430 1021 497 tuit:
1037 453 1112 498 narn
1126 433 1258 501 Cerialis

191 518 307 586 salubri
318 529 562 604 temperamento
571 515 673 596 elusit,
683 530 721 582 ut
729 539 810 582 vana
817 517 977 603 pueriliter
986 518 1172 604 cupientem.
1187 523 1259 586 Do·

191 605 349 683 mitianus,
363 603 466 691 sperni
480 625 500 666 a
514 601 684 668 senioribus
701 602 864 688 juventam
880 625 969 667 suam
981 625 1119 685 cernens,
1133 606 1257 672 modica

191 713 318 780 quoque
328 702 360 756 et
373 701 524 788 usurpata
537 699 629 752 antea
642 687 750 753 munia
764 689 816 752 Im
856 687 894 753 rii
907 688 1088 754 omittebat:
1109 690 1166 755 sim
1190 691 1256 757 lici-

190 777 263 842 tatis
275 799 312 842 ac
324 774 484 840 modestlae
502 772 649 859 imagine,
662 771 694 836 in
714 771 805 838 altitu
830 773 837 786 '
878 796 911 838 m
926 774 1081 850 conditus,
1100 790 1150 841 stu
1185 800 1254 840 um-

189 885 253 952 que
272 862 445 928 litterarum
469 871 502 924 et
518 879 655 924 arnorem
675 857 849 924 carminum
868 859 1028 939 simulans,
1050 884 1115 948 quo
1136 862 1253 928 velaret

188 948 327 1014 animum
348 959 380 1011 et
400 943 505 1010 fratris
525 942 715 1009 aemulationi
736 944 973 1024 subduceretun
987 945 1078 1032 eujus
1098 947 1253 1035 disparem

188 1033 404 1119 mitioremque
417 1044 562 1098 naturam
575 1042 683 1094 contm
696 1029 968 1118 interpretabatur.

187 1251 234 1316 psit
246 1249 357 1298 Tacitusr
382 1263 429 1314 qua
444 1247 604 1295 solicitatioae.
637 1245 701 1295 Nam
734 1245 831 1311 Imperii
841 1247 902 1296 curis
916 1247 1008 1309 recedit,
1019 1261 1048 1297 ea
1062 1258 1156 1314 propter
1168 1252 1252 1301 nonin

186 1317 302 1363 mtieitari
312 1315 429 1374 dicernit,
445 1327 545 1376 quorum
560 1311 617 1359 tides
627 1319 703 1360 tenta-
733 1311 882 1360 solitudinem
893 1312 949 1363 alit

186 1388 232 1430 tur.
253 1380 324 1428 Euri.
357 1377 420 1427 Bud.
440 1377 702 1438 cogitatione-cogita·
766 1377 881 1426 Amorem
892 1379 1025 1426 amiram
1032 1379 1158 1445 malam]
1170 1379 1250 1429 Sima-

185 1447 252 1493 oerit.
285 1441 380 1492 Rectius
390 1441 525 1504 agitaverit.
558 1440 603 1490 Sed
612 1443 701 1502 cagita-
733 1439 785 1490 lans
800 1441 911 1490 tantum?
927 1442 968 1490 ita.
1001 1442 1124 1492 Suetonius
1135 1446 1159 1492 2.
1175 1447 1250 1492 ama

186 1511 249 1556 tione
259 1509 367 1570 prabum,
378 1514 406 1553 ut
415 1506 447 1554 A.
462 1507 500 1563 15,
510 1506 549 1552 ot.
567 1505 670 1554 Velleius
679 1506 700 1561 l,
734 1507 793 1553 iavit
809 1505 971 1569 (Domitianus
986 1506 1025 1554 hic
1035 1508 1088 1566 iste)
1104 1510 1164 1557 mire
1174 1511 1251 1558 moac-

188 1573 226 1620 1⁰.
242 1571 283 1618 ubi
297 1570 392 1634 Lipsius
404 1584 498 1634 quoque
512 1568 613 1616 ntalebat
623 1575 701 1616 eonta-
733 1572 815 1625 stiam,
837 1572 863 1617 ia
880 1573 1013 1633 primisque
1023 1574 1122 1634 poetica
1135 1575 1250 1636 amiam,

186 1638 255 1684 tiore.
287 1635 402 1684 Gruterus
418 1635 443 1680 in
460 1641 537 1682 nasim
550 1634 600 1681 loca
610 1634 702 1682 volebat
734 1639 784 1681 iam
796 1635 936 1682 irarimm
944 1643 1016 1683 autea
1025 1638 1079 1695 riti,
1090 1652 1161 1697 qaam
1167 1646 1252 1700 poeta

185 1702 334 1764 rogitatione.
365 1698 499 1747 MoxBud.
513 1698 626 1758 virosque.
733 1700 1004 1762 sprctametaffrtan.
1025 1701 1060 1748 At
1070 1702 1189 1764 scriptores
1198 1705 1251 1765 ejus

212 1765 380 1826 Simplicitate
386 1779 414 1810 ae
420 1762 548 1826 modestia]
558 1761 613 1809 MS.
621 1761 701 1810 Gueli.
733 1761 778 1810 avi
790 1776 901 1826 campum
913 1762 978 1811 hunc
990 1763 1145 1813 adulatorium
1159 1769 1250 1832 egregie

185 1829 236 1878 edd·
250 1829 478 1890 iuraturasque
493 1833 547 1874 ante
563 1826 640 1874 Rhea·
659 1826 701 1874 ad-
735 1835 850 1886 exercent,
867 1835 977 1875 etvatem
993 1828 1081 1877 fatiunt
1095 1845 1166 1893 supra
1177 1840 1249 1880 vates.

184 1893 244 1942 dunt
253 1894 331 1940 cirsai.
348 1891 422 1940 Eutr-
452 1890 517 1940 Illud
532 1893 605 1938 simet
614 1905 657 1940 nec
667 1899 701 1940 cst
733 1890 827 1940 Omitto
841 1900 921 1955 poetas
935 1892 1011 1955 (more
1020 1894 1113 1942 mentiri
1127 1895 1216 1958 aliquid
1225 1905 1251 1945 et

184 1958 210 2006 ia
227 1958 290 2006 Flor-
304 1972 347 2009 uec
365 1957 390 2004 iu
407 1956 470 2005 Bud.
503 1957 606 2006 Servavit
623 1965 701 2004 tamen
732 1955 842 2004 extollere
857 1956 887 2004 iis
903 1956 966 2020 ἕως
983 1972 1035 2007 ecce
1050 1967 1155 2009 noemam
1170 1975 1249 2009 mern

184 2021 263 2070 liban.
293 2021 377 2070 Paullo
388 2029 441 2068 ante
451 2035 493 2083 pro
503 2023 631 2068 reaiariim
642 2021 700 2068 Bar·
733 2019 834 2068 Fabium
847 2021 868 2067 l.
880 2036 901 2070 c.
936 2023 988 2069 Hor
1000 2023 1180 2083 amainavimar,
1192 2028 1248 2086 quia

183 2087 247 2135 tirius
254 2086 366 2148 conjectat
376 2087 515 2141 sanioribus,
524 2085 616 2133 frustra.
638 2084 700 2133 Dein
734 2086 903 2133 Gmrnaaieam
913 2087 1051 2147 Angrtrtum
1063 2091 1128 2141 (aare
1135 2088 1208 2136 alium
1218 2091 1249 2138 ab

183 2151 247 2200 Bud.
259 2158 314 2199 ante
324 2166 357 2198 aa.
389 2149 427 2198 Sic
438 2158 461 2198 et
471 2149 532 2212 Agr.
731 2148 776 2196 isto
786 2150 914 2212 intelligas)
924 2153 1076 2200 abimtitatia
1085 2155 1171 2200 stadiis
1181 2155 1249 2214 dapie-

216 2219 249 2264 Ia
265 2214 427 2278 altitudinem]
456 2217 489 2262 Ia
504 2215 629 2262 altitudine
644 2214 700 2264 MS.
731 2217 987 2272 a·itearaterraram‚·
1002 2231 1136 2278 puramque
1146 2219 1248 2266 Diiovi-

182 2279 245 2344 Agr.
260 2279 296 2328 etl.
312 2295 347 2342 pr.
381 2281 414 2326 Ia
427 2279 576 2326 altitudinem
594 2281 699 2327 caeditur
731 2285 964 2338 temeratorem
974 2282 1106 2328 marimum
1112 2288 1246 2344 poetarum.

181 2343 699 2458 a
731 2343 1248 2476 tem,

182 2489 236 2523 mus
246 2473 277 2523 ad
286 2477 320 2523 A.
331 2473 356 2534 3,
369 2473 407 2521 tt.
425 2471 465 2523 sed
476 2475 501 2521 ia
514 2474 663 2522 altitudinem
675 2489 698 2523 re
731 2471 769 2533 bo,
780 2474 1054 2536 secesseratputtimaa,
1066 2475 1248 2536 doctinaemui-

182 2539 278 2585 condere
288 2538 377 2601 aliquid
385 2537 438 2585 duri
447 2536 524 2585 habet.
552 2538 617 2584 lllilri
627 2538 697 2585 'Faci-
731 2537 771 2583 iar
782 2538 881 2599 denique
892 2539 1181 2599 aamerirpraertaatiari
1200 2542 1246 2601 Ite,

181 2610 220 2651 tus
230 2602 344 2665 scripsisse
354 2600 444 2648 videtur
452 2604 478 2647 in
484 2601 634 2649 solitudinem
644 2616 697 2649 con-
730 2598 834 2647 Homere
845 2608 868 2648 et
878 2600 972 2661 virgili,
983 2604 1131 2663 ereptavobia
1141 2620 1156 2651 a
1163 2604 1248 2654 Paride

181 2669 254 2728 atam,
265 2664 330 2730 quod
339 2672 363 2713 et
372 2663 447 2713 lenim
459 2672 483 2713 et
493 2664 610 2713 contextui
620 2680 635 2713 a
651 2664 697 2713 tius
728 2662 773 2711 hoc
783 2662 869 2725 palma.
893 2664 985 2711 Plinius
991 2664 1060 2712 etiam
1071 2665 1248 2719 Praefationead

180 2740 229 2781 eat:
246 2729 373 2800 presertim
385 2743 438 2777 cum
450 2727 526 2776 faveat
533 2726 628 2776 mirifice
633 2680 697 2777 licus
729 2726 830 2775 Titum:
850 2729 958 2786 Quantae
970 2730 996 2775 ia
1002 2731 1096 2791 poetica
1108 2733 1150 2779 er!
1168 2747 1182 2779 a
1194 2750 1248 2782 ma-

180 2794 322 2857 Quintiliani
329 2794 389 2843 Inst.
400 2792 444 2841 Or.
458 2792 629 2857 10‚1,91.qui
640 2808 696 2842 mox
727 2806 777 2853 gna
782 2792 920 2855 fecunditas
936 2794 1031 2841 animi!
1053 2797 1247 2856 quemadmodum

179 2877 195 2910 a
217 2860 298 2925 lipsio
320 2858 443 2923 profertur,
467 2855 605 2918 (soeundum
622 2856 698 2922 lipsii
721 2858 831 2920 fratrem
842 2872 929 2919 qaoque
943 2858 1083 2920 imitareris,
1099 2864 1246 2923 excogitasti.

180 2925 351 2981 mnectionem,
368 2937 421 2987 qua
434 2923 545 2985 probamr
562 2930 585 2969 et
606 2922 698 2972 Schelio
731 2920 790 2969 Hoec
797 2922 881 2986 turpia,
892 2930 963 2985 atque
976 2922 1076 2984 utinam,
1089 2933 1167 2973 tamen
1178 2926 1247 2975 time-

179 2990 210 3039 ad
225 2988 289 3037 Diei.
308 2988 337 3037 de
352 2986 395 3036 Or.
413 3000 433 3034 c.
448 2988 471 3035 9.
489 2995 512 3034 et
527 2994 617 3050 recepta
633 2994 698 3035 esta
728 3000 777 3044 am,
785 2986 867 3050 nequis
874 2986 943 3034 hodie
952 2986 1015 3050 apud
1023 2988 1142 3053 Principes
1152 2991 1185 3039 sic
1191 3007 1246 3055 pec-

180 3050 294 3115 Gemero)
313 3052 355 3101 ubi
375 3052 489 3099 remanare
505 3050 589 3099 dicitur
604 3051 698 3112 juvenis
729 3050 780 3097 aet!
793 3050 868 3099 lars.
892 3051 1018 3099 Poetarum
1025 3052 1086 3112 Silii,
1095 3052 1150 3103 va
1158 3055 1244 3115 Flacci,

178 3118 330 3167 Domitianus
345 3124 369 3165 et
383 3117 408 3163 in
426 3116 471 3164 isto
491 3130 579 3163 secessu
594 3114 697 3164 carmina
728 3112 845 3163 Martialis
859 3114 911 3164 loca
925 3114 1011 3163 indicat
1022 3115 1138 3167 Dodwell.
1154 3119 1246 3169 Annal.

178 3180 694 3295 Ἥ...
727 3177 1245 3293 ,aaa

250 3260 303 3293 nam
369 3260 397 3289 r·
685 3273 696 3286 -
865 3278 872 3293 .
958 3277 965 3292 .

179 3312 225 3360 diti
241 3310 316 3373 agria,
334 3278 402 3356 domi
417 3259 539 3371 etc.’iiaepe
557 3276 695 3359 dicuntira
762 3310 852 3356 Contra
867 3310 1077 3375 interpretabatur]
1096 3312 1181 3377 Saripti
1190 3313 1244 3362 libri

179 3374 290 3425 Suetonio
302 3382 326 3423 et
336 3372 394 3421 eliis.
426 3370 508 3435 Atque
518 3371 562 3420 hoc
572 3370 649 3437 ipsum
660 3382 696 3423 est
726 3374 862 3433 subtexunt,
877 3388 949 3435 aeque
960 3388 999 3420 aar
1012 3375 1140 3437 impariter
1146 3379 1244 3439 patiar·

177 3440 303 3501 moderna
321 3437 402 3490 estilo
412 3434 498 3495 Taciti,
514 3436 627 3485 abstinere
642 3452 695 3487 sea
727 3442 777 3485 iar.
795 3437 920 3513 Perperna
929 3455 938 3496 ς
948 3437 1079 3501 quiaverba
1088 3449 1181 3490 suntex
1190 3456 1242 3489 ora·

177 3504 276 3570 publicis
286 3502 424 3569 negotiiset,
440 3507 556 3549 remotum
571 3516 586 3549 a
600 3501 695 3551 celebri·
726 3501 790 3550 tione
800 3501 898 3550 Cerialis
909 3518 979 3567 supra
987 3504 1090 3566 repetita.
1121 3504 1243 3553 Parnasia-

177 3577 232 3629 tate,
250 3584 330 3618 vacare
345 3566 429 3617 studiis
444 3565 574 3626 literamm,
591 3567 694 3615 autenti
727 3580 774 3615 nus
786 3565 979 3615 adsaibitDcert
996 3568 1036 3614 iia
1050 3569 1242 3629 aiipwataiamr

177 3628 694 3760 *iiiiiitffiiiiiitiiii
725 3630 1244 3763 atramentaria

176 3714 298 3811 iectionem
311 3760 338 3807 ia
353 3762 510 3819 mlttadiaara
528 3774 581 3825 qus
597 3758 694 3808 debetur
724 3760 946 3823 interpretabantur.
960 3760 1032 3808 linit.
1054 3760 1244 3829 Bud.iaterpre.

176 3825 291 3875 Ernestio·
325 3825 464 3874 Rectorem
480 3833 628 3889 propugnant
640 3826 694 3874 atti-
725 3823 1241 3892 miatar,subjunctisistisspuriis,quanon

177 3891 283 3939 tudinem
293 3903 321 3937 so
334 3904 411 3950 sensu,
428 3903 477 3967 <pro
487 3904 557 3955 supra
570 3889 603 3938 Α.
614 3890 641 3950 3,
652 3890 692 3939 ii.
726 3897 781 3937 sunt
796 3889 822 3936 in
835 3888 898 3936 Flor.
914 3887 953 3937 tie
965 3889 1013 3937 ita:
1038 3892 1145 3940 Cornelii
1161 3895 1240 3945 ratiti

176 3956 284 4007 Solitaaa
292 3953 340 4004 hue
349 3968 396 4004 non
406 3954 468 4015 ient,
480 3952 601 4021 quoniam,
612 3954 653 4021 qui
663 3956 694 4006 ab
726 3955 786 4003 tiber
798 3955 855 4003 XX
863 3953 969 4019 erptieit.
981 3956 1072 4022 Incipit
1083 3957 1165 4009 XXI.
