3059 4975
252 261 311 320 seo
543 259 577 316 c.
591 255 828 318 conuentus
848 235 1023 319 ‘ricinus

258 421 352 487 Sueei
377 419 398 484 a¹
411 413 525 484 'cerens
548 419 724 499 Germanis,
751 422 793 485 sic
819 425 995 490 Suevorum
1019 423 1148 510 ingemi
1172 443 1191 488 a
1217 423 1323 502 aereis,

258 519 449 594 separantur,
495 506 533 569 In
557 506 623 570 aliis
648 507 805 592 gentibus,
829 531 884 572 seu
910 509 1095 608 cognatione
1115 507 1324 596 aliqueSue‘·

259 613 383 670 vorum,
405 615 459 656 seu
480 590 579 676 (quod
603 613 684 677 saepe
697 590 824 668 accidit)
846 593 1029 672 imitatione,
1051 615 1168 672 rarum,
1191 605 1223 659 et
1242 595 1325 658 intra

255 677 397 766 juventae
409 677 564 824 ppatium
588 676 676 762 apud
696 677 825 766 Suevos,
842 699 943 763 usqne
963 678 1004 742 sd
1027 674 1179 757 canitiem,
1198 679 1325 742 lmrren·

261 775 326 827 tem
351 762 416 848 csp‘
443 782 496 826 um
521 773 604 824 retm
627 776 811 846 sequuntur,
837 785 873 826 sc
896 782 978 848 soepe
999 761 1032 826 in
1059 763 1124 827 solo
1143 763 1257 828 vertice
1278 785 1326 827 rs-

259 845 370 934 ligsnt.
414 843 572 932 Principes
585 857 616 908 et
630 846 816 910 ornatiorem
835 847 969 911 habent:
992 871 1030 912 ea
1042 869 1120 912 curn
1131 848 1251 926 fomite,
1265 849 1320 911 aed

260 932 402 996 innoxia:
436 929 638 1015 nequeenim
660 944 1037 1007 utamentamenturve3
1071 932 1104 995 in
1126 931 1322 997 altitudinem

265 1145 377 1204 Crinibus
397 1146 421 1189 in
445 1142 531 1188 nodum
550 1143 619 1189 torris
640 1157 720 1188 uenere
739 1145 778 1189 Si.
813 1142 882 1191 Unde
890 1143 1038 1192 confirmatur
1048 1145 1155 1207 suspicio,
1166 1145 1327 1193 altemtrume

261 1209 364 1269 gonrbrt.
397 1205 464 1254 idern
488 1203 592 1252 universe
614 1206 670 1252 alibi
691 1209 716 1263 b,
739 1207 779 1254 aa
812 1208 886 1254 verbis
904 1210 954 1270 ipro
968 1209 1015 1254 solo
1029 1223 1078 1256 esse
1091 1209 1202 1282 spurium.
1235 1209 1269 1255 lit
1284 1224 1327 1273 aps

265 1274 388 1332 Rhenique
398 1272 474 1318 aerior.
508 1269 781 1318 Tertullianuseirrosin
813 1273 947 1334 parettpm
961 1272 1024 1319 nasci
1039 1281 1142 1335 ponium
1155 1271 1327 1320 tranianum

265 1335 388 1384 Germanis
404 1334 513 1396 agnoscit,
531 1332 625 1380 fortasse
640 1335 669 1381 ab
683 1334 780 1382 hnocri-
813 1345 836 1382 et
857 1337 910 1382 eolo.
943 1336 1012 1383 Forte
1030 1337 1099 1382 etiarn
1121 1337 1239 1382 variarunt
1260 1336 1328 1384 coda

265 1398 331 1446 nium
350 1397 506 1461 obliquatione
521 1405 543 1442 et
558 1395 629 1444 flexu.
661 1396 699 1444 De
710 1398 780 1460 virgi-
813 1399 872 1446 inter
882 1397 924 1448 has
940 1399 998 1445 duas
1008 1413 1082 1456 voces,
1093 1405 1116 1446 et
1125 1397 1178 1445 dein
1194 1400 1328 1462 utraquein

265 1463 334 1510 nibus
348 1461 450 1509 velandis
467 1475 487 1508 c·
500 1460 536 1506 lo.
570 1461 691 1508 Debebunt
701 1469 724 1508 et
736 1464 781 1523 ἱρή
813 1471 878 1510 textu
895 1471 929 1510 est
941 1464 1076 1524 ooujunctrr
1095 1461 1157 1526 quod
1170 1462 1220 1524 jam
1236 1461 1327 1526 aliquo-

265 1528 344 1586 oltqua
355 1525 656 1586 insignioribldepbnrirrn
669 1532 711 1572 nest
722 1541 782 1586 pen·
814 1526 856 1574 ties
874 1526 981 1575 accidisse
1000 1527 1024 1573 in
1042 1527 1123 1576 Tacito
1140 1525 1248 1573 vidimus.
1281 1526 1328 1575 sut

263 1604 308 1650 nor
318 1592 499 1655 Gerunurrrtunr,
510 1593 551 1634 aut
563 1590 664 1650 crobplos
675 1591 783 1636 burbure-
814 1600 939 1654 nonnique
951 1594 1046 1638 verbum
1062 1593 1112 1652 jam
1131 1590 1245 1652 reperitur
1257 1589 1281 1636 in
1293 1590 1328 1638 ed.

265 1670 329 1713 rum,
351 1661 393 1700 aut
419 1653 509 1699 medas
529 1653 717 1711 Atlunimriunm
740 1660 783 1700 eret
816 1653 877 1700 Sir.
896 1654 935 1701 sed
956 1654 1036 1701 eadem
1058 1671 1111 1702 cum
1129 1653 1180 1702 edd.
1199 1654 1253 1700 Put.
1271 1653 1325 1701 Ber.

268 1721 343 1764 cirros
353 1719 542 1766 Gerruanornnrr
558 1715 609 1764 ideo
626 1717 689 1780 quia,
706 1725 732 1763 ut
745 1717 795 1764 bic·
814 1669 917 1780 (tihagn
927 1717 996 1765 habet
1011 1719 1095 1780 ligent.
1127 1716 1221 1765 Primus
1236 1717 1328 1765 Rhena-

266 1782 386 1845 seriptum,
394 1780 478 1830 crinem
486 1780 642 1842 obliquabant.
660 1781 784 1828 Juvenuis
815 1797 860 1830 nus
875 1782 946 1830 edidit
961 1782 1029 1830 tacite
1039 1785 1143 1844 religent
1157 1798 1178 1828 a.
1194 1782 1261 1829 153&
1272 1795 1327 1830 enm

268 1844 307 1906 13,
325 1846 376 1892 164.
402 1846 495 1893 Coerulo
507 1847 559 1904 quis
569 1847 658 1906 stupuit
669 1847 783 1894 Germani
816 1863 837 1893 a.
851 1847 920 1894 tals.
932 1849 1009 1907 ligant
1024 1846 1137 1905 edidisset,
1150 1845 1206 1893 etin
1223 1845 1328 1908 margine

267 1911 366 1967 lumino,
384 1913 476 1970 fletum
499 1911 625 1954 t'oesorr'cnr
646 1917 669 1956 et
682 1910 784 1976 madido
815 1925 857 1972 pro
872 1926 919 1957 rar.
936 1910 986 1958 leet.
1004 1920 1103 1959 tentasset
1121 1912 1232 1972 religant,
1251 1909 1328 1957 nescio

267 1979 411 2035 torquentem
422 1971 508 2019 correns
517 1972 601 2018 cirre?
621 1973 698 2020 Taciti
706 1981 783 2020 tamen
815 1971 878 2021 unde
888 1979 998 2021 sumtrrm.
1014 1975 1072 2022 Jam
1083 1975 1147 2021 locus
1157 1974 1219 2020 varie
1227 1981 1329 2020 emtam·

266 2037 346 2085 locum
364 2039 452 2085 hancce
467 2038 497 2084 de
511 2036 651 2100 obliquando
662 2038 731 2095 crine,
747 2037 784 2084 fa·
815 2047 856 2085 est.
891 2039 1001 2101 scaligeri
1022 2039 1203 2086 emendationem
1220 2037 1329 2086 vidimus

267 2111 324 2159 teor,
336 2101 369 2148 ita
376 2102 445 2149 etiam
455 2102 506 2163 capi
516 2115 592 2164 posse,
604 2109 630 2147 ut
639 2101 723 2147 crinem
736 2115 782 2148 nou
816 2101 937 2149 biarcilius
948 2103 981 2148 sic
991 2102 1132 2164 mnigebetr
1149 2111 1287 2158 retrorsum,
1300 2115 1331 2146 oe

268 2166 293 2212 in
310 2174 398 2213 rectum
410 2166 472 2229 passi
487 2166 532 2212 sint
543 2165 686 2223 descendere,
698 2164 736 2212 sed
747 2180 783 2212 re·
814 2183 874 2227 serpe
884 2168 909 2212 iu
921 2167 967 2212 solo
978 2169 1061 2213 rrrtleu
1073 2167 1157 2228 rigent.
1174 2164 1249 2213 ΕΠ.
1273 2167 1331 2226 Ipso

268 2229 377 2277 duxerint
390 2230 416 2276 in
433 2229 579 2292 posteriorem
590 2229 695 2276 verticem
708 2236 730 2275 et
740 2229 783 2276 ob·
815 2230 879 2277 deest
893 2231 917 2276 in
934 2230 970 2276 eei.
989 2232 1059 2278 Rom.
1075 2231 1132 2278 Nor.
1149 2237 1171 2276 et
1186 2229 1241 2290 MS.
1254 2229 1331 2291 long.

268 2293 385 2356 bqusrint.
413 2293 488 2340 Iura.
522 2293 582 2340 Mox
594 2291 655 2340 male
665 2300 688 2338 et
698 2307 738 2354 per
749 2294 783 2339 vi·
815 2294 1054 2342 Omninotollendum
1063 2294 1159 2341 ridnur.
1169 2292 1281 2339 Heinsius
1289 2307 1331 2339 ex.

267 2357 327 2404 tium
346 2373 467 2421 operarum
489 2359 522 2404 sie
534 2357 643 2418 repetitur
655 2366 707 2418 poet
717 2372 783 2418 sepo·
815 2360 996 2420 pungebatrolo.
1026 2357 1255 2406 Groalotiuseolebat
1265 2371 1330 2402 sam·

267 2427 355 2468 rantur
369 2423 393 2468 in
408 2421 784 2484 munhen.1n19.sqq.omni-
815 2435 861 2468 nro.
887 2422 949 2469 Cum
962 2421 1246 2470 trucutotaciecolerus.
1273 2419 1338 2484 Bip.¹

268 2487 313 2534 bus
336 2494 388 2534 ante
407 2485 549 2533 Picbensmr
577 2485 638 2532 unde
657 2494 711 2533 nota
730 2492 784 2531 neta
815 2486 912 2533 mallent
926 2494 1057 2535 retrurnern
1074 2494 1202 2533 cornorrtur.
1235 2483 1332 2533 Rhena-

268 2550 383 2598 Acidalio.
403 2551 466 2597 Nam
479 2549 782 2611 abantiquioribusetlils.
815 2563 860 2596 nus
878 2566 906 2598 ea
923 2552 958 2598 ed.
977 2552 1035 2599 Nor.
1054 2552 1079 2597 in
1100 2550 1204 2613 margine
1221 2549 1275 2596 libri
1291 2549 1330 2595 sui

269 2611 349 2660 Turia
365 2616 436 2661 abest.
469 2614 541 2661 una.
573 2612 649 2660 Abest
664 2621 686 2659 et
701 2615 731 2660 ab
746 2612 782 2659 ed.
815 2615 1274 2675 notaratrettgatur‚hincsumaitsnum
1290 2626 1331 2658 re·

270 2676 341 2725 Rom.
355 2676 414 2723 Nor.
430 2676 485 2723 Put.
518 2675 637 2721 Acidaliae
658 2676 782 2737 legendum
815 2680 900 2738 ligant.
933 2678 1002 2724 Ritus
1020 2678 1092 2753 ipsius
1102 2678 1241 2724 documenta
1250 2684 1332 2723 eatam

266 2743 364 2805 putabat
375 2742 396 2787 si
407 2743 432 2787 s'n
443 2741 498 2786 aliis
506 2754 533 2801 g.
816 2741 840 2786 in
856 2741 969 2803 capitibus
983 2756 1052 2788 renem
1067 2741 1168 2803 antiquis
1184 2740 1246 2803 apud
1263 2741 1331 2788 Sme-
1394 2766 1405 2778 ι
1505 2781 1506 2794 ,

308 2806 375 2861 Qtsorl
402 2805 499 2868 uendit]
533 2804 588 2851 MS.
608 2803 702 2849 Arund.
723 2803 782 2851 coe.
816 2804 875 2851 tium
886 2804 911 2850 in
921 2805 1038 2868 Antiquit
1051 2804 1239 2867 Neomag.srlp.
1252 2804 1289 2858 70.

267 2868 348 2931 Kapp.
361 2870 391 2930 (s.
402 2868 439 2915 ed.
449 2867 578 2927 Nor.)edd.
590 2868 649 2930 Spir.
658 2875 784 2931 ceteraque
813 2884 816 2889 ·
856 2869 976 2929 Rellgunt
992 2870 1126 2932 Principes]
1155 2868 1328 2915 &launoma-

267 2938 353 2980 vetares
363 2931 442 2996 (etiam
451 2931 533 2991 Rom.)
541 2932 708 2992 adduntroepcr
721 2930 784 2993 quod
817 2941 868 2978 tutu
881 2932 1015 2995 Principum
1026 2933 1055 2979 de
1065 2933 1127 2980 cirris
1138 2932 1244 2994 explicat,
1256 2943 1330 2993 eoque

268 3010 321 3043 caru
332 2998 441 3043 omissum
454 2996 548 3043 restitui.
567 2996 636 3043 Eun.
664 3012 668 3020 ·
815 2995 883 3042 refert
892 2998 961 3043 verbe
968 2996 1053 3043 Juven.
1065 2997 1103 3054 13,
1116 2996 1168 3042 ton
1176 2996 1330 3044 mannaan

302 3062 376 3108 Retro
387 3062 527 3123 sequnntur]
548 3060 573 3105 Si
584 3059 640 3122 quid
651 3059 725 3115 video,
737 3058 784 3105 dis-
815 3060 880 3106 Ante
891 3061 1017 3121 Principes
1036 3060 1205 3122 interpungnnt
1221 3058 1332 3107 etlumen

268 3125 354 3172 crimen
366 3138 412 3170 nou
424 3124 491 3170 estin
506 3122 732 3179 numeronodorum,
745 3125 785 3181 (ut
816 3132 908 3170 veteres.
942 3122 1112 3172 Freinshemius
1131 3134 1244 3186 puuctum
1261 3122 1331 3182 tellit,

268 3189 344 3252 placet
356 3186 491 3249 Contingio)
508 3186 548 3235 sed
569 3187 593 3233 in
606 3187 668 3245 lom,
686 3186 726 3233 ubi
744 3186 784 3232 fir·
815 3187 917 3250 legitque
926 3190 1028 3248 religant
1035 3189 1160 3249 Principes
1167 3195 1190 3233 et
1198 3194 1332 3234 erratorem

268 3260 363 3297 mautur
380 3250 449 3297 nodia
474 3264 557 3313 nempe
577 3250 627 3297 aliis
647 3256 783 3307 retrusurus,
816 3252 907 3297 babent⁴
942 3250 1119 3313 Idcumprisca
1128 3250 1273 3313 simplicitate
1282 3264 1332 3299 non

268 3315 315 3361 sive
326 3314 385 3362 eirca
397 3314 496 3379 occiput,
513 3314 564 3361 aliis
585 3316 609 3361 tn
626 3315 711 3360 uertice
726 3317 784 3375 tpso.
816 3316 935 3363 convenire
949 3316 1038 3376 judicat
1051 3315 1199 3377 contingitis.
1230 3315 1278 3362 Ast
1290 3329 1333 3360 os·-

268 3378 302 3425 Et
312 3379 337 3425 in
348 3378 431 3427 vertice
441 3384 518 3425 autem
530 3386 552 3425 et
563 3385 686 3425 retrosecns
697 3377 785 3425 collecti
816 3384 908 3425 notares
918 3388 941 3426 et
954 3382 1084 3426 ornatricer
1098 3379 1158 3440 ipsis
1169 3379 1281 3426 Romanis
1290 3377 1331 3425 tn.

268 3452 293 3489 et
311 3443 414 3491 renodati
433 3443 469 3489 rel
491 3442 579 3504 religati
598 3440 684 3504 capilli,
703 3443 782 3495 cirris
816 3442 891 3488 issein
903 3458 955 3496 nau,
966 3442 1329 3505 monumentaantiqueloqunn-

268 3520 315 3554 non
326 3508 437 3569 posterius
448 3506 609 3553 tantummodo
617 3518 694 3567 genus.
724 3506 783 3553 Cor·
817 3515 862 3552 tur.
891 3507 928 3554 (r.
941 3507 1060 3555 Biuneeiui
1077 3507 1177 3554 (lamera
1195 3506 1223 3553 ed
1237 3506 1329 3554 inserit.

267 3586 316 3618 nuo
327 3580 405 3619 sutem
416 3570 475 3617 nihil
489 3570 553 3617 aliud
568 3578 630 3627 sunt,
642 3584 711 3631 quam
729 3570 784 3615 reodt
815 3571 914 3631 sepulcr.
921 3570 958 3617 de’
966 3572 1050 3630 liberti,
1061 3570 1120 3617 servi
1130 3570 1159 3617 od
1168 3570 1261 3619 ufliciali
1268 3570 1333 3619 dalla

268 3634 403 3696 capillorum
416 3643 438 3681 et
452 3633 624 3697 implicationes.
661 3632 721 3693 Vide
732 3632 784 3680 Sal·
816 3648 868 3681 nasa
884 3634 908 3680 di
919 3635 1035 3696 Augusto.
1046 3634 1212 3682 totinRoms
1223 3631 1330 3689 lma.

268 3699 368 3745 masium
388 3698 417 3747 ad
435 3698 540 3745 Solinum
560 3712 615 3759 pag.
629 3697 685 3751 762·
702 3696 782 3761 (5³5.)
816 3698 857 3744 60.
890 3699 1012 3745 Persarum
1027 3698 1331 3761 aliorumquebsrbmim

269 3762 360 3809 Gnonr.
389 3763 482 3823 Nempe
492 3762 553 3809 idem
565 3760 704 3822 Conrirrgius
714 3772 784 3823 pute.-
817 3761 1179 3825 liagescineinnatosnummiet
1191 3764 1332 3810 alismoan.

255 3824 316 3881 ¹bat,
327 3826 404 3887 plures
415 3826 487 3873 nodos
500 3824 636 3889 capillorum
648 3838 696 3871 esse
708 3826 783 3871 cirros
816 3835 895 3873 menta
910 3826 1008 3882 sistimtg
1025 3825 1054 3872 lis
1063 3841 1117 3888 ergo
1127 3827 1270 3873 amatoribus
1283 3825 1334 3874 tait

268 3896 291 3937 et
301 3902 388 3935 corum
399 3891 569 3936 Gennanornm
579 3887 658 3951 primis
669 3888 784 3950 scriptori·
816 3904 881 3951 opus.
898 3890 936 3937 De
944 3889 1065 3937 Germanis
1072 3890 1132 3937 idern
1141 3904 1226 3955 seques
1238 3890 1333 3951 'capud

266 3955 460 4001 busmemoratos.
479 3955 783 4000 Retrorecusestexemen·
815 3961 918 4000 nostrum
930 3954 1034 4001 suadent.

267 4018 358 4065 datione
368 4015 419 4063 Jos·
428 4016 536 4077 scaligeri
548 4017 589 4081 (ad
597 4014 720 4074 Martini),
730 4028 784 4079 quse
818 4050 821 4053 -
856 4019 903 4064 s'eu
920 4018 1032 4078 innoxia]
1056 4016 1331 4068 utereturnAeidalias

269 4090 293 4127 et
309 4078 466 4127 Freinshemio
485 4086 507 4125 et
523 4078 648 4142 Contingit)
669 4076 783 4141 placebat.
817 4081 934 4142 eonignnt
950 4084 1044 4128 inauris
1053 4098 1061 4138 ‚¹
1077 4090 1146 4138 recte,
1163 4088 1190 4126 ut
1205 4080 1272 4128 facile
1286 4096 1333 4143 pa-

217 4184 220 4187 .
267 4144 313 4191 Sed
321 4144 375 4191 libri
385 4141 537 4191 veteresinh.
546 4143 562 4189 1.
573 4156 619 4190 non
628 4144 784 4191 consentiunt.
816 4152 849 4191 tet
864 4159 879 4191 ο
892 4144 1053 4207 sequentibus:
1073 4145 1333 4207 inquestpronase-J.

268 4206 324 4254 con
343 4206 422 4271 Kepp.
441 4211 470 4270 (s.
489 4204 524 4251 ed.
547 4205 618 4263 Nor.)
641 4208 783 4273 interpungit
816 4208 855 4271 Pr.
868 4208 1020 4268 Gronovium,
1040 4209 1090 4271 ejus
1111 4208 1255 4271 pampinaria
1275 4216 1333 4258 nota

266 4278 459 4331 postsequuntur,
469 4278 491 4318 et
499 4268 645 4317 moxhabetr
658 4274 782 4333 occupetur
815 4271 923 4335 proxima
933 4272 1006 4321 docet.
1039 4272 1103 4321 Gara
1118 4272 1188 4319 noxia
1201 4273 1334 4327 essendo

268 4336 542 4395 snbvertieereltgatur.
567 4332 784 4397 (strumum.)
817 4335 910 4385 consilio
926 4346 1087 4401 susceptaesse
1104 4343 1196 4399 puteats
1211 4336 1291 4387 tome
1302 4336 1334 4385 il·
