3059 4975
214 296 247 337 A.
260 299 286 338 c.
302 277 365 349 70.]
603 274 682 333 LIB.
704 275 729 334 Ι.
754 274 846 334 cnP.
865 278 914 335 38.
1249 282 1287 343 39

214 439 395 543 Turpiliani
407 439 442 503 in
455 438 545 514 urbe,
561 438 751 526 Nymphidii
764 439 798 503 in
812 439 942 505 castris?
966 442 1046 517 Qua
1067 464 1198 527 usquam
1213 467 1284 541 pio-

211 531 326 607 vincra,
339 549 413 614 quoe
426 541 527 588 castra
542 541 623 603 sunt,
640 526 697 588 nisi
711 538 841 591 cruenta
854 538 886 591 et
900 524 1077 591 maculata?
1094 543 1229 605 aut,ut1
1252 554 1284 597 se

211 613 373 703 praedicat,
388 611 553 675 emendata
571 625 603 674 et
621 617 780 675 correcta?
803 612 898 689 Nam,
923 634 996 710 quae
1015 612 1067 677 alii
1089 612 1211 691 scelera,
1230 554 1285 683 hic

213 699 349 765 remedia
363 711 469 762 vocat:
494 697 572 761 dum
585 695 671 761 falsis
681 697 869 777 nominibus,
882 712 1074 763 severitatem
1085 722 1143 797 pro
1155 700 1282 782 saevitia,

211 784 432 873 parsimoniam
476 806 512 848 ro
536 782 675 861 avaritia,
699 782 852 870 supplicia
873 796 906 848 et
928 784 1130 849 consumebas
1153 800 1280 867 vestras

212 871 408 957 disciplinam
462 868 566 957 pellat
605 871 732 955 Septem
745 892 765 932 a
779 869 916 934 Neronis
934 870 996 935 fine
1015 892 1134 935 meuses
1148 886 1232 952 nint,
1250 888 1283 939 ct

211 958 279 1045 jam
292 956 364 1044 plus
378 956 483 1043 rapuit
499 954 610 1033 lcelus,
625 977 720 1041 quam
736 954 823 1041 quod
838 955 991 1043 Polycleti
1004 968 1035 1019 et
1046 956 1162 1021 Vatinii
1172 973 1204 1022 et
1215 958 1281 1024 Elii

211 1056 409 1195 paraverunt.
459 1040 586 1105 Minore
608 1039 737 1105 avantia
757 1064 794 1121 ac
815 1040 939 1107 licentia
959 1055 1116 1129 grassatus
1137 1057 1217 1109 esset
1236 1045 1277 1109 T.

247 1129 338 1207 iuius,
363 1128 388 1191 si
409 1128 476 1216 ipse
500 1126 697 1214 imperasset:
729 1143 868 1192 nuncet
891 1128 1046 1215 subjectos
1070 1151 1126 1192 nos
1155 1130 1278 1210 habuit,

211 1229 373 1300 tamquam
393 1237 475 1288 suos,
495 1228 527 1277 et
547 1212 633 1290 viles,
653 1227 689 1276 ut
707 1212 831 1277 alienos
875 1216 951 1278 Una
968 1213 1021 1281 illa
1039 1214 1151 1279 domus
1168 1216 1281 1281 sufficit

211 1300 369 1377 donativo,
384 1300 472 1386 quod
485 1298 574 1364 vobis
584 1322 747 1386 nunquam
761 1298 865 1377 datur,
880 1315 913 1364 et
927 1299 1039 1366 cotidie
1049 1324 1088 1365 ex
1111 1302 1265 1367 robratur.

255 1387 470 1451 XXXVIII.
495 1384 587 1462 “Ac,
603 1407 643 1449 ue
653 1408 717 1471 qna
726 1384 836 1449 saltem
849 1385 880 1450 in
897 1408 1069 1450 successore
1135 1385 1196 1451 lboe

210 1486 300 1550 esset,
315 1471 444 1537 accersit
457 1470 498 1535 ab
512 1470 628 1548 exsilio,
647 1494 742 1558 quem
759 1471 883 1536 tristitia
901 1486 932 1536 et
952 1471 1080 1537 avarius
1096 1470 1144 1536 sui
1164 1408 1280 1539 sinidi?

210 1581 299 1622 mum
322 1556 489 1621 'udicabat
534 1556 673 1635 Vidistis,
692 1556 925 1636 commilitones,
949 1556 1078 1623 notabili
1097 1572 1279 1645 tempestate

208 1644 303 1708 etiam
352 1642 585 1707 eosinfaustam
598 1643 799 1730 adoptionem
812 1657 994 1709 aversantes
1027 1644 1116 1709 Idem
1132 1644 1276 1725 Senatus,

209 1729 294 1793 idem
316 1729 432 1816 Populi
456 1728 550 1793 Rom.
571 1729 695 1793 animus
716 1742 771 1792 est.
816 1733 927 1794 Vestra
948 1728 1049 1795 virtus
1069 1745 1278 1817 exspectatur,

209 1815 299 1903 apud
307 1837 386 1900 quos
395 1837 487 1879 omne
500 1814 638 1878 honestis
648 1814 781 1879 condliis
795 1816 903 1893 robur,
914 1830 946 1881 et
957 1815 1021 1881 sine
1032 1816 1157 1903 quibus,
1169 1839 1279 1904 quam·
1296 1878 1299 1887 ,

208 1904 257 1965 vis
270 1903 406 1987 egregia,
419 1899 556 1963 invalida
568 1913 650 1965 sunt
695 1903 770 1965 Non
784 1900 826 1965 ad
839 1901 954 1966 bellum
975 1924 1040 1980 vos,
1063 1924 1120 1966 nec
1138 1903 1179 1967 ad
1198 1901 1278 1990 peri-

210 1987 317 2051 culum
331 2010 426 2050 voco:
446 1985 588 2049 omnium
600 1984 736 2050 militnm
746 2010 834 2050 mma
844 1987 1005 2051 nobiscum
1021 2001 1103 2051 sunt.
1137 1989 1204 2053 Nec
1215 2010 1280 2053 uua

209 2074 320 2137 cohors
333 2086 439 2158 togata
452 2070 592 2135 defendit
611 2093 696 2136 nunc
715 2071 861 2150 Galbam,
883 2071 937 2136 sed
952 2070 1078 2137 detinet
1124 2073 1208 2137 Cum
1221 2096 1277 2138 vos

211 2158 396 2246 adspexerit,
412 2180 485 2221 cum
499 2156 625 2244 signum
642 2180 749 2223 meum
763 2156 926 2245 acceperit,
949 2158 1009 2221 hoc
1024 2157 1124 2223 solum
1139 2159 1197 2223 erit
1212 2182 1276 2223 cen

210 2261 325 2323 tamen,
353 2244 426 2331 quis
453 2242 530 2307 mihi
558 2241 730 2329 plurimum
759 2244 891 2331 inputet
945 2242 1062 2308 Nullus
1090 2244 1278 2309 cunctationi

244 2420 301 2475 Qua
311 2418 401 2481 mura]
419 2416 482 2463 Bud.
496 2416 552 2471 Qua
562 2417 589 2463 ia
600 2418 694 2463 canus.
760 2431 824 2465 more
837 2416 927 2465 militie
938 2419 1074 2476 excubabat,
1084 2417 1185 2481 idipsum
1192 2417 1278 2467 staret

248 2484 348 2542 Vatinii,
361 2490 383 2530 et
395 2483 457 2541 Elii,
473 2490 495 2530 ct
505 2481 562 2544 alii]
581 2480 689 2545 vulgatis
699 2480 728 2529 li-
761 2481 811 2529 sine
834 2480 911 2542 armis,
937 2480 1019 2546 gladiis
1037 2492 1128 2530 tanturn
1147 2482 1279 2548 lanceisque

210 2550 258 2596 bris
269 2556 325 2607 erat,
335 2554 357 2595 et
366 2549 437 2608 Egit,
444 2547 486 2610 qui
494 2545 554 2594 mihi
563 2547 658 2610 quidem
668 2546 728 2594 inter
762 2553 877 2594 connnta.
910 2545 993 2609 Itaque
1008 2556 1031 2594 et
1044 2547 1104 2610 togIs
1117 2547 1193 2596 induti
1203 2557 1277 2607 aaut,

210 2611 447 2678 potentiorealibertos
457 2610 568 2674 imperti.
599 2611 636 2659 At
645 2610 728 2659 Elium
761 2613 888 2674 nonragis.
921 2611 1043 2660 Modestia
1052 2625 1133 2660 canan
1143 2611 1278 2660 institutum

211 2679 303 2727 invenio
320 2677 404 2742 (Dion
421 2678 462 2737 6³,
477 2678 514 2724 12
527 2676 569 2734 64,
583 2677 607 2724 3.
622 2675 729 2724 scribitur
760 2675 787 2722 id
797 2676 903 2734 videtum
920 2686 943 2723 et
957 2692 987 2723 ne
1001 2677 1068 2726 Mars
1082 2677 1160 2740 palam
1174 2677 1278 2726 habitata

208 2743 299 2801 Ἤλιος)
310 2743 352 2806 qni
361 2740 665 2805 magnusapudNeronem,
691 2741 728 2788 ui·
761 2740 877 2788 videretur
898 2742 922 2788 in
941 2757 983 2788 sun
1002 2743 1066 2789 urbe.
1100 2741 1156 2788 Huc
1180 2750 1277 2803 spectat,

211 2822 265 2870 que,
284 2809 383 2855 abeunte
402 2821 430 2854 eo
448 2807 474 2853 in
490 2805 604 2853 Graeciam
623 2819 665 2852 can
761 2803 824 2867 quod
837 2805 897 2854 inira
907 2805 972 2867 legis,
987 2814 1096 2868 opertum
1106 2808 1132 2852 in
1143 2807 1228 2854 castra
1238 2821 1278 2851 or-

211 2881 270 2930 tum,
281 2871 407 2920 Proiectus
415 2869 502 2918 mansit
511 2871 565 2918 urbi
575 2871 666 2917 Roma.
684 2870 729 2918 list
762 2872 945 2916 momentarium
950 2871 1038 2931 fuisse,
1048 2877 1117 2932 rapta
1124 2883 1208 2916 omia.-
1220 2885 1278 2934 quo·

211 2935 298 2998 isipse,
310 2936 395 3000 dequo
404 2935 501 2984 Tatium
513 2936 552 2994 13,
566 2935 587 2981 l.
621 2937 651 2982 P.
660 2936 729 2984 Celer
761 2949 816 2980 rum
827 2935 911 2983 scilicet
921 2949 1038 2981 annorum
1053 2949 1101 2982 noa
1113 2934 1142 2981 iis
1156 2935 1227 2997 vulgo
1238 2935 1280 2995 jus

212 3002 291 3060 Eques
306 3002 430 3050 Roasoous
443 3007 467 3048 el
483 3002 554 3048 lilius
570 3001 675 3060 libertus,
692 3002 729 3048 rei
762 3009 804 3046 aut
826 3013 889 3054 usus,
910 2999 955 3044 nisi
977 2997 1089 3045 Tribunis
1107 3005 1148 3044 aut
1168 2997 1279 3048 pretato

204 3067 330 3126 familiari
352 3067 476 3126 Principis
495 3067 522 3112 in
538 3066 599 3113 Asta
616 3066 728 3127 impartit.
761 3063 915 3125 permittente.
942 3062 998 3110 Ideo
1009 3061 1033 3109 in
1046 3061 1150 3110 Martiali
1160 3061 1189 3109 de
1202 3061 1278 3110 Fusco

212 3127 283 3188 Quod
298 3130 411 3194 sequitur,
430 3136 454 3176 ct
469 3131 526 3176 alil.-
544 3129 679 3189 videndum,
698 3143 728 3177 ne
762 3129 799 3189 (6,
809 3128 870 3188 Mi),
898 3127 1010 3176 Praefecto
1022 3126 1139 3174 Praeteriit
1157 3127 1204 3174 111⁶
1214 3129 1278 3174 suari

212 3195 346 3256 superfluat,
363 3202 493 3256 natumque
509 3195 539 3242 sit
554 3210 584 3242 ex
599 3193 729 3242 hesitantia
762 3194 843 3241 luteris
853 3199 929 3242 cartas
939 3193 1167 3254 Mas-rascengen,
1179 3193 1277 3240 Credita

212 3257 727 3322 librarii,ctadlinitatevodsprioriaL1ns.
761 3259 801 3303 cai
813 3260 901 3304 usnimi
917 3257 1076 3319 castrassem
1090 3257 1174 3304 Dncls.
1202 3255 1278 3304 Vocat

132 3321 135 3326 ’
213 3321 384 3383 conjiciebam:
399 3325 727 3385 etjomplucrapuitlcelua
762 3325 899 3383 eccetogoti
910 3323 1004 3370 Martis
1015 3321 1132 3369 custodem
1143 3323 1173 3368 ab
1183 3321 1227 3368 hoo
1235 3321 1277 3368 ha·

212 3401 283 3448 quom
294 3389 412 3449 Polycleti
421 3395 445 3436 ct
459 3388 550 3435 Vatinii
560 3391 584 3434 ct
592 3389 644 3435 Elii
652 3393 676 3434 et
686 3389 729 3434 Tl-
761 3385 828 3434 bitus
845 3395 915 3450 atquc
924 3387 981 3434 adeo
992 3387 1017 3434 in
1030 3386 1081 3450 ipsa
1092 3385 1161 3432 ltalia
1171 3392 1220 3433 tota
1230 3385 1275 3432 mi-

210 3454 295 3512 gellini
308 3460 464 3514 parauerunt.
479 3453 572 3501 (hort.
589 3451 694 3514 Ryetius
705 3460 728 3500 ri
760 3449 813 3498 lites
828 3457 918 3514 togatos
933 3465 981 3498 estc
997 3450 1071 3498 voluit
1082 3450 1121 3496 M.
1133 3448 1276 3509 Antoninus,

212 3517 341 3565 Huasex
352 3517 391 3576 12,
402 3519 442 3566 66.
474 3517 539 3566 Suet.
551 3517 667 3565 (laih-lb.
684 3517 728 3580 (Id
762 3515 792 3563 de
807 3531 855 3580 quo
867 3513 1011 3578 Capitolinos
1027 3529 1047 3562 c.
1058 3514 1098 3568 27.
1131 3514 1182 3560 Per
1193 3515 1277 3562 Bras-

212 3583 297 3646 raoepit
306 3581 383 3644 Brot.)
391 3583 445 3630 Jac.
456 3582 530 3630 Grm.
539 3597 569 3629 ex
579 3584 656 3643 etaegs'
664 3582 728 3646 qood
762 3581 851 3627 daiam
859 3581 953 3627 orabas
960 3581 987 3626 io
994 3579 1102 3637 Italiam,
1109 3585 1189 3639 togam
1196 3583 1220 3625 rt
1228 3579 1277 3639 ipre

212 3655 247 3694 cst
264 3649 290 3694 in
308 3645 372 3695 Flar.
390 3647 469 3695 (inell.
488 3655 531 3695 etc.
556 3647 663 3708 cangi,
686 3647 729 3712 qni
762 3647 870 3708 sumpsit,
887 3651 911 3693 ct
925 3645 1012 3693 mllitcr
1028 3650 1118 3705 togatos
1130 3644 1275 3705 irrotatur:

211 3709 306 3761 aliunde
327 3726 375 3759 non
395 3713 445 3760 noti
465 3712 489 3760 in
508 3703 603 3760 historia
619 3711 728 3760 Neronis.
761 3725 926 3772 aerumpnam
935 3707 1294 3771 sagatisuernatsabsomtlia

213 3775 274 3823 Mox
284 3777 381 3826 arbeae
391 3793 404 3824 a
414 3777 476 3824 Flor.
544 3783 587 3823 out
598 3775 662 3823 Pich.
690 3777 729 3824 Sic
762 3782 803 3822 tes.
837 3775 896 3822 Hac
911 3782 989 3822 nmen
1004 3772 1103 3837 deipsis
1113 3771 1228 3821 Pratoriis
1238 3787 1276 3819 co·

211 3841 515 3902 1>
532 3841 637 3969 es,
759 3854 1277 3968 aas,

213 4101 285 4148 sentio
306 4101 428 4162 (Acidalio
447 4099 480 4161 et)
501 4098 627 4149 Gronorio.
656 4099 728 4148 Ean,
760 4098 806 4145 nisi
820 4098 942 4161 vulgatum
956 4098 1043 4146 dicum
1055 4107 1164 4160 putemus
1178 4097 1277 4157 abrupta

212 4162 275 4212 Bud.
291 4165 448 4214 adversantu-
761 4162 882 4220 brevitate,
896 4178 947 4226 pro,
965 4178 1007 4210 nec
1018 4164 1060 4211 illa
1075 4162 1163 4220 cohors,
1181 4175 1236 4222 quta
1253 4165 1277 4206 ct

245 4231 300 4278 Nec
313 4245 362 4277 aaa
378 4234 460 4278 cohors
474 4228 565 4296 rogata]
581 4230 662 4290 Quare
678 4229 728 4278 To·
761 4241 810 4275 una
826 4235 849 4275 ct
863 4235 941 4291 togata
953 4235 1002 4282 ests
1022 4227 1085 4290 quod
1099 4239 1144 4272 uon
1159 4222 1278 4296 mahom

211 4297 284 4356 gata?
308 4305 331 4344 et
349 4295 434 4344 masne
452 4310 480 4344 aa
499 4311 546 4344 vor
564 4297 640 4344 sana?
665 4309 727 4342 saria.
761 4305 859 4355 negem:
885 4292 926 4340 sed
941 4291 1001 4340 illud
1016 4291 1110 4340 mollius
1122 4299 1145 4336 at
1164 4292 1278 4334 nimus.

210 4358 729 4423 Appellatenimimvelutelcransetinfir-
762 4357 835 4405 Enii.
1204 4411 1209 4422 Ι

211 4437 287 4487 mans,
305 4425 362 4489 qnia
374 4426 453 4483 mans,
471 4435 498 4474 ut
513 4425 555 4474 illa
568 4426 657 4487 cohors,
675 4439 729 4487 qna
791 4411 1275 4484 Qutsmtstpnrtsamsmpam]uimn
