3059 4975
233 286 292 343 260
608 281 912 341 HISTORIARUM
1130 285 1300 358 [tr-1182&

233 468 327 511 naves
340 446 374 511 in
388 446 552 511 adversum
567 468 689 511 amnem
704 446 889 533 agebantur.
921 444 1007 512 Hinc
1022 458 1237 513 veteranarum
1249 462 1301 515 eo:

234 532 371 596 hortium
383 532 480 619 signa,
490 531 763 620 indedepromptae
773 531 858 596 silvis
866 531 982 597 lucisve
991 532 1129 596 leramm
1138 534 1308 619 imagines,

235 629 271 681 nt
285 618 399 705 cuique
412 618 498 704 genti
513 618 591 681 inire
602 617 751 767 proelium
770 640 838 681 mos
856 632 912 695 est,
933 617 1031 682 mixta
1047 617 1120 683 belli
1134 619 1231 685 civilis
1245 644 1299 684 ex·

232 705 374 791 ternique
382 704 459 767 facie
469 705 601 789 obstupe
616 714 738 769 ecerant
747 703 900 767 obsessos:
913 717 945 767 et
953 726 1039 789 spem
1047 707 1299 789 oppugnantium

233 790 369 873 augebat
383 812 433 853 am
457 788 558 853 litudo
572 788 656 867 valli,
675 788 773 875 quod,
794 788 918 853 duabus
932 788 1105 874 legionibus
1119 790 1224 868 situm,
1244 791 1298 855 vix

235 874 374 961 quinque
386 814 481 939 millia
492 886 682 939 armatorum
696 874 874 937 tuebantur.
901 874 963 939 Sed
973 874 1108 939 lixarum
1116 876 1297 955 multitudo,

147 978 149 984 '
234 960 360 1025 turbata
397 984 450 1023 ace
464 959 538 1023 illuc
552 971 750 1047 congregata,
765 971 797 1023 et
809 959 892 1024 bello
904 960 1045 1024 ministra
1054 960 1170 1026 aderat.

278 982 423 1110 XXIlI.
448 1048 532 1133 Pars·
541 1058 724 1121 castrorum,
740 1045 773 1107 io
786 1043 895 1109 collem
905 1045 1016 1110 leniter
1026 1069 1211 1131 exsurgens3
1268 1071 1309 1111 rs·

234 1154 325 1218 aequo
339 1131 503 1196 adibatur:
528 1130 655 1218 quippe,
671 1130 730 1191 illis
743 1129 882 1193 hibernis
894 1130 1030 1195 obsideri
1043 1132 1204 1218 premique
1219 1070 1299 1199 gaer-

233 1218 362 1296 manias,
377 1218 545 1301 Augustus
559 1215 747 1279 crediderat:
771 1237 873 1301 neque
885 1238 1026 1301 unquam
1041 1216 1075 1278 id
1084 1218 1249 1295 malorum,
1263 1230 1310 1281 ut·

234 1314 451 1390 oppugnatum
472 1300 555 1364 ultro
573 1299 709 1386 legiones
729 1313 848 1365 nostras
867 1300 1017 1365 venirent.
1052 1301 1131 1365 Inde
1144 1324 1207 1365 non
1222 1304 1308 1380 loco,

197 1416 200 1423 ¹
235 1410 336 1473 neque
350 1385 547 1451 munimentis
561 1384 649 1449 lobor
663 1386 808 1450 additus:
836 1386 883 1451 vis
897 1398 929 1449 et
942 1408 1028 1450 arma
1042 1385 1114 1450 satis
1128 1386 1300 1472 placebant.

235 1471 347 1537 Batavi
378 1470 684 1558 Transrhenanique,
720 1495 785 1558 quo
817 1472 949 1536 discreta
976 1472 1076 1535 virtus
1107 1473 1299 1537 manifestius

235 1570 436 1643 spectaretur,
460 1557 517 1621 sibi
533 1580 667 1644 quaeque
681 1581 757 1644 gens
774 1558 956 1635 consistunt,
976 1557 1097 1620 eminus
1110 1557 1309 1623 lacessentes.=

235 1645 323 1721 Post,
336 1642 391 1707 ubi
406 1642 554 1729 pleraque
569 1643 700 1707 telorum
718 1643 857 1707 turribus
868 1643 1034 1729 pinnisque
1047 1643 1197 1705 moenium
1211 1644 1309 1709 inrita·

236 1728 405 1803 haerebant,
427 1741 457 1791 et
477 1728 612 1816 desuper
631 1729 711 1793 saxis
725 1728 979 1807 vulnerabantur,
1000 1727 1133 1790 clamore
1146 1741 1240 1814 atque
1254 1730 1301 1793 in-

265 1902 340 1950 auva
353 1902 469 1977 laeteque]
486 1901 525 1977 Sic
539 1900 687 1977 librinnostri,
705 1916 751 1949 non
778 1916 825 1950 vox
835 1902 936 1965 proferto
946 1901 1057 1951 abundat
1069 1900 1160 1949 Deleri.
1176 1900 1246 1949 Pn'ua
1255 1916 1299 1964 pro

229 1965 754 2093 mutuaturum
779 1967 1153 2094 tuttffldttttttss
1166 2029 1300 2092 norm.

234 2094 422 2158 moriburgentia
436 2096 460 2151 7.
488 2096 629 2157 Effigicrquc
645 2102 668 2143 ct
683 2098 753 2157 rigna
783 2094 869 2159 (Bud.)
881 2096 917 2143 ed.
926 2111 960 2159 pr.
972 2110 1108 2155 ernrrgem.
1130 2094 1221 2141 Eodem
1231 2098 1302 2142 verbo

235 2160 341 2221 quedem
355 2160 459 2207 detracta
475 2161 535 2207 lacit
551 2161 577 2206 in
591 2161 703 2222 pralium
712 2161 753 2222 se.
782 2161 1006 2218 muneralaeta.
1029 2158 1195 2221 Etbicpotiua
1203 2159 1302 2207 atterum

233 2228 297 2271 runt.
320 2224 395 2273 Lars.
423 2223 469 2271 Ed.
489 2240 523 2286 pr.
544 2225 637 2272 tuaeve.
665 2224 753 2273 Geterae
782 2223 1250 2285 snbstinrtumalibranisvidetur,quod
1260 2224 1301 2271 tri-

233 2302 309 2399 ttt}
330 2288 456 2416 llnllll'
470 2288 700 2401 dtttttttt
714 2297 753 2401 sl
783 2286 1302 2414 llblrudtolulddli'gdsslldll:

261 2424 337 2465 ectum
348 2416 418 2465 lubet
428 2418 531 2479 lucisque
546 2418 563 2465 l.
580 2433 600 2467 c.
616 2426 644 2465 ut
660 2434 674 2466 e
690 2417 752 2465 Mor.
781 2432 849 2477 gem.
865 2418 903 2466 ste
914 2426 937 2465 et
947 2417 1003 2480 Bip.

233 2431 316 2530 lium.
332 2480 444 2530 additum.
481 2482 605 2546 Proprium
623 2482 649 2530 in
666 2483 709 2532 hac
728 2499 753 2530 re
816 2482 1200 2545 Nequeumpacmidmolorum]
1219 2482 1302 2530 Credi-

233 2552 268 2592 eat
278 2549 374 2594 verbum
390 2547 458 2604 lacte,
474 2547 592 2594 uteaillo
602 2547 653 2594 loeo
665 2556 688 2594 et
702 2547 753 2594 aliis
784 2548 851 2594 derat
869 2547 941 2594 intell
964 2547 1087 2594 timuerat:
1115 2547 1254 2593 Numnam
1275 2563 1302 2594 eo

233 2616 311 2672 patera
338 2608 364 2656 id
381 2607 438 2656 adeo
454 2608 524 2656 deleri
540 2624 586 2656 non
604 2619 684 2672 potest.
728 2610 753 2656 Si
782 2625 831 2656 rem
845 2610 970 2658 redituram
990 2618 1089 2672 putarat.
1119 2609 1163 2658 Est
1179 2563 1250 2656 durus
1266 2611 1303 2656 lo·

233 2674 301 2720 :ttae
322 2671 375 2736 quis
393 2672 464 2720 deleri
485 2672 566 2720 malit:
591 2672 699 2736 frequens
719 2681 754 2720 est
781 2673 868 2736 quendi
885 2674 984 2727 medusa
1002 2673 1042 2720 sed
1055 2674 1081 2719 in
1097 2689 1145 2736 quo
1158 2673 1303 2722 libriomnea

234 2737 305 2785 verbo
321 2736 403 2800 speciei
418 2737 501 2785 addere
515 2751 595 2800 genus,
607 2737 665 2785 lucis
675 2738 751 2786 silvas.
781 2738 935 2786 uomentium.
951 2738 1024 2785 Ean.
1051 2736 1237 2786 Gurtimuerat?
1254 2737 1303 2786 Po·

233 2800 306 2850 Ber.
330 2801 399 2850 Grut·
415 2801 549 2863 preferebat
570 2803 664 2850 lucisne.
697 2802 753 2850 Pla-
780 2801 827 2850 tiua
845 2817 888 2850 suo
906 2817 983 2860 sensu,
999 2803 1139 2861 crediderat,
1158 2801 1190 2849 sic
1205 2802 1301 2850 coerceri

240 2874 282 2914 eet.
782 2866 926 2925 Germaniae,
945 2881 1022 2930 neque
1036 2866 1301 2930 unquamidmalorum

263 2932 343 2978 Jaaeta
362 2930 414 2978 uus
428 2931 516 2992 autu]
535 2930 598 2982 Puto
614 2945 754 2995 germanm
781 2933 901 2979 oritarum
912 2940 956 2980 etc.

178 3050 181 3059 Ι
235 3009 290 3044 erae.
323 2993 445 3044 &manus
463 3004 541 3044 tamen
560 2995 634 3044 eodex
653 2997 756 3061 itemque
808 2995 1299 3059 Non-loteruddttus1FormulaVirgili·

234 3057 297 3110 mor.
308 3062 384 3107 marta
394 3061 445 3108 tatu
454 3062 547 3108 civilia.-
563 3075 610 3108 non
623 3061 678 3107 item
688 3060 756 3108 male.
780 3074 826 3106 ana
835 3061 878 3112 (G.
891 3059 913 3119 l,
925 3059 990 3118 150.)
1002 3075 1057 3107 orer:
1066 3068 1089 3107 et
1094 3062 1227 3124 frumentis
1237 3061 1301 3106 tader

236 3123 311 3172 lars.
330 3123 400 3172 Rom.
411 3123 460 3172 cod.
472 3123 551 3172 ested
563 3139 600 3186 pr.
613 3139 664 3171 eam
675 3124 754 3172 lectio-
780 3125 892 3182 additum
909 3124 950 3172 sed
960 3124 1006 3172 alio
1019 3139 1103 3172 semu:
1121 3125 1146 3172 h.
1156 3124 1174 3171 1.
1187 3132 1229 3181 est,
1243 3123 1302 3172 nibil

234 3200 289 3235 nem
304 3189 363 3236 bene
377 3188 460 3251 recepit
475 3187 583 3236 Pichena.
601 3187 656 3235 MS.
674 3187 753 3236 Guelf.
779 3189 835 3236 artis
856 3197 897 3235 aut
918 3203 995 3251 opera
1014 3188 1158 3246 adsumtum,
1176 3188 1208 3235 ad
1223 3189 1301 3236 locum

234 3249 286 3298 edd.
302 3250 358 3298 Put.
370 3251 424 3298 Ber.
435 3251 490 3299 Ale.
502 3255 578 3314 Juxta.
595 3251 674 3300 Rhen.
690 3268 754 3316 seqq.
779 3253 928 3301 munitiorem
938 3253 1046 3315 operibus
1057 3253 1208 3310 reddendum,
1216 3262 1302 3300 utma-

227 3317 320 3377 justos
342 3315 406 3378 quod
422 3329 477 3363 rane
491 3314 590 3364 eundem
601 3331 693 3365 sensum
705 3317 755 3364 effi-
777 3317 815 3377 jor
826 3317 851 3364 in
862 3317 1019 3380 oppugnando
1028 3318 1093 3365 labor
1103 3326 1168 3364 esset.
1185 3317 1257 3364 ΕΜ.

234 3387 302 3492 ἒεζῗ,
322 3378 518 3492 ffllstppismp
526 3381 662 3494 qruppetpr.
683 3381 755 3493 Eratis.
781 3445 797 3492 3
814 3383 866 3438 Quo
877 3383 977 3429 discreto
988 3384 1066 3429 zdrtur
1076 3383 1134 3443 ete]
1152 3380 1233 3428 Simile
1242 3381 1301 3442 quid

234 3522 262 3553 oc
272 3457 432 3571 nobenjueta
440 3459 528 3557 iibere.
543 3459 756 3559 .'J.1‹‘i.diiiiiiiii
800 3448 861 3558 ’ξίἶό
872 3525 966 3572 quaque
978 3526 1038 3571 gem
1051 3510 1192 3572 contristant]
1210 3507 1300 3555 Durius

235 3570 294 3620 Oba.
318 3573 339 3631 l,
362 3574 399 3629 17.
421 3573 532 3622 hocloco
553 3589 585 3637 qu
617 3588 646 3621 ue
663 3573 755 3638 legebat
779 3574 868 3622 dictum
878 3590 920 3638 pro
935 3577 1040 3629 seorsim,
1057 3589 1102 3620 non
1116 3573 1226 3636 permixti
1240 3573 1301 3620 inter

228 3639 303 3699 ⁴iaetu
314 3635 468 3701 reddebatque
482 3638 572 3700 ἔξῖσης.
631 3647 693 3685 trum
706 3639 754 3686 'l'a-
780 3654 811 3686 aa
839 3639 967 3687 Rhenanus
987 3639 1121 3698 conjiciebat
1136 3638 1224 3683 simut:
1248 3653 1301 3699 quaa

129 3711 158 3748 Α
234 3698 274 3747 citi
286 3699 323 3758 tit,
334 3715 381 3748 non
392 3702 498 3750 dixerim.
523 3700 670 3751 Recentiores
682 3701 753 3750 edito-
780 3705 849 3751 verba
865 3711 888 3750 et
903 3703 959 3750 alibi
975 3703 1071 3749 confusa
1084 3710 1190 3749 notarat:
1209 3701 1301 3764 siquid

235 3764 307 3811 resin
317 3767 393 3812 marta
404 3767 542 3830 eonrpirant.
780 3767 928 3823 mutandum,
944 3765 1026 3813 malim
1039 3768 1098 3813 rotie
1116 3766 1149 3813 sic
1159 3765 1219 3814 infra
1231 3781 1251 3814 c.
1263 3767 1303 3814 46.

266 3829 375 3890 Quinque
396 3833 474 3878 millia
495 3836 642 3880 ornatorum
667 3833 751 3895 Rom]
781 3833 908 3894 separatim
918 3832 1032 3878 reddere.
1061 3830 1176 3894 Moxpro
1185 3832 1302 3878 terebant

234 3890 342 3942 Verbum
356 3893 518 3944 Rornanorum
533 3903 659 3960 agnosmnt
674 3911 754 3945 omnes
781 3895 855 3945 MSS.
876 3895 952 3944 vatia
975 3895 1036 3958 Agr.
1054 3895 1091 3944 ed.
1107 3911 1142 3960 pr.
1161 3895 1301 3957 pendebant,

234 3955 308 4004 MSS.
320 3964 401 4020 preter
411 3958 513 4008 Budena
525 3969 549 4010 et
559 3959 610 4008 edd.
623 3969 676 4009 ante
687 3961 753 4009 Rhe·
780 3960 844 4024 quod
851 3960 925 4022 magia
933 3960 1038 4024 placebat
1046 3961 1154 4009 Grutere
1166 3960 1237 4006 aar.
1248 3961 1302 4006 sut

234 4035 376 4133 rrauuthmq2
388 4036 435 4134 qaue
450 4023 551 4073 deletum
562 4025 660 4138 rzqinrit
671 4025 754 4137 Pigbe-
781 4025 836 4088 Bip
848 4025 1141 4137 ‘eddmuss‘m'ffihivbuff
1150 4022 1302 4134 llillbmllrao

235 4099 347 4224 ¹Ii’l'ucbena,
362 4158 389 4197 ut
404 4099 603 4202 clinnummlixis
613 4098 754 4217 eildlgeriiii
781 4105 910 4203 millam
918 4098 983 4201 ,Mth
995 4091 1059 4200 llbd.
1068 4121 1185 4214 ‘opperitus
1192 4115 1302 4213 ptiriqoi

235 4213 368 4264 hominibus
383 4213 559 4278 distinguantur,
596 4233 637 4265 uos
654 4217 684 4264 ad
699 4219 754 4266 belli
780 4217 1066 4277 realtautlthenmotat.
1094 4217 1124 4263 ln
1132 4214 1184 4263 edd.
1194 4215 1299 4263 Gronov.

234 4277 361 4326 ministeria
376 4278 502 4338 adsumtos,
515 4295 572 4328 mox
604 4279 753 4331 'eitTacitus
780 4282 967 4332 eaverbadeesse
975 4281 1091 4338 dicuntur,
1100 4294 1227 4343 perperam.
1238 4279 1301 4328 Bud.

235 4341 307 4390 Etru.
324 4341 399 4402 Quasi
410 4358 471 4401 vero,
483 4344 505 4390 si
514 4343 574 4392 absit
585 4347 753 4406 Romanorum,
779 4347 903 4394 madente
920 4344 991 4405 hujus
1001 4345 1077 4407 glossa
1084 4345 1143 4392 mibi
1154 4346 1243 4393 videtur
1252 4359 1301 4394 ease

236 4405 321 4455 milites
336 4423 351 4455 a
365 4407 420 4456 lixis
435 4407 546 4472 distingui
561 4420 682 4474 nequeam.
716 4413 753 4460 Ea
776 4412 913 4477 pendebant.
937 4410 1186 4476 Riphocpraeleruut.
