3059 4975
212 234 269 291 264
587 228 885 291 HISTORIARUM
898 250 906 261 ·
1102 233 1150 307 [n.
1161 249 1192 289 u.
1205 235 1272 291 823.

240 394 272 457 ui
287 392 462 459 societatem
477 391 584 457 Civilis
598 406 789 480 acceperant,
804 394 920 459 ductus
939 418 958 459 a
976 393 1099 459 Vocula
1112 396 1274 460 exercitus.

216 418 297 545 lars
311 502 383 545 cum
398 478 557 543 Herennio
573 478 666 543 Gallo
702 480 858 543 ermansit.

263 563 417 629 XXVII.
441 564 537 627 Forte
551 502 774 641 navem,lraud
786 564 896 649 procul
909 565 1025 643 castris,
1036 567 1194 631 frumento
1207 588 1278 651 gra·

219 672 300 729 vem,
320 672 391 713 cum
411 671 466 735 per
487 647 564 711 vada
580 649 726 726 haesisset,
744 650 893 713 Germani
907 651 939 713 in
954 674 1040 715 suam
1060 642 1162 736 ripani
1176 652 1277 714 trahe-

219 738 305 803 bant.
338 734 414 798 Non
429 732 500 797 tulit
513 734 634 812 Gallus,
650 735 795 821 misitque
810 736 947 799 subsidio
957 737 1122 799 cohortem.
1151 739 1277 801 Auctus

220 838 251 887 et
275 822 503 885 Germanorum
533 842 692 898 numerus,
721 820 947 907 paullatimque
974 821 1217 907 adgregantibus
1245 844 1277 885 se

220 905 352 984 auxiliis,
368 906 432 969 acie
446 917 606 969 certatum.
638 906 787 971 Germani
798 906 898 971 multa
905 930 978 971 curn
988 919 1090 991 strage
1101 920 1277 970 nostrorum

220 1012 330 1057 navem
351 990 518 1089 abripiunt.
556 992 641 1055 Victi
665 992 765 1077 (quod
781 998 848 1055 t'um
863 994 895 1055 in
912 1014 1029 1057 morem
1046 996 1193 1073 verterat)
1214 1013 1276 1056 non

221 1099 309 1143 suam
323 1076 490 1162 ignaviam,
506 1076 558 1139 sed
574 1076 732 1162 perfidiam
746 1077 859 1161 Legati
873 1077 1050 1162 culpabant.
1079 1077 1277 1141 Protractum

221 1162 392 1240 etentorio,
404 1163 598 1237 scissareste,
613 1162 772 1225 verberato
782 1184 835 1223 oor
878 1186 920 1236 re,
938 1170 958 1199 “
967 1186 1033 1247 qno
1042 1164 1153 1247 pretio,
1162 1163 1278 1249 quibus

221 1248 359 1325 consciis,
387 1246 572 1333 prodidisset
600 1246 797 1322 exercitum,''
824 1185 925 1311 diere
950 1246 1079 1331 jubent'
1125 1248 1224 1313 Redit
1245 1249 1278 1311 in

221 1332 437 1399 Hordeonium
453 1330 577 1394 invidia.
615 1330 709 1395 lllum
725 1340 912 1395 “auctorem
927 1332 1075 1409 sceleris,''
1091 1333 1174 1396 hunc
1188 1342 1209 1371 ‘⁴
1219 1334 1276 1396 mi-

220 1418 372 1481 nistrum''
386 1430 513 1489 vocant,
530 1416 636 1493 (laneo,
652 1416 781 1479 exitium
797 1417 1010 1481 minitantibus
1018 1417 1195 1492 exterritus,
1204 1441 1277 1504 pro·

221 1502 370 1567 ditionem
384 1514 415 1565 et
429 1502 494 1589 ipse
509 1501 691 1565 Hordeonio
705 1502 835 1589 objecit:
859 1503 1052 1589 vinctusque,
1070 1504 1207 1567 adventu
1222 1504 1277 1567 de·

220 1610 306 1651 mum
324 1589 450 1651 Voculae
472 1587 648 1651 exsolvitur.
693 1590 727 1651 Is
748 1602 870 1673 postera
889 1586 941 1652 die
960 1605 1100 1653 auctores
1120 1588 1278 1654 seditionis

219 1688 319 1738 morte
332 1672 456 1737 adiecit.
493 1675 598 1737 Tanta
618 1672 662 1736 illi
681 1673 829 1737 exercitui
848 1672 1009 1737 diversitas
1027 1675 1125 1737 inerat
1146 1672 1276 1739 licentiae

220 1758 447 1845 patientiaque.
496 1758 595 1822 Haud
619 1757 715 1822 dubie
739 1758 900 1843 gregarius
924 1757 1011 1821 miles
1030 1758 1154 1823 Vitellio
1174 1759 1274 1823 fidus:

220 1842 485 1931 splendidissimus
493 1844 624 1929 quisque
635 1844 666 1906 in
680 1844 906 1930 Vespasianum
916 1844 1024 1929 proni:
1041 1844 1114 1907 inde
1128 1843 1277 1909 scelerum

219 1952 254 1993 au
269 1929 488 2016 suppliciorum
505 1928 594 2005 vices,
610 1942 641 1991 et
655 1929 772 1994 mixtus
785 1930 934 2016 obsequio
949 1930 1053 2003 furor;
1079 1942 1115 1993 ut
1128 1931 1276 1996 contineri

219 2036 282 2077 non
297 2027 432 2099 possent,
447 2016 503 2101 qui
516 2015 620 2101 puniri
635 2029 786 2102 poterant.

230 2148 233 2153 -
263 2101 435 2165 XXVIII.
451 2104 498 2165 At
509 2100 637 2163 Civilem
648 2101 792 2165 inmensis
802 2100 945 2165 auctibus
954 2102 1097 2166 universa
1105 2102 1276 2167 Germania

219 2186 397 2265 extollebat,
408 2187 549 2251 societate
563 2186 758 2253 nobilissimis
766 2186 911 2251 obsidum
921 2187 1052 2250 firmata.
1082 2187 1149 2265 Ille,
1163 2202 1200 2251 ut
1212 2188 1277 2263 cui-

219 2295 281 2357 que
294 2272 482 2357 proximum,
501 2278 522 2308 “
533 2272 645 2335 vastari
656 2272 755 2337 Ubios
765 2274 992 2357 Treverosque,
1007 2272 1139 2336 etaliam
1148 2295 1276 2337 manum
1372 2342 1382 2361 .

220 2358 344 2427 Mosam
360 2378 481 2419 amnem
497 2358 642 2421 transire''
662 2358 764 2443 jubet,
782 2366 850 2421 “ut
861 2358 1026 2444 Menapios
1041 2371 1071 2422 et
1082 2359 1225 2423 Morinos
1242 2373 1274 2421 et

219 2458 357 2548 extrema
376 2441 550 2508 Galliarum
569 2446 737 2530 quater'et.”
781 2448 873 2510 Actae
893 2442 1060 2531 utrobique
1073 2444 1206 2531 praedae;
1230 2444 1276 2508 in·

250 2643 344 2690 Auctor
355 2650 377 2690 et
385 2646 464 2694 Germ.
478 2645 602 2706 catharrus]
613 2643 674 2690 aad.
684 2643 733 2690 Pu·
761 2656 791 2688 ne
811 2641 895 2697 dicam
917 2641 1036 2688 immenso.
1065 2640 1140 2689 bros.
1168 2643 1276 2692 Picbenae

218 2707 527 2766 contaminaremus:
540 2707 594 2754 item
606 2710 734 2754 moxarri-
760 2704 920 2752 correctionem
948 2718 1028 2752 ornnes
1057 2714 1134 2768 postea
1163 2717 1187 2753 re
1266 2742 1273 2756 .

213 2771 621 2834 piant,quodestetiarninestpr-
646 2770 733 2820 Ceterae
761 2769 841 2817 Recte.
861 2769 958 2816 Actibus
974 2768 1025 2816 edd.
1041 2784 1120 2818 omnes
1140 2780 1194 2818 aute
1233 2775 1276 2837 ips.

217 2834 272 2883 inde
283 2852 297 2882 a
308 2837 386 2884 Rhen.
396 2838 421 2896 (e
428 2836 503 2890 Buri)
511 2851 591 2883 omnes
602 2837 731 2898 abripiunt,
762 2837 838 2882 Actus
849 2841 972 2893 etractus,
987 2844 1014 2880 ut
1026 2835 1077 2898 ipsa
1089 2837 1159 2883 verba
1168 2851 1238 2897 ogero
1252 2848 1275 2886 et

218 2901 371 2948 consentiente
385 2900 462 2949 Guelf.
479 2901 549 2949 Eun.
574 2899 637 2948 nuc.
650 2908 732 2948 auctus
761 2913 857 2959 augore,
870 2913 930 2960 sepe
943 2899 967 2944 in
981 2898 1046 2946 libris
1058 2900 1239 2960 confunduntur,
1251 2919 1273 2950 v.

199 2969 251 3010 aa
761 2963 881 3010 Drakenb.
897 2961 926 3008 ad
940 2962 994 3010 lriv.
1008 2964 1033 3022 4,
1047 2966 1071 3010 2.
1083 2965 1124 3023 21,
1138 2965 1177 3012 ol.
1209 2965 1275 3014 Bene

251 3029 287 3077 Aa
299 3031 400 3078 Civilem
411 3032 563 3094 immensum]
577 3031 665 3077 Locum
674 3038 732 3076 recte
761 3025 902 3088 cottrpararit
911 3026 1101 3076 AcidaIIusVelL
1114 3031 1138 3085 2,
1150 3030 1189 3077 40.
1205 3031 1275 3093 hujus

218 3092 414 3157 itapurgavimus,
422 3109 475 3142 cum
485 3095 604 3156 legeretur,
612 3096 733 3140 immensu
761 3093 810 3136 oiri
819 3092 951 3153 fintighuu
967 3094 1040 3139 taath
1056 3095 1163 3140 ananus
1172 3095 1275 3156 fortium

218 3159 400 3220 actibuavulgo·
418 3157 730 3207 lucorumerataurtihur:
760 3157 862 3203 extulit:
890 3171 990 3218 ususque
1013 3172 1039 3204 eo
1061 3159 1131 3206 verbo
1155 3157 1276 3222 aliquoties

209 3220 570 3284 ,mnodolphicodioetaudttas
585 3221 731 3279 Quaeomnes
761 3218 849 3275 Ianus,
861 3220 922 3268 utll.
935 3235 966 3268 cc.
984 3220 1057 3268 Eun.
1074 3222 1104 3269 In
1115 3223 1189 3270 verbis
1200 3223 1274 3287 Lipsii
1292 3245 1294 3249 ¹

218 3283 680 3349 esternaetaddititiaevoces,prolibito
691 3293 735 3334 ex:
759 3284 784 3331 in
799 3292 897 3348 unaque
918 3285 1017 3334 editione
1038 3285 1142 3346 Ernesti,
1164 3287 1237 3334 immo
1252 3296 1276 3335 et

217 3348 338 3412 plentiuna
367 3348 732 3398 AturihiVaticanusillebonus
761 3356 858 3412 utroque
881 3350 1058 3409 Gronovioruna
1081 3351 1166 3398 ultima
1186 3351 1275 3413 phrasis

218 3415 278 3462 bene
294 3414 392 3477 preivit,
410 3414 451 3476 qui
468 3413 532 3476 legit,
547 3417 665 3464 immensis
676 3418 731 3462 uat-
761 3413 857 3476 turpiter
874 3422 977 3462 tmncata
989 3414 1028 3461 hle
1043 3430 1058 3460 a
1069 3429 1108 3462 me
1120 3423 1155 3462 est
1164 3415 1275 3464 testinata.

219 3493 285 3526 verra
308 3481 389 3528 Gerra
423 3477 463 3526 Ex
482 3494 529 3542 quo
546 3479 647 3542 phrasim
666 3479 733 3528 facile
761 3477 823 3524 Bud.
832 3480 951 3526 immensis
961 3479 1060 3540 ombus,
1069 3479 1153 3526 vitiose
1171 3479 1275 3529 Faernus

219 3543 625 3592 encuirauuasulusuonoam.
648 3544 733 3592 Noster
761 3541 972 3604 regenerantibus.

219 3607 251 3654 A.
259 3608 283 3666 ³,
291 3609 330 3656 30.
347 3609 733 3670 'opumqaaquudamasuatm-
798 3607 910 3654 Transire
920 3608 1000 3670 jubet]
1019 3607 1131 3665 Faernus,
1144 3607 1276 3669 Acidalius,

219 3686 326 3718 nuatum
348 3675 435 3734 rigati,
453 3677 549 3735 primus
566 3673 732 3721 accumulatur.
762 3669 867 3719 Freinsh.
878 3672 993 3733 corrigtmt
1003 3672 1112 3729 transtri,
1123 3681 1165 3719 aut
1174 3674 1276 3721 antam

220 3735 443 3792 Sallustius3.,Hist.
451 3737 555 3800 apNon.
566 3738 636 3796 1,83.
647 3739 733 3798 Neque
762 3749 865 3782 amaena
895 3735 1009 3782 Excuseri
1021 3734 1143 3797 vulgatum
1159 3745 1277 3802 utcunque

214 3803 268 3862 jour
279 3802 734 3863 sustineripoterunt‚immensumeucto
762 3807 844 3862 potest,
862 3801 882 3847 si
896 3798 1012 3862 intelligas
1027 3801 1108 3848 Duces
1124 3804 1274 3865 populerunt.

220 3865 283 3910 nturi
294 3871 316 3911 et
327 3873 394 3912 uento
401 3868 519 3926 gliscente.
548 3865 733 3914 Nectamenab-
762 3863 824 3911 Mox
841 3871 945 3924 quateret
958 3863 1031 3912 MSS.
1052 3864 1127 3922 (Flor.
1140 3867 1200 3930 Agr.
1214 3867 1274 3928 Iteg.

220 3926 289 3975 surde
300 3928 369 3976 etiarn
379 3930 501 3992 scripseris,
512 3933 649 3978 amnicarum
660 3945 734 3992 quaar-
763 3928 837 3989 lull.)
856 3928 908 3976 edd.
924 3937 980 3978 vett.
996 3936 1050 3976 aute
1062 3929 1139 3978 Rhea.
1156 3930 1200 3978 nisi
1212 3930 1275 3993 quod

221 4000 281 4040 tam.
313 3992 377 4041 Nam
389 3993 501 4042 Vaticano
511 4005 570 4042 certe
580 3996 681 4058 spat-ium
692 3996 733 4043 oh·
762 3992 1277 4055 prinaritioseqaoererctrreier.odmaaum.

220 4057 282 4120 quad
298 4065 350 4121 post
366 4071 416 4105 earn
433 4073 512 4110 vocem
528 4069 568 4119 est,
586 4060 651 4123 quasi
664 4061 734 4108 altera
764 4057 891 4108 Rhenanus
906 4059 1003 4107 mtrexit
1020 4062 1043 4112 (e
1053 4058 1129 4117 nun)
1145 4064 1275 4120 quaterent,

220 4121 296 4170 defiat.
329 4121 437 4170 Pichena
449 4123 543 4185 quidem
556 4125 645 4186 placere
658 4125 732 4183 adeo,
762 4122 1154 4186 quodomnesseeutisuntusque
1168 4121 1276 4186 adRyc-

219 4187 581 4235 exulentmmensaanetam:
594 4188 732 4250 quotlinter·
762 4185 836 4234 Isium.
864 4188 935 4235 Ena.
971 4186 1036 4250 Lego
1056 4201 1110 4235 cum
1131 4187 1236 4235 Freinsh.
1252 4196 1276 4236 et

219 4259 330 4313 pretatur,
353 4261 446 4300 suctum
464 4252 530 4298 valde
547 4251 633 4299 viribus
652 4253 733 4314 copiis-
762 4249 1017 4313 Bip.ah'ammoaam.
1040 4250 1200 4300 SoletinlllS.
1208 4252 1275 4300 codd.
1304 4295 1308 4302 .

219 4315 439 4388 que‚aG·ermanis.
467 4315 501 4362 Ut
512 4315 609 4378 quisque
620 4316 693 4362 volet:
709 4325 733 4364 at
762 4315 846 4363 lineola
857 4315 982 4364 admsativi
992 4315 1156 4364 indexomitti.
1171 4317 1277 4380 Ryckius
1358 4319 1365 4337 ¹

219 4380 291 4426 nmria
303 4395 345 4442 pro
356 4395 381 4428 re
394 4389 417 4428 et
430 4393 483 4428 vero
496 4380 536 4426 illa
550 4380 634 4427 locutio
645 4380 674 4427 sit
686 4383 730 4427 im.
761 4381 911 4431 subaudiebat
932 4396 985 4428 suas
1006 4391 1030 4429 et
1051 4375 1113 4443 vulg.
1135 4391 1209 4430 serrat
1227 4384 1275 4428 alhs

219 4446 303 4488 mensis
313 4446 425 4491 auctibus.
448 4443 497 4494 Ubi
508 4443 557 4492 hac
568 4451 615 4492 tam
626 4446 729 4508 magna?
761 4457 840 4493 marra.
