3059 4975
203 288 357 361 netu]
585 284 665 343 nie.
685 284 710 342 1.
733 284 824 343 cer.
846 288 894 343 sa.
1239 294 1278 357 ⁴7

202 452 313 519 Prima
323 448 434 526 militia
443 449 579 526 infamis,
591 450 748 534 Legatum
758 446 930 512 Calvisium
943 447 1095 513 Sabinum
1104 450 1274 520 habuerat:

200 540 294 604 cu'us
304 560 395 615 uxor,
407 535 489 601 mala
496 534 644 623 cupidine
654 533 773 598 visendi
787 532 879 598 situm
892 547 1074 613 castrorum,
1086 553 1276 635 pernoctem

201 562 329 689 ruditati
349 622 460 686 habitu
482 621 629 708 ingressa,
645 643 717 685 cum
731 619 853 706 vigilias
867 632 899 683 et
912 634 1014 683 cetera
1032 620 1151 687 mihtiae
1166 628 1277 691 munia

203 710 312 775 eadem
333 708 459 773 lascivia
473 720 620 772 tentasset
633 708 666 770 in
695 706 771 793 ipsis
791 705 950 793 principiis
972 716 1116 793 stuprum
1130 732 1223 775 ausa:
1247 726 1278 776 et

202 795 339 861 criminis
359 794 456 882 hujus
477 817 550 858 reus
572 796 614 857 T.
630 793 747 856 Vinius
765 793 966 878 arguebatur.
1012 793 1117 879 Igitur
1144 818 1219 860 ussu
1236 799 1276 865 C.

204 882 336 947 Caesaris
348 892 494 945 oneratus
505 881 629 958 catenis,
639 901 725 957 mox,
734 879 906 943 mutatione
917 891 1106 965 temporum,
1118 818 1276 963 dimissus,

201 992 296 1033 cursu
317 969 472 1032 honorum
493 966 653 1043 inoffenso,
669 964 783 1051 legioni
804 979 876 1051 post
890 966 1066 1027 Praeturam
1088 968 1276 1052 praepositus

202 1056 434 1141 probatusque:
458 1052 560 1117 servili
573 1052 719 1137 deinceps
740 1052 856 1136 probro
870 1071 1029 1136 respersus
1043 1064 1100 1129 est,
1116 1064 1276 1139 tamquam

204 1142 358 1228 scyphum
382 1162 512 1204 aureum
535 1140 568 1202 in
590 1138 732 1202 convivio
749 1135 876 1201 Claudii
897 1136 1038 1199 furatus:
1068 1150 1100 1201 et
1121 1137 1276 1205 Claudius

202 1241 327 1313 postera
339 1226 391 1289 die
404 1225 460 1289 soii
474 1226 614 1289 omnium
626 1222 724 1288 Vinio
736 1222 883 1287 fictilibus
897 1220 1065 1288 ministrari
1075 1224 1178 1310 jussit.
1214 1226 1277 1291 Sed

203 1312 320 1377 Vinius
333 1311 560 1376 Proconsulatu
571 1309 706 1376 Galliam
718 1310 958 1374 Narbonensem
973 1330 1078 1372 severe
1091 1310 1276 1398 integreque

203 1400 303 1462 rexit:
327 1422 402 1462 mox
418 1397 531 1463 Galbae
550 1396 684 1461 amicitia
700 1397 733 1460 in
747 1397 918 1483 abruptum
940 1406 1068 1473 tractus,
1083 1394 1199 1475 audax,
1215 1397 1277 1461 cul-
1349 1436 1352 1443 ,

201 1484 298 1562 lidus,
314 1497 466 1570 promtus,
487 1498 529 1559 et,
545 1496 641 1570 prout
654 1483 793 1546 animum
813 1480 1008 1557 intendisset,
1023 1502 1140 1569 pravus
1159 1496 1215 1547 aut
1228 1483 1276 1547 in·

204 1570 356 1647 dustrius,
379 1570 487 1634 eadem
510 1568 550 1631 vi.
595 1570 835 1633 Testamentum
859 1571 902 1634 T.
926 1566 1026 1646 Vinii,
1057 1568 1276 1654 magnitudine

202 1678 311 1743 opum,
340 1655 478 1719 inritum.
524 1654 646 1719 Pisonis
674 1676 851 1741 supremam
880 1650 1077 1719 voluntatem
1107 1668 1277 1743 paupertas

205 1742 349 1808 firmavit.

205 1912 342 1972 muriam,
356 1922 488 1977 paternum.
519 1914 587 1962 Nam
600 1914 725 1978 reperiam
756 1914 961 1971 emanassent,
974 1918 1150 1973 etruscasque
1160 1916 1276 1962 amenus

205 1977 283 2027 Dione
297 1978 339 2037 tt,
351 1978 374 2034 7.
389 1979 421 2026 Τ.
432 1979 533 2028 Vinium
547 1978 700 2043 proscriptum
711 1994 726 2025 n
756 1978 879 2039 quisquam
892 1978 938 2031 vir,
950 1984 972 2023 et
984 1977 1108 2025 Remum
1119 1984 1142 2025 et
1152 1980 1227 2034 mike,
1238 1981 1277 2027 si·

205 2042 355 2101 Triumviris,
371 2051 394 2091 et
407 2043 468 2091 mira
481 2043 527 2091 fide
542 2052 613 2107 atque
629 2053 681 2089 astu
696 2044 726 2089 ab
757 2042 834 2087 mlum
840 2041 944 2105 pudicae
953 2043 994 2099 stt,
1003 2042 1276 2105 apudquemanteprtn-

205 2122 278 2155 uxore
294 2105 398 2155 Tanusia
413 2117 537 2157 servamm.
570 2107 632 2155 Fieri
645 2116 725 2155 autem
756 2104 998 2167 septuagesimae.
1031 2104 1279 2181 Haecprineipiesta·

205 2179 288 2235 potest,
301 2179 329 2218 ut
336 2171 409 2233 hujus
419 2174 457 2221 avi
468 2174 511 2221 etsi
524 2173 624 2221 materni
639 2185 724 2219 numen
756 2169 812 2227 tius,
821 2167 1194 2229 etu'inrellreeacircumscribrt
1201 2171 1276 2220 Theb.

205 2236 338 2299 sumpserit,
362 2245 508 2299 testamenta,
535 2253 566 2287 an
592 2236 722 2301 adoptione.
758 2234 798 2295 10,
810 2234 865 2289 176.
894 2235 994 2281 Ventum
1005 2234 1036 2280 ad
1046 2236 1140 2282 emollit
1146 2237 1276 2298 penetrate,

206 2302 283 2349 lues.
756 2300 1031 2361 domumquevereadam
1046 2300 1186 2361 Stgaaram.
1201 2299 1277 2349 hies.

240 2368 453 2428 Gujesuearmata
461 2368 583 2431 cupidine]
599 2366 726 2415 Histariola
757 2363 867 2411 Ceterum
894 2371 1016 2411 conuxtns
1043 2362 1133 2412 ridetur
1159 2365 1277 2427 postulare

204 2430 673 2494 receptansonemmremecausa,
686 2432 725 2481 ia
751 2443 832 2490 pam·
866 2428 931 2475 Nam
944 2434 1055 2490 ,nm
1068 2428 1234 2486 mucium
1251 2430 1277 2478 id

205 2501 336 2550 Καλουίσιος
349 2497 371 2542 di
388 2498 474 2553 Σαὸῖιος
490 2498 510 2542 ἔν
526 2517 552 2544 τι
569 2500 615 2551 τοῖς
631 2499 726 2560 πρώτοις
755 2493 913 2550 1111111,ωᾶ81
920 2508 980 2552 maa,
988 2493 1183 2557 petiturfeminas
1196 2503 1277 2560 eatque

205 2559 384 2618 τῆςβουλῆςῶι,
394 2561 430 2608 καὶ
442 2563 495 2609 τότε
507 2563 530 2608 ln
542 2564 584 2616 τῆς
594 2563 613 2608 is
625 2562 656 2628 sq*
667 2569 725 2607 [tar-
756 2557 786 2606 de
804 2557 871 2606 Vinii
889 2558 986 2606 crimine
1003 2573 1079 2606 sermo
1101 2559 1187 2621 potius,
1205 2576 1278 2624 quam

205 2624 581 2688 ιον1ᾳᾶρχῆςὶφιγμίιις,ἥτεγυιὴ
595 2629 725 2689 αὐτοῦΚορ-
756 2622 856 2670 feminae.
889 2622 923 2672 Et
944 2621 977 2670 sic
995 2624 1065 2670 etiam
1084 2623 1174 2672 videtin
1195 2625 1278 2688 legisse

147 2688 150 2691 ’
206 2690 725 2754 mniaypape'mc(xaipaginalemdmuulte-
756 2687 903 2736 Plutarchus.
935 2687 1067 2750 vulgatum
1083 2688 1276 2751 intelligendum

206 2753 248 2807 κάς
260 2772 286 2799 τε
305 2751 442 2817 ἰφιδειίσασα
460 2754 496 2800 uui
515 2754 566 2809 scic
583 2756 726 2817 στρατιώτας
756 2762 864 2818 stuprum
879 2752 928 2816 pati
940 2767 1004 2800 ausa
1022 2754 1072 2800 ·Et
1084 2753 1192 2814 objicitur
1204 2753 1277 2802 inter·

206 2815 330 2872 ἀσκοῦντας
346 2819 430 2875 idaiae,
444 2818 603 2882 steteritque)
617 2817 725 2884 οὐχ’ὑπί-
756 2818 814 2864 dum
834 2817 904 2864 etiam
919 2817 1012 2863 feminis
1033 2827 1147 2882 stuprum·
1183 2818 1276 2866 Perizo-

205 2897 278 2937 μειιαι
288 2884 328 2936 τὴν
340 2884 420 2945 κρίσιν,
432 2881 486 2928 ἄλλ’
498 2883 587 2934 ἑαυτοὺς
597 2884 727 2944 προανάλω·
756 2883 810 2928 nius
826 2896 894 2944 porro
908 2881 938 2928 (le
953 2881 1050 2930 Praetor.
1064 2897 1088 2945 p.
1099 2883 1140 2937 57.
1151 2897 1170 2930 s.
1182 2897 1230 2930 non
1245 2883 1275 2930 ad

208 2960 257 2991 σαι.
270 2946 348 2994 lues.
378 2947 418 2994 De
432 2944 534 2996 Cdvisio
547 2961 571 2994 v.
583 2955 607 2994 et
619 2947 673 2994 Seu.
689 2961 726 3009 ep.
756 2945 900 2993 sanctitatem
917 2945 961 2992 loci
978 2945 1038 2992 dicta
1056 2946 1133 3004 refert,
1153 2961 1223 3009 quam
1245 2947 1276 2995 ad

206 3008 246 3062 27.
256 3011 379 3069 tamnu,
389 3011 407 3058 i.
417 3027 438 3060 e.
449 3014 492 3061 sub
503 3027 531 3060 eo
540 3010 687 3060 militaverat.
757 3010 910 3074 frequentiam
929 3008 1061 3068 hominum,
1078 3025 1132 3073 quse
1150 3009 1183 3056 ibi
1202 3020 1274 3058 esset:

246 3077 339 3124 Eadem
362 3077 460 3124 ἱαιοίυὶα
483 3075 603 3137 tentasset]
637 3075 727 3140 Regius
757 3075 820 3122 unde
837 3074 974 3138 magnitudo
992 3073 1143 3137 impudentiae
1160 3073 1276 3138 intellige-

207 3139 727 3204 (Bud.)codex,temperaaset‚exquoltheu.
756 3149 802 3188 tur.
835 3140 960 3187 Enimvero
974 3153 1010 3187 res
1028 3147 1098 3187 noctu
1114 3139 1176 3186 facts
1192 3147 1235 3197 eet,
1253 3147 1277 3188 et

206 3209 347 3254 unerasset.
363 3206 440 3254 lues.
473 3205 640 3253 Οεωιὶοιιιιιω
649 3213 727 3253 ser.st
757 3203 859 3254 criminis
881 3205 978 3252 rubum
1001 3203 1084 3266 Ieipsio
1105 3204 1183 3268 potius
1204 3203 1275 3253 taret.

206 3267 258 3315 edd.
277 3277 436 3333 temperasset.
470 3270 549 3319 Rhen.
569 3271 725 3330 conjecturam
757 3270 829 3318 Bau·
865 3271 983 3332 &mum
1006 3284 1064 3317 aare
1088 3269 1163 3318 nolim
1184 3279 1277 3318 mutare

205 3333 291 3398 recepit
301 3336 407 3384 Freinsh.
439 3335 491 3385 Alii
505 3341 616 3384 tentasset
626 3334 724 3382 edidere.
757 3347 812 3381 cum
822 3333 878 3397 Bip.
912 3333 1068 3396 Significatu,
1081 3349 1216 3400 provocasse
1226 3343 1276 3383 stu·

206 3395 271 3445 Illud
287 3399 389 3448 defendit
400 3401 511 3448 Heinsius
525 3399 557 3447 etl
566 3399 630 3448 Vell.
644 3401 669 3458 2,
684 3400 725 3447 611.
756 3411 835 3461 pmm,
847 3399 909 3460 quod
920 3413 949 3445 ss
960 3399 1065 3462 adposita
1075 3401 1172 3446 macta
1182 3408 1253 3462 patet.

205 3462 247 3510 ubi
256 3463 287 3511 de
296 3465 430 3513 confusione
439 3465 523 3513 hurum
533 3464 727 3513 verbummride.
796 3463 896 3526 Auden,
915 3465 1020 3519 callidus,
1034 3463 1155 3526 promtus]
1178 3463 1204 3511 J.
1217 3463 1278 3510 Gre-

206 3525 280 3576 une.
311 3529 368 3577 Non
379 3530 580 3587 dubita‚iuBud.
589 3530 670 3578 vitiose
679 3529 725 3592 legi
756 3528 840 3575 novius
857 3543 871 3575 e
886 3527 950 3575 mor.
967 3527 1039 3576 edidit
1057 3529 1155 3576 calidas.
1189 3526 1240 3591 (Sic
1253 3539 1277 3576 st

206 3595 357 3654 temperasset
365 3611 407 3658 pro
418 3602 558 3658 teneptssset,
574 3603 602 3642 ut
612 3595 669 3642 alias
681 3593 725 3640 lsa-
757 3592 830 3651 Bud.)
865 3594 964 3642 Calidas
984 3601 1007 3640 et
1026 3595 1105 3640 cudae
1124 3607 1179 3640 saue
1196 3601 1219 3641 et
1237 3590 1282 3656 ap(

206 3656 252 3703 bet
286 3658 385 3721 Repono
404 3674 459 3723 ergo
476 3661 607 3724 vulgetum.
641 3658 680 3706 Sic
701 3666 725 3706 et
757 3657 852 3705 Livium
861 3658 994 3721 junguntur
1004 3657 1045 3718 35,
1054 3660 1092 3706 32.
1100 3658 1142 3706 ubi
1152 3667 1174 3706 v.
1184 3657 1275 3706 Duker.

206 3719 638 3788 Bip.1psequoqueRhen.servsrat
661 3723 726 3772 Cau·
757 3732 781 3771 et
795 3723 867 3770 (iren.
883 3723 1094 3787 permiscenturque
1110 3739 1171 3788 sape
1185 3724 1277 3770 cellesis

205 3792 241 3832 tra
252 3787 329 3850 Ryck.
340 3789 407 3837 Bret.
419 3789 480 3838 Iall.
491 3790 586 3839 Dottev.
596 3797 726 3853 sequuntm
757 3795 781 3836 et
791 3789 897 3836 callidas.
921 3789 967 3836 Sed
977 3788 1100 3850 vulgatum
1112 3788 1209 3849 oemavi,
1220 3788 1277 3854 quis

206 3847 399 3902 Freinshcsrsium.
757 3867 838 3904 omnes
859 3853 899 3904 alii
918 3853 973 3902 libri
993 3851 1079 3902 habent
1101 3855 1210 3904 callidas.
1242 3853 1276 3902 Et

237 3917 270 3963 In
287 3919 347 3978 ipsis
360 3918 503 3981 principiis]
528 3919 670 3968 Plutarchus
684 3933 726 3966 ex.
758 3919 838 3965 aedae
854 3925 924 3982 etque
943 3919 1042 3966 callidas
1060 3920 1119 3967 bene
1135 3920 1276 3982 junguntur,

206 3981 288 4041 pressit
301 3982 380 4031 Galba
399 3984 437 4030 12.
456 3985 492 4030 uel
510 3984 623 4047 διέφθιιρη
641 3986 660 4030 ἓν
678 3988 726 4036 τοῖς
757 3983 814 4046 quia
827 3995 874 4030 non
891 3997 971 4031 munes
988 3983 1085 4032 audate!
1103 3983 1175 4032 iidem
1189 3983 1276 4041 1111111111,

207 4045 313 4108 ἀρχαίοις,
332 4048 347 4094 d
370 4050 486 4109 πριγκίπια
503 4051 605 4108 Ῥωμαῖοι
624 4052 726 4097 καλοῦσι.
757 4062 799 4095 net
809 4061 889 4096 ornnes
904 4047 1194 4097 callidittutimaudaoea:
1211 4048 1278 4096 timi·

207 4106 324 4176 Principia
333 4121 413 4160 nuum
423 4128 495 4175 saera,
504 4112 592 4178 quiain
603 4113 726 4178 iisaquilze
756 4127 803 4176 que
820 4120 844 4160 et
858 4113 909 4160 aliis
927 4113 983 4160 locis
1001 4113 1181 4178 duplicationem
1199 4112 1277 4160 litera·

207 4173 312 4238 etsigrra,
327 4177 353 4224 id
367 4186 410 4236 est,
422 4175 465 4224 Dii
478 4177 596 4226 militares.
627 4179 725 4228 Senten-
756 4177 1070 4244 ruminillocodicenegligi
1078 4178 1187 4227 vidimus.
1203 4177 1276 4224 Ean.

205 4237 262 4286 tiam
277 4257 307 4288 ex
323 4241 404 4290 cadem
420 4257 445 4290 re
460 4243 633 4303 Quinctilianus
649 4243 724 4307 petiit,
758 4243 866 4291 Callidus
879 4242 905 4291 in
916 4243 989 4292 Gran.
1000 4243 1054 4291 edit.
1066 4243 1159 4307 legitur,
1170 4241 1229 4288 torte
1240 4238 1277 4284 iu·

206 4317 248 4365 pro
261 4304 341 4354 Milite
356 4309 413 4354 c.2.
447 4310 494 4357 Sed
508 4323 581 4370 neque
596 4311 639 4356 too
649 4310 724 4356 Mara
755 4307 820 4356 curia
830 4323 961 4372 operarum
992 4307 1097 4356 Iand.
1107 4303 1275 4356 maxetinmt·

203 4382 298 4429 parens,
317 4386 359 4418 nse
377 4373 448 4434 tigna
463 4375 582 4431 militaria
594 4375 724 4436 equum
755 4373 796 4420 tl.
809 4381 844 4422 est
856 4375 930 4423 calide
940 4387 983 4436 pro
993 4373 1083 4420 salim
