3059 4975
271 290 304 330 n.
319 290 347 333 c.
359 272 426 347 ro]
639 264 718 328 nna
738 268 797 328 nn·
816 264 909 338 car.
928 268 979 330 τι.
1272 272 1329 331 sn

176 485 179 491 .
270 435 378 515 niteat,
403 430 466 498 non
489 454 531 511 se,
556 434 652 521 quem
675 430 807 519 perfidia
829 424 997 519 deceperit,
1015 429 1100 495 terso
1117 441 1247 517 peteret,
1272 452 1343 502 nors.

257 518 371 585 ‚sfilium
385 518 574 605 Vespasiani,
589 518 643 582 vix
656 519 824 617 puberem:
847 529 1015 604 quantum,
1026 516 1135 614 gccisis
1145 540 1210 581 uno
1220 537 1293 582 sene
1305 531 1339 584 et

272 628 337 671 uno
352 606 479 692 juvene,
498 604 631 692 profici?
656 602 715 668 net
736 604 861 667 obviam
881 601 1072 691 legionibus:
1102 616 1134 666 et
1155 602 1343 669 desummo-

271 709 376 756 rerum
385 690 447 754 illic
457 702 605 755 certaret:
621 690 722 753 cetera
731 688 902 753 secundum
914 700 1062 753 eventum
1073 686 1176 775 proelii
1187 692 1338 755 cessura”

273 776 434 865 Trepidus
448 772 489 840 ad
502 777 569 840 haec
584 774 728 840 Vitellius
734 775 842 861 'pauca
855 772 1012 861 purgandi
1027 773 1076 837 sui
1092 796 1201 838 caussa
1213 789 1339 861 respon-

272 862 329 943 dit,
352 862 477 949 oulpam
501 864 566 925 “in
588 860 935 939 militem”'ronferens,
967 860 1093 946 “cujus
1115 859 1212 923 nimio
1235 860 1340 925 ardori

271 944 412 1035 inparem
426 970 491 1011 esse
504 946 686 1011 modestiam
701 946 820 1010 suam.”
863 947 909 1009 Et
922 944 1044 1010 monuit
1059 944 1249 1025 Martialem,
1273 954 1293 983 “
1303 959 1340 1011 ut

272 1058 329 1135 per
354 1044 501 1098 secretam
526 1032 642 1097 aedium
664 1044 785 1119 partem
810 1031 929 1096 occulte
951 1030 1061 1108 abiret,
1083 1053 1124 1095 ne
1146 1054 1166 1095 a
1187 1032 1341 1098 militibus

273 1118 482 1184 mternuntius
498 1118 605 1183 invisae
624 1118 707 1205 pasis
726 1118 950 1181 interficeretur
959 1118 986 1179 :”
1006 1116 1074 1203 ipse
1090 1138 1192 1202 neque
1206 1118 1341 1203 jubendi

274 1228 376 1293 neque
389 1204 514 1292 vetandi
534 1218 654 1293 potens,
677 1202 824 1295 nonpjam
844 1203 1029 1290 Imperator,
1053 1200 1107 1265 sed
1125 1214 1248 1266 tantum
1266 1202 1340 1268 belli
1426 1285 1432 1296 ¹

274 1314 391 1369 caussa,
407 1302 482 1357 erat.
874 1313 877 1317 ·
1266 1300 1269 1303 ⁴

317 1378 467 1443 LXXL
487 1373 549 1441 Vix
564 1376 642 1440 dum
654 1376 794 1461 regresso
807 1375 841 1438 iu
856 1373 1036 1462 capitolium
1057 1362 1215 1453 Martiale,
1233 1376 1343 1441 fruens

173 1532 179 1539 .
274 1462 362 1527 miles
383 1462 501 1541 aderat,
520 1460 608 1529 nullo
622 1463 730 1525 Duce:
755 1461 813 1525 sibi
832 1461 966 1547 quisque
987 1466 1112 1525 auctor:
1136 1460 1198 1531 cito
1218 1462 1342 1548 agmine

274 1548 379 1611 forum
399 1558 430 1611 et
452 1547 632 1611 inminentia
654 1547 723 1611 foro
745 1557 808 1610 tem
831 1546 863 1609 la
884 1544 1077 1633 praetervecti
1097 1546 1224 1633 erigunt
1244 1546 1341 1611 aciem

314 1657 331 1697 r
344 1633 509 1697 adversum
524 1633 643 1711 collem,
662 1655 763 1719 usque
777 1570 832 1696 ad
832 1632 949 1719 primas
967 1630 1141 1718 capitolinae
1157 1631 1239 1700 arcia
1248 1632 1341 1701 fores.

274 1656 378 1784 iderant
392 1718 564 1804 antiquitus
578 1718 716 1807 porticus
729 1718 762 1781 in
777 1717 872 1781 latere
886 1717 968 1796 clivi,
982 1717 1103 1781 dextrae
1116 1716 1351 1783 subeuntibust‘

276 1806 309 1869 in
323 1826 458 1893 quarum
477 1816 593 1869 tectum
613 1803 726 1891 egressi
746 1803 828 1868 saxis
846 1803 1020 1891 tegulisque
1034 1802 1219 1867 Vitellianos
1231 1803 1343 1878 obrue-

276 1892 361 1955 bant.
400 1890 513 1976 Neque
532 1890 592 1953 illis
611 1912 733 1967 manns,
752 1889 811 1953 nisi
830 1888 953 1975 gladiis,
972 1882 1118 1953 armatae:
1140 1899 1173 1951 et
1191 1911 1342 1954 arcessere

277 1986 439 2053 tormenta,
459 1988 515 2039 aut
533 1974 658 2039 missilia
679 1974 750 2053 tela,
770 1973 901 2060 longum
916 1973 1100 2037 videbatur:
1123 1972 1205 2037 faces
1222 1972 1256 2037 in
1270 1997 1343 2061 pro-

276 2062 442 2125 minentem
457 2062 611 2147 porticum
624 2061 743 2147 jecere:
766 2072 798 2125 et
808 2059 1018 2147 sequebantur
1030 2058 1154 2145 ignem3
1172 2059 1344 2140 ambustas·

277 2171 339 2235 que
352 2147 493 2233 capitolii
514 2146 595 2211 fores
614 2159 835 2233 penetrassent,
854 2146 887 2211 ni
906 2144 1039 2209 Sabinus
1052 2143 1190 2208 revulsas
1203 2144 1343 2232 undique

278 2245 403 2309 statuas,
422 2232 533 2296 decora
547 2233 711 2320 majorum,
727 2232 760 2295 in
773 2232 842 2319 ipso
860 2230 959 2309 aditu,
979 2230 1046 2294 vice
1059 2228 1153 2309 muri,
1172 2229 1353 2317 objecisset.

280 2321 368 2384 Tum
380 2318 518 2383 diversos
530 2318 667 2407 capitolii
680 2317 785 2383 aditus
800 2317 965 2397 invadunt,
980 2317 1075 2405 juxta
1088 2315 1196 2380 lucum
1209 2315 1298 2402 asyli,
1311 2329 1344 2380 et

277 2492 347 2541 modo
364 2500 405 2540 aut
419 2509 433 2540 a
448 2492 531 2541 Tacito
544 2507 593 2541 esse
608 2499 691 2556 potest.
721 2493 794 2541 Ean.
827 2499 905 2556 septas
923 2492 1109 2542 amanam
1127 2490 1265 2540 interdum
1281 2492 1344 2538 lacos

278 2557 396 2614 Particula
419 2557 578 2606 conditionalis
604 2571 658 2604 rum
684 2565 796 2622 prasente
827 2564 868 2606 est.
892 2557 965 2606 aar.
1343 2603 1348 2610 .

276 2622 360 2670 rectius
375 2621 478 2670 struitur.
511 2622 549 2671 Sic
569 2621 631 2670 Bud.
654 2635 707 2668 cum
729 2623 794 2686 vulg.
862 2622 995 2670 recusatos
1005 2622 1142 2686 otnaetaat]
1158 2619 1345 2670 senonense

276 2687 340 2735 bene
374 2687 513 2750 Imperfecta
526 2685 744 2740 ἀποδώσιωςίιιηιιί
758 2703 796 2734 ra·
825 2686 897 2736 edidit
907 2687 1149 2762 Picbenacumseqq.
1177 2685 1346 2734 Consentited

278 2751 366 2798 tionem
375 2751 469 2799 habent.
842 2767 863 2798 r.
893 2751 930 2800 At
945 2759 1025 2800 ceterae
1041 2758 1095 2799 vett.
1112 2749 1167 2798 mdc
1182 2765 1197 2796 a
1213 2749 1306 2797 Puteol.
1322 2757 1346 2798 et

311 2818 346 2864 Et
356 2817 384 2862 de
393 2813 496 2874 samma]
518 2814 633 2878 copulam
648 2829 661 2860 e
674 2813 736 2862 Flos.
753 2815 795 2862 Pi·
858 2817 882 2864 S·
894 2815 974 2864 Guelt'.
988 2816 1146 2864 deturbabant.
1169 2813 1346 2865 Hocsivstum

278 2879 351 2926 chana
361 2877 430 2925 dedit.
458 2877 602 2926 SicetBud.
630 2876 743 2926 Hicmox
757 2881 797 2926 ai·
827 2878 1344 2942 estintelligidebctdstartarcconabmstur,

279 2945 342 2989 mtas
352 2943 432 3001 ordor,
444 2941 507 3006 quod
517 2949 576 2992 stare
584 2949 666 3006 potest,
674 2942 694 2990 si
701 2943 797 2991 semico-
828 2945 947 2991 teatctm
963 2944 1029 3007 (nam
1040 2957 1087 2990 non
1097 2943 1229 2992 deanbatos
1238 2958 1294 3000 esse,
1309 2958 1347 2990 sc·

279 3007 319 3054 lon
330 3006 407 3054 addas
827 3009 922 3071 quentia
937 3007 1029 3065 docent)
1045 3006 1108 3070 quod
1123 3005 1264 3054 consuetudo
1279 3006 1346 3054 lati-

313 3071 797 3137 Ncamitttitasiateraaatiaa]=Praepo-
827 3085 912 3120 norum
927 3072 978 3120 fert.
1018 3072 1080 3120 Sans
1094 3083 1160 3134 saque
1175 3071 1234 3118 bene
1249 3085 1277 3117 ac
1291 3086 1346 3134 pro·

279 3135 332 3183 sitio
343 3150 389 3183 non
400 3135 469 3183 estin
485 3134 569 3199 sdpr.
580 3135 797 3185 Eamsedelevisse
827 3137 915 3185 miscus
929 3137 956 3184 in
970 3136 1015 3184 bac
1037 3151 1062 3184 re
1084 3134 1193 3185 dicuntur
1214 3135 1345 3193 deturbare,

279 3199 312 3248 ait
324 3199 536 3263 teneamusqueat
544 3199 605 3247 enim
616 3199 640 3246 in
648 3200 738 3262 Buca
756 3201 797 3249 sed
823 3204 973 3263 proturbare,
984 3209 1012 3248 ut
1022 3217 1058 3264 ap.
1071 3197 1208 3274 Idv.‘b‚·4'l·
1217 3199 1313 3275 struem
1323 3207 1347 3248 st

265 3265 797 3393 *tttttttttttxttttttstttt
827 3263 1348 3378 stitttttttttttltt

278 3403 313 3442 ter
329 3394 430 3456 primam
445 3393 559 3440 omnibus.
592 3393 706 3441 Estetin
718 3394 797 3442 cuns
828 3394 891 3442 Flos.
903 3391 1348 3459 ampasucnriatenoaerisntrts

280 3459 351 3506 Ean.
453 3515 457 3524 Ι
828 3458 956 3523 prefatam.
993 3458 1019 3505 Α
1035 3459 1091 3506 MS.
1107 3457 1170 3504 Bud.
1185 3455 1255 3519 plane
1270 3457 1348 3504 aberat

313 3525 427 3570 Porticus
439 3525 464 3570 in
476 3523 560 3587 latare]
577 3522 704 3586 Dionysius
721 3523 745 3581 4,
757 3522 796 3570 61.
829 3525 942 3571 verbums
968 3523 1031 3571 unde
1048 3523 1143 3570 rorasse
1158 3519 1213 3568 licet
1228 3520 1346 3584 suspicari,

280 3589 358 3634 Frons
369 3591 418 3652 ejas
429 3589 552 3634 meridiem
560 3595 672 3650 spectans,
677 3590 798 3649 porticum
829 3587 862 3647 id,
886 3587 949 3652 quod
971 3604 986 3635 a
1002 3587 1085 3634 Tacito
1101 3593 1167 3643 emet,
1190 3584 1300 3633 excidisse
1322 3585 1348 3634 in

280 3652 354 3709 tanet,
366 3668 420 3699 cam
428 3653 519 3714 triplici
528 3653 689 3714 columnarum
700 3653 797 3699 orditas:
829 3653 996 3716 antiquioribus
1012 3651 1137 3707 codicibus,
1157 3648 1273 3699 defectum
1288 3665 1303 3697 a
1317 3650 1347 3697 li-

280 3717 306 3762 in
317 3716 427 3764 lateribus
437 3719 495 3763 ordo
506 3719 591 3779 (lapus
602 3724 645 3764 est.
661 3717 736 3764 lars.
829 3717 910 3765 brasiis
925 3717 987 3765 varie
997 3731 1044 3764 asse
1055 3715 1199 3780 suppleam,
1211 3722 1283 3778 atque
1292 3714 1348 3762 binc

262 3808 266 3816 ·
312 3782 406 3826 Dentre
414 3783 575 3845 scematibus]
589 3781 640 3841 An,
648 3783 798 3829 mmroesut·
829 3782 961 3829 mlietatem
972 3781 1183 3829 librorumnstam.
1212 3779 1277 3827 Mox
1285 3778 1349 3827 idmr

280 3845 409 3891 cuntibus?
438 3853 508 3907 atque
525 3846 566 3904 ita,
590 3855 618 3894 ut
639 3846 708 3906 distm
734 3846 797 3894 Flor.
830 3845 887 3894 MS.
899 3849 1024 3911 projecere
1034 3845 1134 3893 habebat
1140 3846 1228 3906 jacere.
1256 3843 1329 3901 Ean.

281 3907 357 3956 Inrs.
389 3909 427 3958 Sic
442 3909 531 3974 etMS.
547 3910 625 3958 Guelf.
642 3910 729 3972 (Bud.)
745 3910 797 3958 edd.
860 3913 940 3959 «Iusta
951 3913 1030 3957 lacum
1041 3910 1114 3974 asyli]
1131 3907 1202 3972 Asyli
1211 3907 1281 3964 lucus
1293 3909 1348 3971 nul-

279 3989 313 4038 pr.
333 3973 423 4021 Puteal
441 3974 494 4021 Ber.
512 3973 567 4020 Alc.
588 3975 664 4022 Rhen.
685 3991 720 4039 pr.
737 3975 797 4023 Ald.
829 3974 867 4022 lus
885 3975 942 4022 alibi
959 3974 1107 4022 manorabrr.
1141 3972 1348 4036 Gredo,'intelligi

279 4041 374 4086 Dcstra
392 4037 481 4102 primus
504 4037 566 4086 dedit
589 4038 717 4103 Gryphius,
741 4040 797 4088 vitio
829 4040 915 4098 locum
932 4038 973 4103 qui
989 4039 1346 4098 iaterdaoslaros'vosabatur,

280 4102 558 4166 hauddubisoperantm,
570 4103 632 4151 unde
642 4103 666 4150 in
678 4113 798 4168 sequentes
827 4105 897 4164 juxta
910 4119 981 4167 quem
996 4104 1088 4168 asylum
1104 4101 1179 4150 tria
1189 4101 1229 4149 Ibi
1243 4100 1306 4147 riam
1322 4101 1347 4149 ia

280 4168 370 4215 venisse
385 4167 482 4228 videtur.
495 4193 498 4202 ·
516 4168 588 4216 Recte
605 4167 676 4230 igitur
696 4169 799 4216 Pichena
829 4168 963 4232 eapitolium
974 4168 1052 4226 inisse,
1059 4175 1123 4231 patet
1132 4182 1147 4214 a
1157 4165 1225 4213 Iasio
1237 4164 1295 4222 l‚·8.
1306 4165 1348 4214 ubi

281 4233 369 4278 dcatrae
387 4231 467 4300 edidit,
486 4241 556 4295 atque
572 4232 595 4279 id
611 4233 722 4297 loquendi
740 4233 798 4281 ratio
829 4232 875 4280 vid
891 4232 944 4280 inttz
956 4233 990 4281 'de
1007 4233 1066 4280 lueis
1087 4231 1145 4289 istis,
1167 4228 1227 4276 adde
1248 4227 1347 4292 Dionys.

281 4293 398 4342 desiderat
432 4295 568 4344 Formulam
585 4301 693 4359 pontem
710 4299 799 4344 destris
830 4297 888 4345 Hal.
904 4301 929 4357 2,
948 4299 986 4345 15.
1002 4314 1026 4361 p.
1043 4298 1088 4344 att
1106 4292 1205 4356 Nepos
1229 4292 1261 4339 sd
1275 4291 1347 4343 Ovid-

281 4361 428 4406 sulcantibus
442 4360 579 4408 illustratam
596 4359 699 4425 reperies
708 4379 723 4409 a
738 4363 799 4410 Gro·
830 4361 894 4410 Fast.
905 4363 931 4420 3,
943 4363 1000 4410 430.
1022 4361 1084 4408 Mox
1094 4353 1237 4406 Maenas
1248 4354 1299 4403 edd
1311 4373 1347 4421 pr.

280 4439 332 4472 nov.
343 4423 372 4481 ati
384 4427 452 4478 verba
463 4424 517 4475 biv.
531 4425 553 4484 l,
566 4427 587 4472 8.
601 4428 671 4486 besu,
683 4429 725 4487 qui
736 4442 800 4474 nanc
831 4426 922 4474 Puteal.
937 4428 1026 4488 Tarpei
1037 4435 1125 4486 ωροτε
1143 4420 1207 4485 quod
1216 4419 1249 4470 sit
1258 4419 1347 4473 ditatu
