3059 4975
224 243 284 304 31⁴
590 237 878 304 msnorettttutt
1116 244 1284 318 [antiit.

222 403 374 472 electum:
394 401 530 492 denique
539 403 654 492 patrati
667 403 796 472 remedii
807 404 939 494 gloriam
945 419 1043 557 iim
1056 407 1223 486 Casuram,
1237 406 1286 472 in·

220 489 453 558 n'tiludibrium
460 513 554 579 penes
563 489 700 572 miseros,
711 492 807 557 fore.''
832 494 849 558 1
874 491 937 556 'tur
1113 504 1284 570 us‚cuncta

221 576 358 642 fortunae
379 599 445 642 suae
465 589 570 666 patere
590 591 687 656 ratus,
716 600 773 642 nec
817 577 849 642 ui
872 514 1281 664 quameiiiii'amiboredibile,

220 661 294 730 laeto
307 661 374 749 ipse
387 661 490 740 vultu,
501 674 612 742 erecta,
623 685 696 750 quae
708 602 863 744 adstabat,
877 663 1088 741 multitudine,
1094 664 1184 750 jussa
1196 687 1284 728 exse-

244 747 337 814 uitur.
371 747 482 814 Statim
492 769 640 814 conversa
649 747 691 814 ad
700 771 794 813 nsum
805 770 927 828 manus,
937 772 974 814 ac
987 771 1070 814 ooeoo
1078 748 1194 814 reluxit
1203 749 1281 813 dies.

220 771 412 920 atrumque,
447 831 481 898 ui
494 832 674 913 interfuere,
685 853 770 898 nunc
780 856 908 922 quoque
920 847 1103 914 memorant,
1113 848 1280 922 postquam

220 918 345 992 nullum
359 856 521 984 mendacio
533 918 678 1018 pretium

261 1004 455 1070 LXXXII.
479 1003 585 1070 Altror
597 1005 672 1070 inde
680 1005 873 1102 Vespasiano
884 1005 1000 1092 cupido
1012 1005 1150 1072 adeundi
1162 1026 1279 1072 sacram

218 1089 335 1169 aedem,
350 1100 388 1156 ut
402 1113 496 1177 super
516 1090 610 1156 rebus
625 1089 754 1178 Imperii
773 1091 957 1156 consuleret.
1001 1098 1025 1131 “
1038 1091 1151 1156 Aroeri
1162 1090 1280 1177 templo

217 1177 368 1242 cunctos”
379 1177 491 1263 jubet:
507 1189 602 1262 atque
612 1175 769 1262 ingressus
777 1175 978 1262 intentusque
988 1176 1161 1256 Numini,r
1234 1177 1281 1240 xit

217 1284 301 1349 pone
314 1275 437 1350 tergum
451 1284 470 1326 e
505 1260 670 1326 rimoribus
683 1261 910 1348 AEgyptiorum
920 1261 1044 1352 nomine
1055 1262 1183 1326 “Basili
1204 1285 1243 1326 eu
1252 1263 1282 1339 ;''

218 1369 314 1434 quern
327 1346 436 1434 procul
492 1345 641 1412 exandria
653 1345 792 1432 plurium
805 1347 927 1413 dierum
946 1347 1057 1412 itinera
1069 1360 1102 1412 et
1114 1369 1199 1433 aegro
1212 1369 1283 1411 cor-

260 1455 293 1497 re
300 1431 430 1496 detineri
440 1431 527 1498 houd
538 1431 710 1518 ignorabat.
733 1435 958 1499 Percuuctatur
968 1434 1158 1511 Sacerdotes,
1170 1440 1278 1500 ‘fuum

251 1516 331 1582 odie
341 1515 492 1582 Basilides
500 1517 651 1604 templum
659 1519 764 1584 inisset
773 1520 805 1582 ?”
815 1533 1035 1606 percunctatur
1043 1518 1160 1596 obvios,
1170 1525 1192 1557 “
1201 1541 1281 1582 num

215 1601 337 1674 inurbe
345 1602 430 1671 visus
440 1603 480 1668 sit
488 1605 521 1667 ?”
531 1603 677 1690 denique,
687 1603 787 1670 missis
796 1605 965 1692 equitibus,
974 1605 1126 1692 explorat,
1136 1604 1191 1672 illo
1201 1617 1280 1668 tem-

216 1856 306 1910 cBud.
313 1859 379 1906 bene.
386 1855 436 1922 Ap.
445 1855 501 1906 Put.
512 1857 735 1918 estelopao-artas.
763 1864 831 1916 nnat,
840 1863 864 1905 et
873 1864 948 1906 actam
958 1872 1008 1906 rem
1018 1865 1130 1922 praesmta
1142 1871 1229 1919 magna
1238 1855 1280 1904 bo-

216 1924 267 1986 ΑΡ.
277 1922 333 1972 Alc.
348 1925 521 1986 elapso-arta.
548 1921 618 1968 Prius
628 1919 683 1984 Bip.
695 1921 735 1970 sei
764 1921 857 1968 minum
867 1921 1061 1980 multitudinem
1076 1923 1128 1970 loco
1142 1922 1243 1983 publico,
1256 1929 1280 1969 et

217 1987 359 2036 redituram.
392 1986 483 2035 Verum
498 1985 579 2034 eodem
593 1999 661 2034 sensu
676 2001 734 2054 quo3
764 1994 917 2034 memoratam
932 1987 981 2034 suia
996 2001 1089 2052 quoque
1104 1985 1246 2047 temporibus
1264 2001 1280 2034 a

217 2067 265 2116 que
276 2058 298 2100 ct
308 2049 416 2116 frequam
426 2051 527 2114 ponitur.
765 2050 861 2098 testibus
888 2051 993 2110 omlatia,
1025 2051 1117 2101 sublato
1144 2051 1278 2098 rusiorum

251 2118 344 2166 Cuncta
350 2117 461 2191 sortasse
473 2116 626 2192 suolporere]
644 2115 675 2164 ln
690 2115 734 2190 hoc
765 2123 842 2176 gente,
853 2114 895 2163 nbi
905 2115 970 2163 nulla
982 2114 1093 2163 adulandi
1102 2124 1146 2191 aut
1153 2114 1279 2188 mentiendi

216 2179 734 2308 ..ffffifflsfflffl
764 2193 876 2306 iiiii..
885 2177 1279 2306 ititl‘tlffstffitltt

196 2370 199 2378 .
217 2325 275 2366 rem,
285 2324 329 2374 pro
338 2324 431 2372 parcre.
466 2309 523 2357 Post
535 2316 559 2357 et
568 2309 594 2356 in
608 2309 659 2358 eliis
669 2309 734 2358 libris
764 2307 795 2355 da
810 2305 934 2368 miracolis,
950 2324 999 2372 quo
1012 2323 1027 2356 a
1040 2308 1193 2356 Demonibus
1208 2306 1279 2354 mira·

212 2380 298 2438 patore
307 2374 363 2433 vldi,
374 2383 398 2422 et
411 2373 508 2422 nuncin
518 2374 626 2424 omnibus
637 2388 685 2422 asse
695 2389 734 2422 oo-
764 2372 818 2420 culs
832 2372 918 2436 patrari
933 2381 1010 2436 negat,
1025 2389 1050 2436 p.
1063 2373 1119 2428 276.
1135 2387 1182 2420 non
1198 2371 1280 2418 admo·

216 2438 295 2501 guori-
328 2437 420 2487 Tamen
427 2437 734 2503 parereesseaTacitonon
764 2435 823 2484 dum
839 2437 967 2502 probabilia
986 2448 1051 2502 puto,
1071 2446 1094 2486 et
1115 2435 1280 2485 concionatoria

215 2502 306 2555 dubito.
320 2504 403 2567 Atque
410 2518 505 2566 agonen
512 2502 601 2566 ignoro,
613 2503 732 2565 etiampa·
763 2502 847 2564 magis,
862 2517 934 2566 quam
944 2504 1059 2551 subtiliter
1072 2511 1095 2551 et
1108 2500 1224 2550 dialectice
1234 2500 1283 2549 dia·

215 2572 265 2615 tare
275 2566 321 2615 (lici
331 2581 373 2629 pro
381 2582 428 2614 erro
438 2570 463 2614 in
468 2574 582 2628 potante
592 2567 692 2624 alterius,
699 2567 734 2614 ei·
763 2574 861 2627 putatu
877 2581 1008 2629 veramque,
1024 2575 1052 2614 ut
1061 2567 1145 2615 divinis
1162 2565 1280 2613 miraculis

216 2646 263 2694 que
277 2630 375 2679 subinde
390 2629 452 2679 male
468 2630 577 2677 substitui
589 2644 683 2691 parere,
706 2637 733 2677 ut
763 2628 831 2675 valde
846 2629 975 2689 cousulant,
992 2630 1034 2693 qui
1050 2630 1075 2677 in
1093 2639 1142 2677 tam
1158 2630 1281 2691 diligenter

215 2696 275 2744 bene
286 2694 351 2743 docet
366 2693 458 2743 (lortius
474 2693 504 2741 ad
517 2694 612 2741 Sallust.
628 2692 680 2741 Cat.
693 2694 732 2741 10.
763 2692 860 2739 narratis
875 2694 944 2740 rebus
959 2694 1019 2741 nihil
1035 2694 1081 2741 nisi
1094 2693 1186 2741 fraudes
1196 2693 1281 2741 huma-

216 2758 264 2809 Sed
273 2756 733 2821 inistislociasemperadituaquidamad
763 2769 806 2804 nas
824 2766 956 2820 agnoscant.
978 2757 1051 2807 Eun.
1081 2758 1202 2806 .Rsctiora
1217 2757 1283 2807 dabit

215 2824 320 2888 aliquam
333 2838 383 2871 rem
395 2821 495 2885 intelligi
507 2830 590 2885 potest,
603 2830 631 2869 ut
645 2822 733 2871 inma-
764 2821 933 2869 Broeadnt
949 2822 1281 2883 MirumccrteEruestijutli-

213 2888 257 2948 ria,
274 2888 339 2948 fines,
355 2902 405 2937 ram
420 2886 558 2936 familiarem
573 2886 675 2946 alterius,
691 2902 734 2951 op-
764 2886 826 2935 dam
843 2885 915 2934 rideri
929 2886 1005 2936 debet
1036 2888 1129 2937 Similes
1145 2887 1223 2935 Princi
1240 2902 1281 2934 um

215 2952 271 3017 pide
281 2960 323 3002 etc.
334 2952 446 3017 quodhic
457 2966 503 3000 non
514 2960 555 3001 ast.
578 2951 624 3001 Sed
634 2960 661 3000 ut
670 2954 733 3000 Fori-
763 2950 866 3011 fraudes,
876 2951 913 2999 rel
923 2952 956 3001 eis
972 2953 1056 3001 saltem
1069 2954 1173 3012 tributas,
1189 2903 1281 3014 oriem

214 3023 274 3069 iano
285 3033 367 3066 reram
378 3018 472 3066 domm
483 3016 575 3072 dicitur,
589 3019 655 3065 omni
669 3019 696 3064 in
706 3031 733 3065 re
763 3015 881 3077 Lupanus
891 3016 922 3064 ad
931 3016 957 3065 b.
969 3017 988 3066 l.
1304 3068 1307 3071 ,

214 3083 344 3143 ominari,
361 3082 394 3131 sio
414 3083 494 3130 omnio
509 3084 625 3129 Fostanae
637 3096 731 3144 parcre.
796 3080 912 3142 &sperit
918 3096 981 3144 pone
990 3082 1098 3145 tergrsm]
1115 3081 1215 3146 Nempe,
1224 3096 1279 3131 cum

215 3146 327 3196 Getemm
344 3147 386 3194 illa
396 3149 470 3196 verba
481 3146 593 3193 confundi
609 3146 693 3195 centies
706 3144 732 3193 in
763 3159 790 3193 sa
804 3145 910 3207 precibus
927 3146 994 3194 factis
1014 3157 1107 3211 repente
1125 3147 1278 3205 mnrertiaaet,

214 3210 281 3259 libris
297 3226 341 3258 scr.
355 3226 416 3273 sape
431 3226 447 3257 a
465 3210 520 3257 viris
536 3210 609 3257 doctis
627 3218 733 3258 notatum
764 3208 850 3257 ominis
865 3211 973 3273 captandi
984 3227 1072 3260 mussa.
1095 3211 1152 3260 Vid.
1167 3228 1220 3275 ques
1230 3210 1279 3259 dixi

215 3282 257 3323 ost.
296 3274 328 3322 In
344 3274 379 3323 ed.
398 3290 433 3337 pr.
455 3281 505 3322 ests
529 3282 612 3323 canda
624 3276 733 3337 fortuma
764 3274 900 3323 ndSueton.
914 3276 987 3339 Vesp.
997 3292 1017 3324 c.
1028 3278 1051 3332 7.
1067 3276 1141 3325 Ean.

211 3341 384 3402 primaerotar.
399 3338 472 3387 Euri·
504 3339 567 3386 Bud.
577 3346 668 3401 patere.
789 3341 1136 3403 EprimorilasAEgyptioram
1142 3339 1277 3403 Basiliden]

214 3446 216 3452 .
248 3407 337 3453 Erecta
347 3420 369 3465 q.
380 3405 418 3451 sd.
425 3404 733 3468 msdtitadirw1Budmele
765 3402 905 3452 Firmathoc
912 3405 979 3454 valde
987 3405 1279 3464 ririeximiiconjecturam

213 3476 302 3531 erepto.
335 3468 437 3517 Pricaeus
452 3468 483 3517 ad
497 3468 572 3533 Apul.
589 3469 650 3517 Mat.
667 3470 690 3515 2.
707 3484 732 3532 p.
765 3466 857 3515 Larini
868 3469 990 3525 Tonanti,
1001 3470 1026 3517 in
1037 3471 1100 3519 Suet.
1112 3469 1185 3532 Voap.
1205 3470 1280 3514 Bori-

217 3534 272 3581 leo.
289 3534 369 3583 suadet
388 3534 434 3596 leg·
456 3535 558 3593 odronto,
580 3533 695 3596 praeclare,
712 3532 733 3581 si
765 3533 823 3579 tides
833 3534 1041 3583 libenmobtalirse
1051 3536 1194 3582 statutor.
1212 3532 1280 3590 Quo-

214 3598 270 3651 libri
283 3598 427 3647 adsentirent.
461 3597 560 3645 Interim
576 3598 625 3647 Cic.
640 3612 733 3661 quoque
764 3597 835 3645 modo
844 3598 948 3654 libertus,
960 3600 979 3646 si
989 3599 1113 3648 Sacmdos?
1128 3598 1157 3657 si,
1168 3596 1232 3661 quod
1241 3595 1281 3645 hic

215 3670 318 3711 cremam
325 3678 367 3725 pro
375 3664 469 3711 adtente
477 3662 538 3710 dicit.
557 3662 733 3711 VideinBruto
765 3661 858 3722 dicitur,
883 3678 896 3710 e
913 3664 1060 3725 primoribus
1083 3663 1279 3724 AEgyptioramr

213 3728 383 3777 concreatos
394 3729 509 3775 intuentes
513 3728 614 3791 judicer.
764 3726 832 3775 Bene
847 3726 918 3789 igitur
932 3727 972 3775 ille
987 3742 1087 3790 maguus
1103 3728 1191 3775 amicus
1204 3735 1282 3775 noster

249 3792 356 3839 Nullam
365 3788 610 3857 owedooioprctiam]
622 3790 683 3851 Quis
691 3807 733 3840 au·
764 3792 884 3839 Basilides
899 3792 1014 3853 obtulisse,
1026 3791 1102 3841 deleta
1110 3807 1167 3840 voce
1175 3794 1278 3850 libertas,

215 3862 265 3905 tem
285 3856 386 3918 gratuito
406 3856 507 3905 mendax
528 3856 663 3905 siti-cum
684 3859 733 3905 strat
764 3871 884 3919 pmperaru
899 3856 1003 3905 infarcta.
1024 3856 1100 3907 111rs.
1131 3857 1164 3906 V.
1182 3873 1235 3921 quae
1249 3855 1280 3903 ad

210 3922 315 3985 promta
324 3921 387 3982 falsi
404 3923 490 3975 Natta,
502 3928 581 3971 rotam
593 3922 657 3970 debet
667 3924 732 3970 tertis
765 3920 903 3969 Suetonium
919 3920 1021 3971 diximus
1036 3938 1078 3987 pro
1088 3922 1183 3985 vulgata
1197 3923 1279 3969 Sueto·

214 3986 386 4047 mosterot,
397 3984 430 4032 ait
440 3985 540 4035 Ovidius
548 3986 592 4035 Tr.
602 3988 627 4048 3,
641 3988 680 4047 10,
691 3987 733 4036 35.
762 3984 807 4043 nii,
817 3987 1033 4049 quorumnondum
1042 3987 1144 4050 poenitet.
1170 3986 1227 4033 Post
1236 3999 1280 4047 pro

212 4052 293 4103 lora.
310 4049 420 4099 Ceterum
431 4064 499 4112 supet
509 4050 582 4100 haere
590 4066 642 4115 quae
653 4050 733 4116 dispu-
764 4052 879 4111 moiseo
895 4051 950 4099 Ms.
967 4053 1029 4115 Agr.
1047 4052 1084 4100 ed.
1102 4066 1138 4115 pr.
1155 4050 1279 4097 militibus.

216 4124 302 4177 tenum,
313 4130 360 4163 non
371 4122 436 4163 ussat
447 4128 633 4179 commemorare,
644 4130 686 4164 nec
696 4132 733 4163 ra·
764 4115 838 4163 nas.
859 4115 922 4164 Boe
933 4119 1054 4178 equitnm.
1075 4118 1107 4165 Iu
1116 4116 1167 4163 loco
1174 4114 1280 4163 Suetonii

215 4181 249 4229 tio
259 4189 367 4229 notarum
377 4178 496 4227 desiderat.
529 4178 626 4229 Tacitus
639 4195 687 4229 non
697 4180 732 4229 vi-
764 4180 859 4228 Ernesti
875 4180 984 4243 intelligit
1003 4183 1113 4228 libertam
1134 4179 1280 4243 Vespasiani.

214 4244 285 4295 detur
294 4244 460 4295 alicnusfuisse
469 4246 499 4293 ab
510 4260 537 4293 ea
546 4253 619 4307 parte,
626 4252 653 4292 ut
662 4244 732 4292 iidem
765 4245 852 4293 (lontra
866 4244 1017 4308 Cannegietar
1031 4245 1061 4293 da
1073 4253 1133 4293 mut.
1145 4244 1218 4291 Rom.
1233 4245 1278 4292 sub

213 4309 272 4359 facti
286 4318 426 4374 agnoscam
458 4310 524 4357 Nam
543 4317 567 4357 et
583 4314 665 4357 rutam
681 4311 732 4357 talc
764 4308 842 4357 Princ.
856 4310 944 4357 ratione
957 4326 981 4373 p.
993 4311 1033 4365 70.
1064 4310 1170 4359 Decmm
1186 4322 1279 4373 quoque

215 4377 337 4423 oculorum
346 4372 465 4422 bominem
474 4372 543 4421 illum
549 4382 623 4434 vocat,
630 4383 658 4421 ut
667 4373 733 4421 nulla
763 4373 834 4422 sudare
843 4389 920 4422 servos
930 4382 954 4422 et
965 4374 1060 4423 libertos
1073 4374 1147 4434 dooct,
1162 4374 1205 4439 qui
1214 4373 1279 4423 Deos

213 4435 333 4490 imolato
349 4438 456 4490 eedem
472 4438 550 4491 loom
567 4438 674 4491 hebone
694 4438 732 4489 in·
762 4438 1182 4492 srosttnossuuuxesintsolid.
