3059 4975
251 274 408 353 cero]
636 272 717 333 ms.
736 273 760 333 1.
783 231 874 335 cnr.
892 275 942 339 ⁵7.
1277 281 1316 341 ss

247 439 319 505 nius
341 437 511 525 Receptus,
531 436 688 503 Donatius
709 436 834 517 Valens,
856 436 1013 503 Romilius
1035 436 1217 517 Marcellus,
1240 437 1313 505 Cal-

246 523 378 612 purnius
391 522 597 610 Repentinus,
610 544 682 587 eum
696 536 895 609 protegerent
906 522 1020 589 Galbae
1029 522 1189 610 imagines,
1203 524 1314 613 inpetu

247 609 381 675 militum
410 608 531 707 abrepti
555 608 724 695 vinctique.
774 610 843 673 Nec
866 608 1013 708 cuiquam
1040 608 1126 673 ultra
1153 609 1232 674 fides
1257 624 1314 675 aut

246 694 394 760 memorie
406 695 517 781 prions
531 694 733 769 sacramenti3
749 694 815 772 sed,
850 695 914 759 uod
927 715 960 757 m
974 692 1176 759 seditionibus
1189 693 1314 775 accidit,

246 781 331 847 uude
345 780 451 869 plures
464 793 563 859 erant,
578 802 683 845 omnes
697 780 794 844 fuere.
827 718 952 859 (iiocte,
967 802 1041 867 quoe
1057 778 1130 845 Kal.
1145 781 1313 867 ¹Januarias

247 880 352 933 secuta
373 879 430 945 est,
453 866 486 930 in
508 866 660 931 coloniam
681 866 947 954 Agrippinensem
968 864 1113 953 aquilifer
1128 880 1250 952 quartae
1269 865 1313 930 le-

270 952 348 1017 ionis
361 950 500 1040 epulanti
514 951 638 1017 Vitellio
652 952 777 1015 nuntiat
791 958 813 990 “
852 966 973 1017 uartam
986 964 1019 1015 et
1032 950 1313 1035 duodevicesimam

246 976 393 1125 igionem
418 1037 563 1126 projectis
580 1037 692 1103 Galbae
716 975 915 1124 imaginibus,
937 1037 971 1102 in
994 1039 1127 1102 Senatus
1149 1050 1182 1101 et
1194 1037 1313 1127 Populi
1352 1101 1355 1107 .

249 1124 343 1189 Rom.
354 1125 450 1189 verbe
465 1124 609 1189 'urasse''
631 1123 672 1187 Id
687 1135 913 1187 sacramentum
926 1123 1018 1187 inane
1031 1121 1151 1187 visum:
1166 1124 1312 1210 occupari

248 1216 270 1249 “
285 1223 447 1275 nutantem
458 1148 634 1273 lortuuam
647 1224 678 1273 et
693 1208 797 1273 offerri
811 1208 1018 1296 Principem,”
1031 1205 1158 1305 placuit.
1186 1207 1278 1273 Missi
1292 1231 1312 1276 a

247 1294 375 1361 Vitellio
387 1295 429 1361 ad
441 1294 578 1381 legiones
592 1296 804 1381 Legatosque,
818 1295 877 1381 qui
895 1301 917 1332 “
932 1293 1096 1358 descivisse
1109 1290 1247 1359 aGalba
1261 1317 1313 1360 su·

244 1380 397 1467 perierem
417 1380 616 1459 exercitum,”
636 1380 837 1447 nunciarent:
861 1386 884 1418 “
926 1378 1035 1444 roinde
1055 1391 1111 1443 aut
1130 1378 1314 1445 bellandum

246 1466 396 1533 adversus
419 1465 630 1545 desciscentes,
655 1478 721 1544 aut,
745 1464 772 1529 si
793 1488 905 1537 concor
927 1464 934 1477 '
975 1477 1008 1530 et
1028 1487 1091 1552 pax
1134 1462 1242 1542 laceat,
1264 1464 1311 1531 fa·
1338 1464 1341 1467 ’

245 1551 391 1617 ciendum
404 1552 643 1667 Imperatorem:
659 1564 692 1617 et
704 1550 823 1621 minore
836 1550 1013 1638 dscrimine
1027 1549 1108 1618 stuni
1151 1549 1311 1638 rincipem,

245 1658 584 1790 quiivliieiroxima
603 1722 733 1809 legionis
754 1674 869 1787 'smae
887 1721 1018 1787 neema
1038 1733 1134 1799 erant,
1156 1733 1189 1785 er
1208 1744 1313 1809 prom.

245 1808 405 1895 ptissimus
425 1809 586 1896 eLegatis
600 1808 720 1875 Fabius
768 1807 860 1872 alens.
903 1808 937 1872 Is
957 1807 1008 1873 die
1081 1821 1147 1875 tero
1160 1806 1313 1874 coloniam

246 1893 510 1982 Agrippinensem
528 1916 602 1967 cum
622 1894 785 1980 equitibus
798 1892 932 1980 legionis,
949 1916 970 1957 a
1014 1892 1044 1907 ‘'
1083 1893 1246 1979 'oramque
1266 1891 1313 1958 in·

245 2002 382 2065 gressus,
410 1982 638 2066 Imperatorem
667 1978 827 2043 Vitellium
857 1978 1070 2043 consalutauit
1116 1980 1238 2043 Secutae
1266 1978 1313 2043 in-

245 2066 334 2150 genti
362 2064 527 2131 certamine
555 2062 694 2149 ejusdem
725 2063 893 2150 provineiae
922 2062 1075 2149 legiones:
1097 2076 1143 2161 ‘et
1171 2062 1312 2161 superior

146 2180 149 2185 ’
246 2149 410 2223 exercitus,
439 2147 582 2237 speciosis
611 2151 743 2213 Senatus
768 2147 947 2234 Populique
972 2150 1108 2213 Romam
1135 2146 1314 2216 nommibus

246 2234 368 2314 relictis,
392 2236 451 2303 III
472 2237 589 2300 Nonae.
604 2234 628 2298 J
630 2234 773 2299 annarias
794 2232 919 2298 Vitellio
939 2233 1081 2299 accessit:
1109 2232 1200 2299 scires
1223 2232 1313 2300 illum

243 2320 349 2409 priore
361 2320 461 2390 biduo
479 2342 542 2391 non
563 2340 657 2408 penes
671 2317 911 2407 Rempublicam
934 2318 1038 2383 fuisse
1082 2316 1241 2383 Ardorem
1260 2342 1315 2386 ex-

246 2406 400 2505 ercituum
414 2400 671 2495 Agrippinenses,
690 2404 833 2483 Treveri,
848 2404 1009 2492 Lingones
1022 2404 1200 2493 aequabant,
1222 2410 1244 2443 “
1258 2427 1315 2469 au·

247 2493 331 2571 xrlra,
350 2515 458 2592 equos,
476 2515 573 2571 erma,
584 2491 766 2644 (pppuniaff
781 2491 954 2572 offerentes,
975 2503 1013 2555 ut
1026 2491 1160 2583 quisque
1173 2513 1314 2583 corpore,

246 2577 373 2666 epilam,
384 2578 509 2676 iugenio
522 2577 583 2644 vali
696 2579 765 2644 Nec
778 2575 932 2664 principes
945 2576 1039 2641 modo
1052 2576 1243 2642 coloniarum
1256 2590 1314 2644 aut

246 2795 350 2837 aooeatm
365 2786 464 2849 corrigit.
496 2785 524 2836 Si
539 2785 597 2851 quid
613 2785 761 2847 mutandum,
795 2783 849 2833 mv.
859 2784 901 2845 21,
912 2785 951 2832 tc
984 2783 1075 2835 Sedibi
1085 2793 1120 2834 est
1130 2783 1156 2832 in
1165 2783 1233 2833 bonis
1247 2783 1314 2833 libris

246 2853 331 2902 vellem
341 2853 445 2899 secordia
452 2863 541 2898 moen.
553 2851 644 2899 (ison.
668 2852 700 2898 Iu
710 2851 762 2898 vul·
787 2851 894 2912 fortem
910 2850 1039 2898 summm
1057 2858 1081 2897 et
1096 2849 1129 2898 sic
1145 2847 1234 2897 edimm
1249 2856 1285 2897 est
1298 2863 1313 2895 a

246 2926 302 2980 gato
313 2914 417 2978 intellige
426 2915 492 2964 solo.-
508 2915 553 2964 hoc
568 2915 662 2966 nomine
672 2923 764 2964 tantum
796 2913 994 2975 Drakenborehio,
1003 2928 1033 2962 ne
1043 2913 1152 2969 varietate
1159 2912 1254 2977 quidem
1264 2911 1314 2960 ulle

247 2981 355 3030 mucosus
376 2979 429 3040 fuit,
451 2979 515 3042 quod
536 2979 596 3028 nihil
616 2979 664 3042 egit
685 2987 765 3028 contra
795 2977 899 3025 lectionis
909 2986 995 3026 notata.
1027 2976 1089 3026 Mox
1099 2984 1142 3025 aut
1152 2977 1314 3041 postproinde

248 3046 364 3097 Galbams
381 3043 421 3092 sed
433 3043 582 3094 Gronoviaue
595 3042 702 3094 eorrectio
714 3059 765 3094 me·
795 3043 860 3090 abest
870 3057 885 3091 a
895 3041 950 3091 MS
962 3039 1041 3090 Oxou
1058 3041 1129 3090 Eun.
1157 3047 1161 3052 '

249 3110 299 3158 lior.
316 3109 387 3157 Ean.
826 3106 990 3172 Reposcere]
1013 3105 1075 3155 Flor.
1087 3106 1147 3182 Agr.
1159 3104 1196 3154 ed.
1207 3119 1243 3168 pr.
1254 3118 1313 3168 pro·

281 3171 412 3235 Romilius]
428 3171 483 3222 Ms
495 3171 574 3221 Gueli
598 3170 673 3233 But)
685 3171 764 3235 edpr.
795 3172 868 3218 mimo.
901 3171 941 3220 De
950 3171 1067 3235 equitibus
1078 3169 1197 3235 legionum
1207 3169 1253 3218 alio
1263 3168 1314 3217 loco

249 3237 339 3286 Puteal.
357 3239 482 3297 Rornalne,
493 3252 513 3284 c.
525 3239 564 3286 59.
622 3251 658 3301 pr·
675 3237 766 3286 Romn-
796 3234 1041 3285 diemmadAnnsles.
1052 3235 1124 3285 Ean.
1141 3233 1204 3284 Bud.
1212 3241 1313 3298 postero.

248 3305 303 3364 lim,
312 3311 340 3350 ut
349 3301 458 3350 Beroald·
475 3301 547 3350 Eun.
828 3302 920 3348 &rate
930 3302 1022 3362 ingenti
1036 3299 1174 3366 mmmm]
1192 3298 1314 3362 Hispanus

278 3369 312 3416 Io
322 3368 436 3414 coloniam
445 3365 523 3441 Aga]
540 3363 634 3416 Incurie
643 3379 766 3430 operarum
795 3363 854 3412 liber
864 3366 900 3427 (et
909 3364 985 3425 Bud)
995 3367 1088 3428 ingesti
1100 3367 1204 3429 agmim
1221 3363 1297 3411 Iura·

247 3431 272 3480 in
288 3431 323 3480 ed.
335 3431 361 3480 J.
373 3431 401 3480 F.
414 3432 485 3479 Grou.
497 3430 536 3479 lnc
551 3429 640 3493 utquid
655 3428 764 3478 turbavit.
837 3430 948 3491 Corpore,
969 3431 1059 3492 opibus,
1081 3430 1177 3492 ingenio
1199 3427 1298 3474 validas.

248 3496 314 3543 Nam
329 3503 385 3544 uota
395 3495 504 3543 Pichenae
513 3494 568 3543 hinc
578 3493 689 3543 translata
699 3493 729 3541 ad
744 3509 764 3544 e.
796 3491 848 3541 Gur
855 3493 894 3541 hie
901 3493 930 3540 de
939 3492 1048 3556 ingenim
1062 3501 1104 3542 aut
1114 3491 1167 3557 quis
1177 3492 1294 3553 ejusaem

247 3559 287 3614 57.
298 3559 349 3608 init.
360 3561 429 3608 verbe
438 3561 560 3609 Coloniam
567 3560 671 3622 Agripp.
683 3559 766 3621 inque
794 3555 1080 3618 nidformadomndum,
1088 3557 1173 3605 entim
1249 3554 1314 3606 dum

247 3621 335 3674 sedicit
346 3625 429 3672 eFlor.
441 3623 555 3672 addidisse
565 3625 598 3671 in·
626 3623 691 3674 Hine
701 3621 765 3686 Ryc-
789 3621 872 3670 lues.
898 3623 1002 3684 Ingenio
1012 3621 1082 3672 etiam
1093 3621 1140 3669 Aci
1187 3634 1228 3668 um
1239 3627 1263 3668 et
1272 3618 1316 3667 Pi·

247 3687 301 3738 kias
311 3697 380 3752 negat
389 3695 492 3738 notatam
500 3703 547 3737 esse
557 3687 583 3736 in
593 3687 713 3737 collatione
723 3702 766 3736 sua
795 3688 892 3734 ehenam
902 3685 1011 3734 offmdit:
1029 3685 1069 3734 vix
1079 3684 1154 3746 credo,
1167 3698 1247 3733 verum
1258 3683 1315 3738 esse

247 3753 445 3817 prepositionems
463 3751 765 3802 ,inneneuuendiun
796 3750 902 3810 Nam,si
931 3751 967 3799 uis
978 3757 1076 3860 querat,
1088 3750 1140 3815 quis
1151 3764 1204 3798 vero
1214 3746 1315 3816 eorporis

247 3825 327 3865 contra
337 3816 462 3880 Ryckium.
495 3816 541 3866 Sed
556 3816 586 3866 de
599 3815 694 3866 diversis
709 3815 765 3866 locis
796 3831 853 3864 usus
864 3815 889 3862 iu
934 3815 976 3863 're
1005 3829 1097 3879 nempe,
1109 3815 1164 3882 quia
1172 3821 1195 3862 et
1204 3812 1250 3878 ipsi
1259 3825 1315 3877 ope·

247 3881 383 3945 loquuntur.
399 3882 471 3930 Enu-
796 3896 847 3927 ram
865 3879 989 3928 militarem
1008 3893 1093 3928 navam
1107 3880 1222 3928 volebant.
1242 3877 1313 3926 Ean.

282 3945 400 4008 occupari
417 3952 538 3994 nutantem
547 3944 691 4006 Fortunam]
716 3945 765 3993 Re·
796 3945 836 3992 De
846 3943 956 4003 Pichena,
973 3959 1039 4007 nego.
1072 3943 1099 3993 Is
1113 3943 1190 4012 potius
1206 3940 1316 4015 intelligit

248 4018 299 4060 cte:
323 4019 358 4058 est
392 4008 417 4057 ui
433 4009 507 4069 malit,
525 4011 671 4057 invitantem.
689 4009 764 4061 lues·
797 4023 869 4067 senes,
886 4007 999 4057 invalidos
1015 4008 1097 4057 saltem
1108 4007 1208 4058 masiliis
1222 4015 1245 4056 et
1260 4019 1315 4056 con-

247 4074 301 4135 Sed,
329 4025 392 4138 quid
413 4083 448 4133 est
471 4081 557 4122 nutam
577 4075 687 4137 ferme,
713 4089 766 4138 quae
796 4073 900 4122 sionibus
910 4073 1033 4138 populares
1044 4089 1097 4121 suos
1107 4071 1242 4124 accendisse.

247 4139 393 4202 nommetur?
415 4153 492 4203 neque
511 4138 618 4198 innuens,
635 4153 710 4202 neque
730 4138 766 4186 la·
831 4138 959 4199 Principes
969 4139 1040 4185 colon.
1052 4145 1095 4186 out
1105 4134 1316 4247 castrorumqnllli

248 4205 321 4254 bans:
339 4203 566 4266 seddubimnnquo
579 4211 766 4265 severumque
797 4211 852 4249 sum
865 4201 1015 4262 Decuriones,
1028 4202 1098 4252 etiem
1112 4202 1219 4251 ditiores:
1261 4197 1316 4246 'si-

249 4283 317 4316 seusu
326 4276 411 4318 autore
420 4267 474 4328 diei,
485 4267 630 4318 hodieetiem
640 4267 715 4315 lexiea
725 4267 767 4314 do·
797 4266 889 4328 guileri,
903 4266 1026 4331 aquiliferi,
1039 4264 1144 4331 optiones
1159 4275 1201 4331 em
1211 4274 1240 4314 ut
1255 4270 1315 4312 recte

249 4339 317 4380 cents
335 4341 358 4381 et
371 4333 408 4382 cui
418 4335 516 4382 verbum
532 4333 660 4396 compendi
677 4330 768 4394 egregie
799 4329 913 4383 Sarillius
930 4331 1001 4380 Eun.

250 4396 362 4446 convenit
394 4400 505 4446 Fortuna
522 4404 608 4445 autam
629 4395 737 4445 laudatur
756 4411 770 4442 e
