3059 4975
255 247 294 305 52
634 237 939 301 HISTORIARUM
1143 238 1196 318 [ιι.
1211 256 1243 301 c.
1255 243 1324 301 823.

256 408 327 473 cina
349 419 382 473 et
405 405 524 472 Fabius
546 404 676 471 Valens:
707 403 865 502 equibus
886 400 1010 482 Valens,
1034 401 1174 469 infensus
1198 404 1321 487 Galbae,

257 503 419 581 tamquam
432 492 586 557 detectam
603 514 625 556 a
637 514 669 556 se
683 488 823 577 Verginii
843 488 1080 569 cunctationem,
1101 512 1248 578 oppressa
1262 492 1323 557 Ca-

252 579 372 667 pitonis
384 576 511 643 consilia
523 578 645 664 ingrate
657 576 789 654 tulisset,
799 575 872 639 insti
957 572 1133 655 Vitellium,
1150 575 1323 641 “ardorem

256 664 410 729 militum”
426 678 593 729 ostentans.
637 664 788 749 “Ipsum
807 660 871 725 cele
892 660 919 725 ri
940 659 1059 747 ubique
1074 661 1177 725 fama:
1200 661 1320 727 nullam

256 751 291 814 in
307 749 420 814 Flacco
441 747 624 824 Hordeonio
644 769 781 813 moram:
809 745 917 811 adfore
930 745 1149 811 Britanniam:
1177 759 1322 814 secutura

259 836 487 900 Germanorum
500 833 635 899 auxilia:
657 832 830 898 malefidas
851 830 1043 919 provincias:
1065 832 1240 919 precarium
1258 832 1323 899 seni

259 920 433 1019 Imperium
456 936 488 986 et
508 920 597 986 brevi
619 920 841 985 transiturum:
873 916 1024 1017 panderet
1046 917 1141 985 modo
1164 917 1266 983 sinum
1289 932 1322 984 et

256 1006 392 1072 vementi
410 1008 562 1072 Fortunae
580 1017 762 1071 occurreret.
808 1004 926 1068 Mento
946 1001 1103 1069 dubitasse
1121 1002 1321 1090 Verginium,

258 1091 408 1179 Equestri
431 1092 558 1172 familia,
583 1091 691 1177 ignoto
712 1102 818 1177 patre:
849 1088 882 1151 in
957 1112 1000 1167 m,
1025 1088 1050 1153 si
1072 1088 1235 1176 recepisset
1257 1090 1323 1163 Im·

257 1177 392 1265 perium,
406 1178 563 1254 tutum„si
582 1189 758 1242 recusasset.
789 1173 865 1241 Vite
898 1198 919 1239 o
935 1186 997 1274 tres
1010 1174 1107 1261 patris
1122 1175 1321 1255 Consulatus,

258 1266 442 1343 censuram,
459 1262 636 1350 conlegium
651 1260 793 1340 Coesaris,
815 1260 965 1347 inponere
978 1260 1167 1374 Jamprrdem
1183 1263 1323 1347 Impera·

257 1350 334 1414 toris
347 1349 570 1435 dignationem,
585 1347 708 1413 auferre
719 1346 835 1434 privati
849 1345 1052 1411 securitatem.
1115 1346 1322 1424 Quotiebatur

256 1433 307 1499 his
320 1458 414 1521 segne
423 1434 594 1521 ingenium,
605 1448 643 1497 ut
652 1433 882 1519 concupisceret
891 1430 1001 1518 magis,
1011 1453 1107 1518 quam
1118 1445 1156 1496 ut
1166 1444 1313 1532 speraret.

302 1521 404 1585 LIII.
427 1520 523 1584 Atin
537 1518 694 1608 superiore
708 1516 887 1596 Germania,
904 1516 1039 1596 Caecina,
1054 1516 1166 1581 decora
1178 1531 1321 1605 juventa,

257 1628 386 1692 corpore
405 1607 527 1704 ingens,
548 1605 644 1669 animi
671 1604 855 1681 inmodicus,
878 1604 954 1668 scito
979 1624 1128 1679 sermone,
1150 1615 1252 1667 erecto
1273 1604 1323 1667 in-

256 1713 355 1771 cessu,
370 1690 474 1756 studia
487 1689 623 1755 militum
635 1689 795 1755 inlexerat.
826 1690 925 1755 Hunc
934 1688 1082 1775 juvenem
1097 1686 1213 1767 Galba,
1229 1690 1324 1765 Quie-

255 1788 370 1841 storem
383 1776 416 1839 in
430 1776 559 1854 Baetica,
573 1775 695 1863 inpigre
708 1775 742 1839 in
754 1788 860 1861 partes
874 1797 945 1839 snas
958 1784 1192 1872 transgrcmum,
1207 1773 1321 1861 legioni

247 1862 443 1949 'praeposuitz
463 1884 538 1926 mox
548 1874 753 1947 compertum,
769 1858 925 1947 publicam
939 1878 1103 1946 pecuniam
1115 1858 1271 1939 avertisse,
1286 1873 1323 1925 ut

255 1947 465 2034 peculatorem
488 1946 622 2034 flagitari
645 1946 750 2035 jussit.
795 1945 920 2009 Caecina
944 1966 1027 2030 segre
1051 1966 1171 2032 passus,
1194 1945 1322 2011 miscere

254 2046 368 2097 cuncta
387 2047 419 2098 et
439 2032 562 2120 privata
581 2030 712 2097 vulnera
732 2029 929 2117 Reipublicae
950 2028 1038 2093 malis
1061 2030 1181 2116 operire
1203 2032 1319 2098 statuit.

255 2119 324 2183 Nec
343 2117 471 2183 deerant
483 2120 518 2182 in
531 2117 670 2181 exercitu
691 2115 807 2179 semina
820 2113 998 2179 discordiae:
1022 2114 1109 2199 quod
1127 2127 1159 2179 et
1171 2114 1253 2180 bello
1267 2116 1322 2181 ad.

254 2226 363 2268 versus
377 2203 539 2268 Vindicem
560 2200 723 2266 universus
736 2200 892 2277 adfuerat,
910 2220 978 2277 nec,
998 2197 1056 2261 nisi
1070 2198 1169 2265 occiso
1182 2201 1321 2282 Nerone,

255 2288 423 2353 transimus
446 2286 479 2351 in
502 2284 648 2365 Galbam,
673 2298 769 2372 atque
790 2285 823 2349 in
846 2308 882 2348 eo
900 2284 969 2370 ipso
990 2298 1180 2377 sacramento
1201 2286 1322 2353 vexillis

244 2372 407 2437 'inferioris
418 2370 597 2438 Germaniae
608 2384 788 2459 praeventus
802 2384 877 2435 erat.
900 2372 946 2435 Et
956 2368 1088 2435 Treveri
1102 2393 1138 2435 ac
1150 2370 1212 2435 Lin
1235 2395 1320 2453 ones,

254 2481 395 2547 quasque
420 2458 496 2524 alias
520 2456 658 2524 civitates
685 2456 842 2524 atrocibus
867 2454 978 2552 edictis
995 2467 1052 2521 aut
1073 2454 1188 2522 damno
1209 2395 1321 2524 iniunt

252 2695 308 2745 inde
318 2695 455 2757 nomena,
463 2695 552 2746 Ptetor
561 2695 663 2745 lentulo
672 2693 771 2744 aMo-
803 2694 913 2744 Beroaldi
929 2695 1039 2760 posterior
1056 2694 1158 2759 acessit,
1174 2713 1229 2748 casu
1244 2699 1318 2749 fortes

253 2761 312 2810 cello
323 2773 395 2810 coss.
428 2762 493 2811 locs
508 2760 560 2810 ride
575 2761 601 2808 in
615 2761 687 2810 clave
696 2761 770 2810 Cicer.
803 2769 863 2809 certa
879 2775 926 2809 non
943 2775 957 2808 e
972 2760 1047 2809 libro:
1071 2761 1134 2826 quod
1152 2772 1268 2812 camacum
1287 2775 1321 2814 est

254 2826 368 2874 Smbitur
376 2826 477 2874 inlibris
487 2825 536 2874 cie.
547 2825 594 2874 fue
604 2841 646 2890 per
655 2825 743 2889 duplex
754 2827 770 2872 l.
803 2841 877 2888 usque
891 2825 922 2874 ad
939 2825 1073 2874 Pichencm.
1107 2825 1188 2876 Simile
1203 2842 1274 2877 mox:
1293 2837 1321 2879 ut

254 2889 387 2939 Occurrunt
405 2891 475 2939 etiam
491 2891 601 2948 Helleni,
639 2889 665 2938 ui
685 2898 709 2938 et
726 2889 772 2952 ipsi
803 2897 907 2952 speraret
928 2890 990 2938 Flor-
1008 2889 1086 2938 (inelf.
1105 2889 1195 2939 Putecl
1212 2893 1321 2942 Beroald.

254 2955 344 3002 Alieni.
355 2955 426 3004 'I'mr-
438 2957 463 3013 4,
475 2957 514 3002 Ὦ.
526 2955 568 3004 ubi
578 2954 623 3002 rid.
660 2954 729 3002 aries.
741 2953 772 3001 od
804 2952 858 3002 Aa.
890 2953 926 3003 At
942 2961 970 3003 ut
988 2955 1053 3002 abest
1066 2955 1096 3002 ab
1111 2955 1184 3009 (Bud.
1196 2957 1269 3019 Agr.)
1284 2959 1320 3006 ed.

255 3019 288 3076 Q.
300 3020 339 3067 Fr.
353 3020 375 3078 l,
389 3021 411 3079 l,
422 3022 446 3068 3.
463 3019 534 3068 Eleu.
568 3017 653 3066 Diffcrt
662 3019 773 3066 antonia
804 3034 839 3082 pr.
851 3018 927 3066 Rhen.
939 3033 990 3082 sqq.
1007 3034 1081 3082 usqne
1096 3019 1127 3067 ad
1138 3018 1202 3068 Picla
1217 3021 1274 3070 item
1290 3025 1321 3072 ab

255 3084 475 3132 Carcineslioinio
485 3083 586 3141 caena,
600 3083 632 3131 de
645 3097 692 3145 quo
703 3083 773 3143 H.2,
803 3082 839 3130 ed.
854 3081 944 3146 Ryckii.
961 3083 1033 3132 Enrr.
1066 3083 1182 3147 Copulam
1197 3093 1321 3151 utramque

242 3148 295 3194 ¹53.
329 3149 438 3195 Ceterum
454 3147 513 3212 lapis
528 3147 646 3210 andquus,
657 3145 775 3211 adquam
803 3146 878 3194 delevi
888 3145 1021 3196 Budensem
1031 3158 1128 3196 secutus
1157 3147 1288 3214 Legebamr
1298 3158 1321 3200 ct

253 3210 774 3277 provocatUrsinuaRcineaioinep2l,p.
791 3213 991 3273 'impora...cto
1019 3227 1078 3260 crrc.
1109 3223 1111 3227 ·
1227 3231 1229 3236 ’

254 3276 295 3322 61.
306 3275 398 3324 ridetur
408 3277 505 3323 ordia.
664 3308 669 3314 -
838 3278 1004 3326 cromam
1026 3276 1076 3336 An,
1087 3277 1166 3327 eaor
1183 3277 1257 3326 Isrrs.
1282 3279 1322 3329 Sic

239 3357 243 3365 ·
293 3343 417 3389 Dmuam
437 3355 453 3388 a
473 3355 498 3388 rc
518 3338 574 3407 cta]
601 3341 729 3390 Rhmanus
749 3341 774 3405 (e
804 3349 827 3388 et
840 3340 891 3389 aliis
901 3340 997 3400 videtur,
1010 3341 1134 3402 Groslotio‚
1146 3341 1262 3405 Addalio,
1278 3352 1321 3392 etc.

255 3403 331 3463 Bud.)
349 3405 446 3455 correxit
462 3405 576 3454 dacaru
590 3421 614 3453 cc
629 3407 774 3454 mactatione
803 3419 879 3468 neque
901 3405 1000 3482 recipere
1020 3405 1132 3455 dubitari.
1171 3408 1237 3456 Nam
1260 3410 1322 3456 cuns

254 3469 363 3530 offensus,
382 3479 410 3519 ut
425 3471 514 3534 opinor,
533 3470 657 3519 omissione
676 3469 774 3534 copula,
803 3483 878 3516 mmo
895 3477 929 3518 est
946 3484 972 3517 ιιι
989 3469 1052 3530 vitio,
1069 3484 1112 3520 nec
1128 3470 1159 3520 ad
1175 3471 1251 3522 studia
1269 3473 1321 3522 alli-

239 3549 310 3598 ·qnar
329 3543 408 3584 tamen
430 3535 456 3583 in
478 3534 560 3584 Tacito
580 3534 695 3598 frequens.
728 3533 775 3583 Sed
804 3533 969 3598 ciendaaptua
1002 3533 1081 3583 Facile
1121 3536 1321 3601 tealiterampri·

255 3597 351 3661 Lipsius
366 3613 445 3648 rursus
456 3598 528 3647 edidit
538 3599 648 3673 priscum,
659 3612 714 3646 cunr
723 3613 775 3647 om·
804 3611 869 3646 mam
883 3601 1014 3664 absorptam
1027 3614 1075 3649 esse
1085 3549 1149 3648 dilui
1165 3601 1321 3665 procedentis,

254 3662 456 3774 illam
472 3661 789 3789 mugram
802 3661 1321 3791 {ermemmarus

255 3790 420 3854 ammae,
436 3792 481 3840 aa
495 3791 595 3850 osaea
608 3805 624 3838 n
653 3806 684 3839 aa
695 3799 774 3839 aman
803 3791 856 3854 qua
872 3791 926 3840 aue
940 3791 1096 3841 cuasam
1112 3793 1205 3842 araon
1220 3763 1322 3858 ing...

254 3853 352 3916 premio
368 3854 440 3918 digno
456 3871 481 3904 se
496 3855 613 3904 &edm
654 3868 702 3904 mr.
734 3855 774 3904 De
803 3863 873 3919 perat.
901 3856 962 3904 Mox
972 3857 1087 3918 uenerat,
1099 3858 1162 3923 quod
1173 3874 1187 3907 e
1197 3858 1259 3906 mor.
1271 3859 1322 3906 edi-

255 3918 500 3981 reipsav.c.8ct9.
785 3919 1321 3998 uitriehmahabeaeuamuuuueupr.

288 3983 423 4044 Collegium
433 3985 547 4049 emam]
570 3985 633 4033 Suet.
645 3983 695 4033 Vit.
707 3985 730 4032 2
742 3985 773 4033 1.
784 3991 789 4000 “
802 3991 928 4048 weraeque
937 3993 990 4034 ante
1000 3985 1107 4035 Rhenan.
1119 3987 1145 4034 in
1158 3988 1224 4050 cujus
1238 3986 1322 4034 editio-

259 4048 376 4107 Vincta,
385 4050 541 4109 Imperatoria
547 4056 626 4111 poter,
635 4065 690 4096 cum
699 4050 774 4099 crasa
803 4062 858 4097 nem
873 4049 963 4114 irrepsit
977 4051 1002 4116 (e
1012 4050 1088 4113 Bud.)
1102 4053 1220 4099 abserat.
1253 4050 1321 4100 Illud

235 4127 238 4135 ¹
253 4112 293 4158 dic
299 4113 480 4173 Principedaor
489 4115 622 4161 ordinarios
634 4115 774 4163 umbras
802 4122 836 4161 est
847 4123 939 4162 suetum
956 4114 1038 4164 Tacito
1048 4118 1152 4165 verbum.
1168 4115 1239 4164 Errat.
1273 4115 1321 4165 Sed

256 4177 430 4238 remoramque
437 4179 520 4238 gusia.
537 4177 598 4227 Mox
608 4187 631 4226 ct
641 4181 698 4240 imp.
709 4178 786 4227 rna
801 4178 900 4225 adlicere
910 4193 957 4228 non
967 4181 1051 4229 minus.
1068 4180 1124 4230 Vid.
1136 4197 1155 4229 c.
1167 4180 1239 4228 unet
1249 4181 1273 4240 ὓ,
1285 4183 1309 4228 ὅ.

255 4240 291 4288 ed.
313 4256 349 4304 pr.
370 4239 435 4288 Pida
460 4256 524 4305 seqq.
556 4243 593 4289 At
610 4242 665 4291 MS.
685 4242 774 4305 (Bud.)
838 4245 902 4290 Mor
918 4243 1074 4312 conpertum]
1101 4245 1157 4295 Non
1175 4245 1233 4295 item
1249 4245 1318 4304 mele,

256 4304 334 4353 coac
346 4305 382 4354 ed.
395 4306 485 4354 Puteol.
497 4315 596 4370 nuque
605 4307 688 4368 copula
696 4316 772 4365 caret,
803 4313 927 4371 conperta.
946 4309 1020 4358 lars.

254 4369 318 4433 quod
338 4370 397 4420 milri
418 4370 533 4438 optimum
555 4370 650 4420 ridetur.
684 4371 715 4419 In
734 4371 769 4421 ed,
