3059 4975
236 301 391 377 raro]
583 297 663 359 mn.
681 298 707 358 1.
729 296 820 360 cer.
843 302 891 370 75,
914 300 961 363 76.
1271 300 1308 359 oo

235 464 366 544 remissi,
388 475 557 551 antequam
578 463 754 550 legionibus
780 464 993 528 miscerentur.
1035 460 1141 525 Addit
1164 460 1308 549 epistolar

235 550 356 615 Fabius
370 550 499 629 Valens,
517 551 645 614 nomine
660 549 841 615 Germanici
855 547 1018 625 exercitus,
1040 546 1082 610 ad
1096 547 1262 615 Praetorias
1276 561 1308 613 et

236 638 372 701 urbanas
393 637 545 715 cohortes,
567 636 607 699 de
629 635 747 700 viribus
791 634 905 699 artium
925 657 955 697 m
1022 633 1028 646 '
1053 656 1104 697 cas
1128 646 1160 697 et
1185 654 1309 699 conoor·

236 723 320 787 diam
335 722 506 787 offerentes.
551 722 735 809 Increpabat
789 736 847 799 tro,
870 727 968 806 “quo
1015 732 1102 783 tanto
1120 732 1193 783 ante
1214 719 1309 784 tradi-

237 823 306 873 tum
321 808 446 873 Vitellio
461 807 634 894 Imperium
649 808 690 871 ad
705 807 862 872 Othonem
874 804 1064 869 vertissent.”

243 952 246 956 .
281 894 426 958 LXXV.
450 894 500 976 Ita
519 893 678 981 promissis
700 892 792 959 simul
814 916 849 955 ac
871 890 963 955 minis
983 890 1203 971 tentabantur3
1227 898 1249 931 “
1272 906 1310 958 ut

234 978 317 1044 bello
337 980 470 1067 inpares,
494 980 526 1042 in
544 1002 621 1067 pace
638 978 715 1043 nihil
735 977 878 1043 amissuri
888 978 915 1040 :”
948 998 1049 1063 neque
1067 976 1138 1041 ideo
1161 978 1308 1042 Praetori-

233 1088 366 1129 anorum
380 1066 458 1129 fides
472 1079 601 1132 mutata.
646 1064 710 1131 Sed
723 1064 916 1128 insidiatores
935 1062 976 1125 ab
991 1061 1114 1126 Othone
1128 1062 1159 1127 in
1173 1065 1304 1129 Germa

235 1151 332 1230 niam,
354 1150 516 1216 aVitellio
537 1151 569 1214 in
592 1151 703 1216 urbem
722 1150 827 1214 missi:
851 1148 992 1234 utrisque
1013 1148 1130 1213 frustra
1149 1148 1230 1215 fuit:
1254 1150 1309 1214 Vi-

234 1236 366 1301 tellianis
387 1238 515 1325 inpune,
535 1260 592 1334 per
613 1249 733 1300 tantam
751 1236 915 1299 hominum
937 1232 1182 1311 multitudinem,
1196 1249 1308 1301 mutua

234 1322 410 1409 ignorantia
430 1323 631 1387 fallentibus:
651 1320 831 1399 Othoniani,
856 1319 994 1384 novitate
1019 1318 1137 1398 vultus,
1162 1321 1308 1387 omnibus

234 1408 368 1474 invicem
380 1408 507 1495 ignaris,
521 1408 743 1496 prodebantur.
788 1406 930 1472 Vitellius
943 1404 1061 1471 litteras
1076 1405 1117 1469 ad
1132 1405 1306 1485 Titianum,

234 1494 365 1557 fratrem
391 1493 534 1572 Othonis,
564 1494 748 1580 oomposuit‚
780 1500 802 1531 ‘⁶
828 1492 958 1557 exitium
983 1492 1043 1577 ipsi
1067 1491 1193 1577 filioque
1222 1494 1308 1580 ejus''

235 1579 395 1658 minitans,
411 1586 432 1617 ‘⁴
447 1580 480 1642 ui
494 1577 663 1644 inoolumes
677 1580 736 1645 sibi
750 1591 849 1657 mater
863 1602 898 1642 ao
909 1577 999 1642 liberi
1010 1579 1234 1643 servarentur.''
1262 1580 1308 1643 Et

235 1665 321 1738 stetit
346 1664 457 1728 domus
476 1680 629 1752 utraque:
651 1666 710 1730 sub
725 1665 861 1743 Othone,
884 1664 1036 1728 inoertum
1059 1684 1100 1728 an
1121 1675 1225 1740 metu;
1250 1664 1309 1730 Vi·

235 1749 339 1814 tellius
352 1750 450 1815 vietor
464 1750 634 1815 clementiae
648 1751 780 1837 gloriam
795 1750 877 1816 tulit.
1303 1780 1305 1787 ¹

281 1836 450 1901 LXXVI.
486 1838 612 1901 Primus
641 1837 761 1902 Othoni
787 1836 935 1901 fiduciam
963 1836 1085 1902 addidit
1113 1860 1154 1902 ex
1181 1835 1307 1923 Illyrico

235 1922 377 2000 nuntius,
393 1929 415 1961 “
426 1924 548 2009 jurasse
562 1924 594 1986 in
614 1945 686 1986 eum
701 1922 869 1986 Dalmatia
882 1946 918 1985 ao
938 1923 1109 1986 Pannoniae
1130 1936 1163 1987 et
1182 1920 1307 1988 Moesiae

234 2007 401 2103 legiones?
446 2009 538 2071 Idem
567 2031 606 2071 ex
635 2007 790 2092 Hispania
820 2007 976 2071 adlatum:
1014 2007 1223 2093 laudatusque
1250 2030 1308 2094 per

233 2094 373 2156 edietum
388 2092 521 2157 Cluvius
538 2093 664 2158 Rufus:
687 2105 719 2156 et
740 2092 843 2157 statim
866 2092 1027 2179 cognitum
1048 2105 1105 2171 est,
1127 2115 1307 2157 conversam

233 2179 276 2243 ad
292 2177 455 2243 Vitellium
470 2179 667 2266 Hispaniam.
711 2180 761 2242 Ne
775 2177 947 2265 Aquitania
961 2178 1099 2265 quidem,
1115 2200 1308 2265 quamquam

234 2288 254 2328 a
271 2266 295 2327 J
297 2264 361 2328 ulio
383 2264 489 2329 Cordo
509 2265 542 2329 in
563 2266 659 2329 verba
675 2264 810 2330 Othonis
829 2262 985 2342 obstricta,
1008 2264 1064 2329 diu
1082 2265 1211 2329 mansit:
1234 2287 1308 2329 nus-

236 2373 332 2435 quam
352 2349 430 2414 fides
451 2364 508 2415 aut
528 2373 633 2425 amor3
657 2364 744 2414 metu
766 2373 802 2413 ac
823 2349 1001 2413 necessitate
1023 2350 1085 2415 huc
1106 2348 1180 2415 illuc
1205 2364 1309 2415 muta·

235 2436 360 2500 bantur.
405 2436 528 2502 Eadem
542 2436 677 2501 formido
696 2435 885 2524 provinciam
900 2435 1134 2500 Narbonensem
1152 2434 1194 2501 ad
1208 2435 1309 2502 Vitel-

236 2521 316 2586 lium
328 2522 432 2601 vertit,
445 2523 529 2587 facili
544 2522 679 2587 transitu·
690 2523 730 2586 ad
744 2523 902 2610 proximos
916 2535 948 2585 et
961 2521 1131 2586 validiores.
1166 2523 1308 2610 Longin-

236 2632 310 2696 quae
330 2608 508 2694 provinciae,
532 2623 564 2674 et
577 2608 733 2695 quidquid
755 2631 912 2674 armorum
927 2608 1005 2672 mari
1025 2607 1192 2687 dirimitur,
1212 2631 1307 2694 penes

237 2694 396 2758 Othonem
418 2695 603 2759 manebant:
633 2718 696 2759 non
716 2695 854 2781 partium
877 2693 1001 2768 studio;
1026 2693 1081 2757 sed
1102 2709 1168 2758 erat
1188 2693 1308 2780 grande

235 2795 428 2844 momentum
440 2780 612 2862 innomine
625 2780 713 2847 urbis
731 2806 768 2848 ac
788 2792 944 2870 praetextu
959 2781 1108 2845 Senatus:
1132 2794 1164 2845 et
1173 2801 1307 2868 occupa·

268 2951 495 3018 Increpabataltro]
512 2952 756 3018 Sioediffiendpr.
785 2951 864 2999 vultus
885 2953 1012 3017 prodidere,
1035 2968 1089 3001 eum
1114 2968 1184 3002 nemo
1207 2954 1307 3004 alterum

236 3028 263 3068 ut
278 3021 405 3080 conjecerat
422 3019 557 3068 Rhenanus
591 3019 633 3066 Ad
648 3021 757 3081 epistolar
786 3017 1308 3082 nossetinvicem,eaqueignorantiarurpecta

237 3084 335 3132 retulere
345 3083 544 3142 verbumlibrarii,
554 3093 580 3131 ut
591 3092 652 3131 ente.
685 3084 757 3134 strui.
785 3088 852 3128 esset
885 3083 916 3141 Ιῃ
933 3083 1009 3130 Rben.
1026 3083 1149 3130 editionem
1167 3084 1200 3146 (a.
1221 3084 1305 3144 leti.)

235 3150 264 3199 lis
279 3149 358 3212 lapsus
375 3150 400 3208 3,
418 3150 458 3195 81.
484 3149 579 3210 vulgo:
597 3150 755 3211 increpabunt.
782 3148 870 3206 gaoris
879 3147 951 3204 venit,
962 3147 1038 3194 neseio
1052 3156 1132 3194 utrum
1145 3147 1195 3211 ipso
1206 3146 1306 3208 volente,

236 3215 311 3262 Eur.
321 3213 360 3261 Sic
371 3213 465 3260 etBud.
785 3225 815 3258 an
827 3226 895 3260 casu:
913 3212 978 3260 idad
991 3227 1072 3260 omnes
1083 3220 1137 3275 post
1149 3212 1221 3260 editos
1235 3211 1306 3262 libros

236 3303 247 3311 ·-
273 3279 426 3342 Tantoante]
444 3278 539 3339 Maiora
554 3279 704 3341 verbaquam
714 3293 757 3340 pro
785 3286 946 3340 propagatum.
960 3277 1032 3324 Eur.
1052 3277 1115 3324 Bud
1132 3285 1155 3326 et
1169 3277 1229 3340 Reg.
1243 3276 1306 3326 hall.

235 3359 268 3391 re.
293 3343 359 3390 Nam
368 3342 517 3390 intervallum
525 3358 587 3396 sane,
597 3343 656 3389 inter
666 3342 757 3390 Vitellii
785 3339 841 3386 item
853 3341 889 3388 ed.
902 3341 979 3388 Rhen.
991 3341 1061 3390 1519.
1072 3341 1158 3390 hebent
1171 3343 1273 3404 ignaris.

236 3407 384 3470 othonisque
403 3407 541 3469 Imperium,
557 3407 677 3469 exiguum.
709 3408 756 3454 Ju-
817 3403 859 3450 Aa
873 3407 998 3453 Titianam
1002 3405 1124 3468 fratrem]
1134 3405 1197 3452 Eud.
1206 3413 1261 3452 vett.
1270 3407 1306 3468 (et

235 3481 317 3520 ramat
331 3473 393 3519 euim
405 3471 537 3519 Gennanici
551 3471 664 3518 exercitus
675 3470 701 3517 in
712 3471 756 3520 Vi·
786 3483 805 3515 o.
817 3467 891 3528 Bud.)
906 3471 1053 3516 Tutanum:
1069 3478 1130 3518 recte
1141 3467 1219 3516 Rheu.
1234 3468 1306 3518 edidit

235 3537 294 3584 tellii
319 3551 404 3584 nomen
432 3535 546 3583 Kalendis
569 3535 703 3583 Januariirr
731 3544 756 3584 at
789 3532 1093 3597 Titianam(exingenio.).
1106 3534 1179 3582 Erat.
1237 3551 1240 3556 ·

235 3601 346 3663 postridie
357 3601 416 3648 Idus
426 3601 503 3648 Galba
514 3615 593 3658 casus,
609 3608 632 3646 et
645 3601 756 3664 Prinoeps
800 3599 861 3645 'Ne
877 3600 925 3661 Aq.
942 3597 1047 3660 quidem]
1064 3597 1128 3646 Bud.
1144 3613 1193 3646 aec.
1225 3599 1265 3648 sie
1282 3607 1306 3648 et

234 3667 310 3713 faetus
327 3665 400 3714 Otho.
432 3664 471 3712 Ita
491 3664 559 3727 pauci
578 3664 627 3712 dies
643 3663 754 3712 interfue-
785 3662 847 3724 Agr.
858 3663 897 3711 sed
909 3664 973 3711 Flor.
984 3679 1021 3712 ne.

234 3740 299 3788 mut,
311 3739 335 3778 et
345 3739 386 3777 aut
398 3728 500 3778 militum
514 3738 556 3776 aut
566 3728 643 3776 Taciti
656 3728 755 3777 adsertio
816 3729 886 3776 Jalto
899 3727 988 3792 Cordo]
999 3727 1178 3789 Alcmaeonem
1187 3727 1254 3778 oodd.
1262 3744 1305 3778 vo-

235 3809 284 3842 non
338 3803 546 3857 usquaquemuta.
574 3793 651 3841 lires.
680 3793 756 3840 Vitel-
784 3791 848 3840 lebat
858 3793 965 3840 Manilio
978 3794 1063 3841 Cordo.

235 3859 326 3906 liumin
337 3859 395 3906 erior
400 3858 513 3906 exereitus
518 3858 627 3922 postridie
635 3857 690 3905 Kal.
698 3858 755 3905 Jan.
817 3859 852 3905 Et
863 3860 927 3906 stetit
941 3859 1133 3919 domorumque
1147 3859 1189 3906 aab
1202 3860 1305 3924 Othone]

234 3923 755 3986 salutarhlmperatorermsuperiorIIINon.
786 3921 826 3968 Tu
842 3937 896 3970 vero
907 3923 1052 3986 interpunge,
1064 3925 1130 3970 stetit
1142 3924 1224 3972 domur
1239 3932 1308 3974 atro-

235 3988 291 4035 Jan.
304 4003 324 4035 c.
337 3990 363 4046 5,
375 3987 398 4041 7.
421 3988 498 4034 Galba
511 3987 754 4036 oaesusXVIIIKal.
787 4002 844 4048 puer
873 3989 916 4034 aab
940 3989 1030 4034 Othone
1047 3989 1163 4036 incoram
1180 4005 1212 4036 aa
1233 3996 1307 4038 nutu.

236 4052 388 4106 Febr.c.27.
422 4051 546 4099 andhue
558 4053 610 4100 vivo
620 4051 716 4099 nuntius
727 4052 756 4099 de
787 4051 861 4098 Iure.
880 4051 1009 4100 Groslotius
1024 4051 1136 4116 distingui
1148 4053 1239 4102 volebat
1254 4059 1308 4117 post

237 4116 332 4164 Vitellio
354 4118 457 4164 Romam
478 4116 569 4164 adlatus
585 4131 606 4164 c.
625 4116 655 4162 14
677 4125 701 4164 et
716 4119 756 4164 bt).
790 4117 887 4164 ottone.
909 4117 982 4164 Eur.

237 4179 312 4228 Militi
332 4182 431 4244 longum
447 4179 473 4228 id
489 4181 591 4244 spatium
608 4179 693 4241 visum,
710 4197 758 4244 quo
821 4183 1069 4249 PretertuSertotus]
1081 4183 1274 4244 Illonprateato,
1284 4187 1308 4226 et

237 4245 293 4294 ahos
304 4247 457 4310 pravenisaet
787 4260 843 4292 mox
853 4261 872 4294 c.
887 4247 926 4302 77.
943 4246 973 4294 Id
983 4249 1067 4311 recepit
1077 4249 1104 4296 J.
1116 4246 1247 4294 Gronovius
1255 4243 1280 4288 h.
1289 4241 1308 4290 l.

269 4313 385 4358 Omnibus
399 4313 500 4358 invicem
516 4309 621 4374 ignorit]
637 4311 676 4359 Sic
692 4309 754 4358 edidi
786 4325 833 4357 non
844 4311 930 4368 altero;
948 4311 1011 4374 quod
1021 4320 1098 4360 tamen
1109 4310 1159 4358 fieri
1169 4305 1307 4380 dehabebsi

236 4390 250 4421 e
264 4375 321 4424 MS.
337 4375 402 4423 I'lor.
420 4375 470 4422 edd.
485 4391 522 4437 pr.
539 4376 629 4424 Puteol.
645 4375 754 4424 Beroald.
787 4375 855 4422 unica
865 4375 999 4423 Florentino
1010 4375 1068 4424 libro
1078 4375 1142 4422 fides.
1173 4373 1225 4418 Sero
1235 4377 1306 4416 etiam

233 4439 289 4490 Alc.
322 4440 375 4490 Ner
386 4440 453 4490 aliter
463 4449 647 4490 seususmnstat.
675 4439 755 4503 Ignoti
787 4440 811 4486 in
833 4440 884 4490 aliis
906 4439 1038 4488 auctoribus
1054 4445 1163 4486 neutrum
1182 4447 1306 4484 occurrere·
