3059 4975
192 261 263 318 srs
565 213 873 325 ''rrrsronianuri
1088 248 1261 341 [reson.

98 447 101 482 ι
196 421 251 486 *am
274 421 281 436 ‘
307 443 366 487 ua:
392 427 413 461 “
427 421 518 501 irent,
529 423 793 515 simulacrumque
802 425 900 514 patris
913 426 961 492 sui
972 425 1164 506 reveherent,
1179 447 1263 490 soro·

200 507 273 572 sisr
302 507 333 571 in
356 509 494 573 uerent.”
596 535 599 542 ·
1118 569 1123 575 .
1225 515 1252 572 “,

244 593 349 658 LXX
369 593 443 658 ⁷1v.
467 595 515 660 Ut
533 596 607 661 Sino
649 619 668 658 n
682 619 804 676 venere,
818 620 957 676 munera,
980 621 1097 684 preces,
1113 597 1261 679 mandata

201 677 301 764 Regis
315 678 362 743 sui
378 678 594 765 Scydrothemi
617 704 628 743 1
640 680 796 766 adlegant.
840 682 907 756 Qui
921 706 1030 748 versus
1043 683 1149 762 animi,
1165 684 1260 748 modo

198 764 327 828 Numen
354 785 527 860 pavescere,
550 765 644 830 modo
671 766 763 830 minis
787 767 977 833 adversantis
998 769 1107 857 populi
1131 768 1257 835 terreri:

198 871 282 935 saepe
296 847 384 914 donis
398 849 617 936 promissisque
631 849 805 936 legatorum
823 852 1014 918 flectebatur.
1058 859 1168 941 Atque
1181 855 1259 918 inte-

198 933 259 998 rim
281 934 414 1000 triennio
439 949 558 1014 exacto,
581 935 771 1002 Ptolemaeus
790 959 854 1002 non
878 938 1030 1020 studium,
1055 943 1118 1005 nori
1140 963 1257 1028 preces,

197 1018 348 1084 omittere.
401 1019 596 1107 Dignitatem
624 1019 808 1119 legatorum,
834 1046 1000 1090 nnmerum
1025 1026 1164 1105 navium,
1190 1025 1259 1090 suri

197 1105 321 1192 pondus
334 1105 479 1192 augebat.
524 1107 612 1170 Tum
626 1129 731 1172 minax
744 1108 838 1173 iacies
853 1112 893 1176 Sc
914 1109 1103 1177 drothemidi
1116 1112 1257 1191 offertur,

200 1198 221 1230 “
236 1213 275 1255 ne
289 1190 441 1276 destinata
455 1193 526 1256 Deo
539 1191 622 1256 ultra
632 1195 834 1258 moraretur.''
900 1208 1078 1261 unctantem
1091 1197 1178 1262 varia
1189 1211 1261 1283 per·

145 1317 150 1322 -
198 1275 291 1342 uicies
304 1275 467 1362 morbique
480 1291 513 1343 et
526 1277 688 1342 manifesta
701 1277 872 1344 coelestium
885 1280 933 1344 ira
944 1281 1132 1368 graviorque
1144 1283 1177 1345 in
1191 1282 1258 1346 dies

197 1361 358 1460 fatigabat
403 1361 567 1428 Advocata
581 1363 735 1443 concione,
756 1371 779 1403 “
789 1365 878 1451 jussa
890 1366 1047 1446 Numinis,
1068 1391 1140 1432 siros
1154 1366 1259 1431 Ptole-

198 1451 331 1534 maerque
346 1446 441 1525 visus,
464 1446 641 1536 ingruentia
662 1449 766 1514 mala''
787 1451 923 1538 exponit
960 1452 1084 1539 Vulgus
1103 1453 1259 1517 adversaii

198 1535 331 1621 Regem,
348 1531 487 1597 invidere
501 1535 656 1682 AEglypw’
676 1534 734 1600 sibi
748 1551 886 1601 metuere
900 1535 1114 1625 templumque
1128 1537 1258 1603 circum.

198 1618 305 1683 sidere.
349 1618 457 1706 Major
471 1619 542 1684 hinc
574 1642 644 1684 ama
667 1620 805 1699 tradidit,
826 1629 847 1660 “
863 1622 1002 1687 Denmi
1041 1647 1095 1687 um
1109 1622 1257 1710 adpulsas

197 1701 280 1768 litori
304 1725 397 1768 naves
417 1717 526 1790 sponte
539 1705 777 1771 conscendisse.”
821 1707 944 1771 Mirum
961 1706 994 1771 in
1017 1708 1149 1787 edictu,
1164 1710 1256 1773 tertio

196 1789 259 1869 die,
278 1803 400 1855 tantum
415 1789 508 1854 maris
527 1789 651 1868 emensi,
667 1789 892 1856 Alexandriam
906 1791 1115 1879 adpelluntur.
1160 1796 1274 1859 Tem-2

195 1874 284 1962 plum
298 1897 355 1962 pro
366 1875 580 1972 magnitudine
590 1875 677 1942 urbis
686 1888 881 1941 exstructum
893 1877 972 1956 loco,
981 1878 1032 1942 cui
1043 1902 1156 1944 nomen
1165 1878 1256 1944 Rha·

195 1959 288 2026 cotis:
311 1961 414 2026 fuerat
427 1959 489 2025 rllic
501 1961 656 2039 sacellum,
670 1963 743 2026 Sera
765 1962 811 2026 idi
824 1963 919 2050 atque
934 1963 1013 2027 Isidi
1022 1964 1195 2052 antiquitus
1208 1989 1256 2028 sa-

194 2061 326 2114 cratum.
370 2049 451 2112 Haec
465 2046 505 2111 de
523 2047 641 2134 origine
660 2058 691 2112 et
705 1985 844 2113 vadiectu
859 2048 920 2114 Dei
933 2048 1141 2116 celeberrima.
1187 2053 1257 2129 Nec

193 2155 265 2198 sum
278 2133 416 2220 ignarus,
431 2155 496 2198 esse
506 2132 669 2224 quosdam,
685 2133 740 2220 qui
756 2141 778 2172 ‘⁶
791 2133 940 2215 Seleucia,
955 2136 1034 2201 urbe'
1049 2137 1160 2224 Syriae,
1175 2137 1255 2202 acciss

194 2380 273 2432 Rhea.
280 2381 374 2448 recepit
394 2383 425 2432 In
434 2383 485 2432 aliis
495 2382 570 2432 verbis
580 2380 644 2431 Bud.
654 2397 708 2446 pac-
737 2389 812 2432 totum
820 2385 901 2432 ηοοοίο.
913 2383 986 2432 Ean.
1001 2383 1063 2433 Bud.
1075 2383 1254 2447 nwjor...taa·

194 2456 240 2503 cst,
251 2447 321 2497 habet
332 2453 440 2508 verteret,
448 2454 595 2513 paterentur.
739 2453 798 2496 tum.

224 2512 272 2569 Qut
281 2513 479 2578 diverraanaimi]
492 2514 565 2561 MSS.
574 2510 708 2577 straus)
770 2515 896 2579 Rhacotis]
931 2513 999 2562 Olim
1017 2514 1090 2573 vicus,
1108 2520 1186 2577 postea
1200 2526 1255 2575 pam

194 2575 255 2639 Agr.
261 2590 358 2623 ornas.-
368 2576 438 2624 rnale.
452 2577 483 2625 In
490 2586 708 2639 utramquepartem
737 2576 895 2637 Alexandria,
902 2578 1023 2627 novalibus
1030 2578 1153 2628 inminens.
1169 2577 1253 2628 Strabo

193 2640 272 2689 animo
287 2638 461 2699 distrahebatur,
478 2640 635 2687 modovolens
650 2640 709 2687 scci-
740 2640 779 2694 17.
795 2656 819 2702 p.
834 2641 891 2695 792.
920 2642 1046 2704 Serapeum
1062 2639 1252 2688 Alexandrinum

264 2703 411 2763 conditiones,
433 2702 504 2752 modo
519 2704 607 2751 nolens.
642 2701 708 2750 Infra
738 2702 844 2751 describit
853 2704 936 2753 Amm.
949 2704 1056 2752 Marcell
1067 2706 1109 2762 22,
1123 2704 1160 2751 16.
1192 2703 1254 2764 Ejus

225 2769 250 2817 S.
260 2769 320 2833 Agr.
328 2767 364 2816 ed
375 2784 411 2832 pr.
421 2784 436 2815 a
444 2770 504 2815 Deo.
525 2767 571 2816 Sed
578 2766 708 2831 propositio
737 2768 873 2816 meminiret
883 2768 981 2832 Dionys.
993 2783 1015 2817 v.
1026 2770 1084 2817 255.
1101 2768 1152 2815 isia
1165 2768 1254 2817 naon!-

190 2842 244 2882 ωλι
251 2842 286 2883 est
295 2833 418 2881 ex'ultima
428 2831 577 2897 precedentis
587 2832 658 2879 verbi.
675 2831 706 2878 In
737 2849 778 2879 τοο
789 2834 840 2886 Διὸς
850 2834 953 2892 μεγάλοιο
963 2834 1077 2894 μέλαθρον.

193 2898 231 2945 ed.
242 2914 277 2962 pr.
292 2904 426 2945 moraretur
438 2896 531 2947 excidit.
547 2896 620 2945 ΕΠ.
643 2895 708 2944 Bud.
770 2898 882 2958 Serapidi
891 2906 960 2961 atque
966 2898 1028 2944 Isidi
1034 2898 1141 2961 sacram]
1154 2896 1253 2945 Savilius

191 2964 254 3011 Deo.
285 2962 340 3027 Bip.
356 2962 475 3011 restituere
495 2976 592 3009 vereare
609 2976 707 3025 sequor:
736 2968 811 3009 terrim
822 2963 930 3009 barras.-
947 2961 1010 3025 quia,
1019 2970 1071 3009 tum
1081 2962 1176 3009 demum
1184 2961 1253 3009 adve-

190 3039 227 3075 est
235 3034 313 3075 autem
324 3034 428 3075 mutatus
438 3042 457 3075 s.
468 3026 603 3075 mutabilis.¹
737 3034 797 3084 ctus,
806 3025 871 3073 Deus
881 3040 928 3074 non
938 3034 992 3075 ante
1002 3026 1111 3073 sacellum
1121 3026 1252 3089 haberepo-

225 3092 358 3140 Adversari
375 3092 477 3156 Regem]
505 3092 578 3139 Recte
598 3088 708 3137 Muretus
737 3090 814 3138 tuerit.
847 3090 929 3154 Atque
939 3090 1008 3138 etiam
1017 3090 1146 3139 Borhartus
1158 3089 1252 3139 Hieroz.

191 3154 708 3283 me
737 3154 1253 3284 mammisess

189 3282 270 3344 babet,
286 3282 399 3331 arrisum
414 3283 529 3331 Pichenae.
561 3282 709 3344 Vulgusau·
738 3284 828 3343 Gnaeo,
837 3283 1065 3341 nndehachsusta3
1080 3286 1150 3333 verbo
1160 3286 1252 3343 τετίμη-

188 3346 510 3412 direRegisdictanolebst,
539 3346 707 3405 uodastaver-
738 3366 775 3393 ται
787 3348 846 3411 (quo
856 3357 879 3396 et
890 3348 1000 3407 Clemens
1008 3348 1079 3395 Alex.
1096 3348 1208 3409 Protrept
1225 3362 1250 3409 p.

191 3415 251 3473 acri.
261 3411 293 3469 V.
309 3411 339 3461 ad
355 3412 388 3460 H.
410 3411 467 3471 l,l.
496 3410 518 3459 E
560 3426 595 3473 pr.
613 3419 636 3459 et
651 3410 706 3458 MS.
737 3410 777 3458 31.
802 3412 875 3460 utitur
889 3412 949 3461 banc
964 3410 1134 3474 remnarraas)
1150 3420 1250 3476 accepto,

191 3478 252 3541 Agr.
268 3493 344 3540 reges,
359 3475 422 3541 quod
435 3476 510 3539 placet
520 3474 619 3538 Ryclrio,
636 3484 663 3522 ut
677 3474 707 3523 ad
737 3477 814 3524 cultas
820 3482 863 3537 ast,
871 3492 925 3525 cum
933 3476 1064 3524 sitcolitar..
1080 3476 1126 3525 Sed
1136 3474 1251 3537 Serapidis

186 3540 405 3605 Scydrothemidem
424 3547 447 3589 et
463 3540 615 3587 Ptolemaeum
635 3539 705 3603 perti-
737 3540 813 3593 cultus
827 3542 877 3603 jam
890 3550 944 3589 ante
959 3540 1022 3604 apud
1033 3540 1171 3603 AEgyptiosr
1188 3554 1252 3587 nunc

187 3614 253 3667 ,nest
278 3606 358 3654 Malae
377 3603 585 3667 utcdictispatet.
612 3602 707 3653 Inride-
736 3604 828 3668 Serapis
845 3605 977 3669 Sinopensis
990 3605 1087 3667 ejusque
1101 3602 1252 3652 simulacrum

192 3671 249 3718 bant
263 3685 330 3733 porro
345 3670 451 3733 AEgypto
463 3667 628 3731 possessionem
644 3668 707 3717 illius
736 3668 790 3716 iude
810 3669 932 3717 advectum
952 3668 996 3715 coli
1016 3682 1050 3715 coe
1065 3668 1098 3715 it:
1124 3677 1152 3716 ut
1168 3668 1252 3721 diserte

167 3733 293 3793 „Deisui
303 3731 707 3798 gloriamquesxDeoadsetrans-
736 3732 806 3781 tradit
824 3733 940 3781 Platarch·
958 3731 988 3778 de
1005 3730 1040 3779 Isi
1080 3740 1104 3780 et
1121 3730 1209 3781 ,Osirid
1225 3750 1252 3797 p.

191 3798 253 3857 lato,
269 3797 369 3861 denique
378 3799 518 3859 metuebam,
530 3812 560 3845 ne
570 3796 614 3847 sibi
629 3797 706 3861 perni-
736 3797 794 3845 362.
815 3798 844 3851 οἷς
856 3794 1019 3859 Ἀλεξάνδρειαν
1033 3794 1147 3856 κομισθεὶς
1159 3797 1185 3844 ‘rb
1199 3798 1251 3859 παρ]

190 3860 279 3910 cibsum
289 3862 475 3921 foret,·siDsum
485 3877 554 3910 suum
565 3877 580 3909 a
590 3877 614 3909 sc
624 3860 708 3909 abduci
735 3860 858 3922 λζγυοτίοος
872 3860 936 3918 ὄνομα
947 3863 985 3905 τοῦ
998 3860 1125 3915 Πλούτωνος
1140 3861 1251 3916 ἐκτήσατο

188 3926 299 3975 sinerent.
315 3924 387 3975 ERN.
414 3926 478 3976 Bud.
490 3928 588 3989 Regem.
612 3926 707 3973 Invooe
737 3924 883 3987 τδοΣαράοοοο.
899 3922 971 3973 ΕΒΗ.

188 3992 313 4041 adversari
328 3990 412 4039 iterum
430 3994 459 4040 ab
481 3990 588 4055 Ernestio
608 3990 708 4040 discedo.
769 3992 804 4037 Et
818 3990 916 4037 Maecia
931 3990 993 4054 Dei]
1020 3988 1078 4037 MS.
1096 3988 1177 4039 Guelf.
1198 3988 1252 4037 edd.

191 4056 297 4106 Probata
320 4054 453 4104 Latinitatis
479 4058 577 4103 verbnm
603 4070 651 4104 esse
676 4071 706 4104 ex
736 4063 790 4103 ante
798 4054 876 4102 Rhen.
888 4070 968 4120 ornnes
977 4055 1087 4101 adventa.
1117 4053 1251 4101 AneMS.

191 4120 276 4171 Plauto
296 4130 368 4186 potet,
389 4120 432 4196 qui
451 4134 591 4185 paregmeno
607 4135 663 4183 usus
680 4120 706 4167 in
737 4118 1074 4181 Budmarectiosienoecio.
1091 4116 1252 4171 (Omninosic

189 4184 264 4233 Mero.
274 4189 297 4243 2,
307 4188 332 4246 3,
342 4187 380 4233 43.
390 4184 502 4247 srcraolo
510 4185 632 4231 advorsari
640 4192 706 4233 taam
736 4192 791 4249 est.)
810 4184 909 4247 Alioqui
924 4184 994 4231 verba
1010 4183 1060 4230 hac
1074 4182 1131 4229 vebo
1140 4191 1164 4229 ct
1175 4184 1251 4242 nemo,

188 4250 303 4297 advorsus
313 4252 459 4298 sententiam.
736 4256 759 4297 et
778 4248 847 4295 ducta
862 4248 924 4308 hinc,
940 4247 1027 4311 passim
1040 4246 1065 4293 in
1081 4246 1171 4311 scriptis
1186 4246 1252 4295 libris

224 4316 308 4377 Major
316 4314 495 4377 inaestimata]
505 4311 560 4359 MS.
569 4309 647 4357 Guelt'.
655 4327 706 4358 aaa·
737 4312 919 4374 confunduntur.
950 4312 1087 4360 Ssdtarnen
1100 4320 1124 4358 et
1137 4309 1252 4360 adoratus

185 4377 276 4435 jeram.
301 4379 389 4439 Major
400 4379 472 4440 saara
489 4374 707 4437 estrnirabilior,ob
737 4377 830 4426 solenne
841 4378 937 4425 verbum
947 4376 1023 4437 inbac
1033 4390 1065 4423 re.
1088 4374 1137 4425 cic.
1149 4376 1252 4432 NatD.

183 4437 225 4493 «χοί
234 4440 370 4489 rnirsmium
380 4439 521 4505 majusfide.
547 4438 608 4505 Mor
619 4440 655 4489 od.
667 4456 705 4504 pr.
737 4442 762 4504 3,
774 4442 813 4507 23.
836 4430 921 4505 Apide
931 4436 1015 4491 tertias
1025 4442 1083 4492 «Τοοο
1093 4444 1164 4491 terrio
1173 4448 1250 4498 natus.
