3059 4975
225 322 229 329 Ι
265 267 293 308 ι.
308 268 335 307 c.
350 249 415 327 7u]
599 252 676 313 LIB.
697 250 755 311 111.
777 251 862 317 GAP.
884 253 932 321 26,
952 253 999 315 217.
1277 248 1333 309 185

265 434 345 479 neve
356 436 392 479 se
403 414 640 503 utparricldam
654 425 888 494 aversarentur:
910 410 1073 502 publicum
1091 412 1125 476 id
1138 410 1277 489 lacinus:
1300 422 1333 475 et

172 574 175 578 ἵ
264 520 366 565 unum
379 500 507 565 militem
520 514 651 589 quotam
663 500 801 565 civilium
816 522 973 565 armorum
984 512 1105 586 partem
1113 500 1150 564 2⁵³
1173 498 1265 563 simul
1280 498 1334 563 ad·

266 583 373 650 ¹tollere
383 610 507 674 corpus,
521 587 641 673 aperire
654 586 798 664 humum,
814 610 849 651 su
873 608 958 651 remo
973 608 1047 672 erga
1060 596 1220 671 parentem
1233 584 1334 649 officio

265 668 370 757 fungi.
413 671 589 739 Advertere
609 672 753 760 proximi,
769 610 881 737 deinde
900 672 1022 757 plures:
1052 670 1125 733 hinc
1139 692 1332 756 peromnem

265 756 362 821 aciem
383 758 568 822 miraculum
580 771 611 822 et
621 772 751 844 questus
764 772 796 821 et
810 756 967 821 saevissimi
981 756 1054 820 belli
1069 754 1254 819 exsecratio:
1277 778 1333 820 nec

267 863 304 904 eo
327 842 453 929 segnius
476 844 680 931 propinquos,
701 842 831 921 adfines,
855 843 966 907 fratres
990 840 1160 905 trucidatos
1184 841 1331 929 spoliant:

265 926 385 994 factum
399 953 464 994 esse
477 929 576 993 scelus
588 929 762 1016 loquuntur
776 928 966 1014 faciuntque.

310 1014 447 1081 XXVI.
471 1017 520 1080 Ut
534 1018 719 1100 Cremonam
734 1036 858 1092 venere,
873 1035 990 1078 novum
1003 1011 1176 1075 inmensum
1200 1036 1240 1077 ue
1253 1036 1334 1101 opus

265 1098 411 1164 occurrit.
456 1100 634 1165 Othoniano
647 1098 740 1173 bello,
756 1098 962 1165 Germanicus
983 1098 1071 1162 miles
1090 1036 1245 1163 moenibua
1260 1102 1336 1163 Cra-

266 1184 460 1250 inoneusium
484 1199 584 1251 castra
604 1210 672 1265 sua,
697 1184 805 1249 castris
824 1185 941 1249 vallum
959 1183 1206 1269 circum'ecerat:
1235 1206 1334 1271 eaque

266 1270 460 1337 munimenta
470 1296 579 1337 rursus
592 1284 739 1337 auxerat:
755 1293 889 1357 quorum
905 1270 1054 1356 adspectu
1068 1208 1184 1333 liaesere
1193 1270 1335 1349 victores,

265 1355 390 1422 incertis
411 1358 572 1445 Ducibus,
602 1358 681 1445 quid
704 1358 869 1445 juberent:
902 1354 1037 1443 incipere
1058 1356 1334 1442 oppugnationem,

266 1442 348 1507 fesso
405 1444 518 1507 rdiem
541 1456 725 1529 noctemque
739 1442 888 1521 exercita,
906 1440 1053 1519 arduum,
1074 1454 1115 1518 et,
1136 1440 1223 1505 nullo
1240 1442 1336 1529 juxta

267 1528 352 1595 subsi
377 1527 416 1607 io,
439 1551 514 1593 ance
537 1553 569 1595 a:
592 1529 639 1594 sin
660 1528 848 1593 Bedriacum
871 1527 1018 1605 redirent,
1039 1525 1252 1591 intolerandus
1270 1539 1335 1591 tam

183 1616 186 1634 ‘
267 1610 353 1700 longi
363 1613 480 1680 itineris
489 1553 588 1695 labor,
599 1615 767 1695 etvictoria
775 1614 815 1679 ad
825 1613 955 1678 inritum
963 1612 1189 1677 revolvebatur.
1205 1612 1336 1679 Munire

267 1705 388 1765 castra?
418 1700 452 1765 id
477 1725 614 1789 quoque,
663 1700 825 1788 ropinquis
850 1698 1002 1777 hostibuS,
1024 1696 1270 1776 formidolosum,
1295 1721 1336 1763 ne

266 1783 431 1871 dispersos,
446 1801 478 1851 et
490 1810 571 1874 opus
589 1725 749 1851 molientes
763 1786 868 1851 subita
881 1784 1044 1871 eruptione
1058 1783 1238 1849 turbarent:
1263 1808 1336 1871 quae

267 1892 362 1957 super
383 1883 496 1937 cuncta
518 1873 655 1937 terrebat
677 1872 817 1959 ipsorum
841 1871 940 1949 miles,
964 1868 1094 1957 periculi
1119 1892 1215 1955 quam
1239 1892 1336 1935 morae

266 1956 449 2049 patientior:
482 1958 601 2045 quippe
624 1959 759 2037 inorata,
775 1979 848 2042 quae
870 1968 958 2030 tuta:
984 1978 1024 2019 ex
1049 1953 1221 2019 temeritate
1246 1978 1334 2043 spes:

266 2043 430 2191 offisque
447 2043 547 2110 caedes
567 2056 599 2108 et
615 2010 743 2108 vulbera
760 2055 792 2107 et
811 2040 938 2127 sanguis
958 2039 1106 2105 aviditate
1124 2040 1240 2131 praedae
1260 2064 1338 2129 pen·

269 2150 304 2191 sa
366 2141 427 2193 tur,

315 2215 467 2298 XXVII.
492 2218 569 2280 Huc
587 2216 747 2281 inclinavit
760 2214 932 2294 Antonius,
956 2220 978 2252 “
993 2209 1140 2299 cingique
1153 2212 1272 2278 vallum
1287 2236 1338 2280 co-

267 2302 367 2390 ropa”
382 2302 497 2388 jussit:
520 2302 623 2389 primo
637 2302 758 2389 sagittis
780 2300 924 2387 saxisque
939 2300 1060 2364 eminus
1084 2299 1256 2378 certabant,
1273 2322 1338 2365 ma-

262 2384 333 2471 jore
348 2384 571 2451 Flavianorum
591 2390 737 2477 pernicie,
755 2387 789 2451 in
804 2410 883 2473 quos
898 2385 960 2449 tela
973 2387 1110 2472 desuper
1121 2385 1317 2450 librabantur
1327 2412 1336 2453 :¹

266 2494 341 2535 mox
356 2472 472 2538 vallum
486 2498 529 2561 po
614 2500 655 2539 ue
667 2473 843 2563 legionibus
856 2472 1019 2552 adtribuit,
1034 2486 1072 2536 ut
1086 2470 1236 2536 discretus
1250 2471 1338 2538 labor

267 2557 363 2622 fortes
381 2559 574 2648 ignavosque
613 2561 804 2648 'stingueret,
820 2570 915 2646 atque
929 2559 997 2646 ipsa
1010 2558 1205 2624 contentione
1219 2559 1338 2622 decoris

266 2645 515 2715 accenderentur.
559 2647 708 2712 Proxima
723 2645 921 2711 Bedriacensi
936 2644 996 2708 viae
1015 2643 1139 2709 tertiani
1161 2645 1338 2731 septimani·

267 2751 330 2814 que
345 2753 520 2830 sumpsere:
543 2732 718 2797 deliteriora
732 2731 806 2798 valli
820 2743 928 2796 octava
942 2753 978 2794 ac
998 2731 1129 2817 septima
1145 2730 1335 2794 Claudiana:

266 2815 533 2909 tertiadec1manos
546 2819 589 2882 ad
603 2819 783 2883 Brixianam
798 2827 921 2905 portam
935 2815 1059 2903 inpetus
1073 2815 1156 2881 tulit.
1189 2815 1337 2882 Paullum

269 3017 376 3068 Nonium
392 3021 417 3081 t,
432 3022 488 3072 363.
500 3037 548 3088 qno
563 3037 632 3071 sensu
647 3022 673 3070 iu
682 3021 787 3086 Vergil,
810 3022 889 3086 fictor
899 3023 1034 3070 exeratur:
1051 3020 1113 3086 quod
1125 3031 1148 3070 et
1155 3021 1232 3084 ipsum
1241 3027 1337 3070 rectum.

233 3139 238 3146 ⁴
268 3083 325 3132 569.
332 3087 430 3147 piacula
439 3096 572 3135 sumuntur.
597 3088 653 3152 Bip.
660 3090 788 3150 ptatosre-
818 3087 863 3136 Sed
872 3087 993 3150 vulgatum
1002 3087 1085 3135 melius
1094 3087 1214 3142 arverius:
1227 3085 1269 3132 etsi
1276 3085 1338 3134 Flor.

267 3163 364 3211 cepere:
382 3150 466 3198 malint
480 3160 557 3200 tamen
574 3153 694 3214 captator,
709 3160 733 3200 ct
747 3153 788 3200 ae-
819 3153 888 3200 etiam
900 3161 922 3200 ct
933 3151 968 3198 ed
980 3167 1015 3214 pr.
1025 3153 1111 3215 strare,
1127 3149 1166 3198 sed
1182 3164 1239 3197 mox
1249 3153 1338 3196 areret·

263 3215 482 3274 prcmbantarscil.
492 3217 594 3278 culpam.
621 3215 708 3278 Ryckii
718 3217 788 3264 ratio-
818 3221 877 3265 tum.
910 3216 971 3264 Mox
988 3219 1081 3264 mantra
1097 3223 1174 3263 castra
1190 3231 1231 3278 per
1241 3213 1339 3262 interro-

267 3291 323 3326 nem
337 3280 478 3343 amplector:
495 3281 617 3342 explicatio
631 3279 724 3328 Ernesti
740 3295 786 3328 non
818 3282 935 3344 'gationem
957 3281 1026 3342 dicta,
1047 3280 1078 3328 ad
1096 3279 1230 3328 variandam
1255 3279 1339 3328 oratio-

266 3342 328 3389 tnihi
343 3344 467 3404 sauciarit:
484 3347 583 3410 probant
597 3354 676 3393 tamen
686 3345 754 3392 Brot.
764 3353 788 3394 et
819 3361 888 3393 uem:
905 3345 1025 3393 namatias
1035 3361 1080 3393 non
1092 3344 1198 3393 convenit
1206 3345 1231 3391 id
1242 3359 1338 3406 qaoque,

268 3404 332 3456 Lall.
480 3425 483 3429 ·
513 3418 516 3422 ’
820 3409 883 3474 quod
894 3418 929 3456 est
940 3410 1105 3472 respondentia.
1121 3409 1192 3458 Eun.
1215 3408 1279 3456 But
1285 3410 1338 3470 ser·
1385 3436 1388 3440 -

300 3473 429 3522 Publicum
448 3475 475 3524 id
492 3475 668 3540 sociantem]
701 3474 788 3524 &unm
819 3489 856 3521 ao:
862 3475 922 3536 pri.
933 3486 957 3521 a.
968 3476 1080 3522 commta.
1106 3473 1160 3537 Bip.
1171 3475 1249 3536 fisso:
1259 3473 1290 3520 ad
1301 3475 1339 3520 ta-

267 3545 315 3584 est:
333 3538 415 3588 nasibi
424 3539 502 3604 potius
509 3540 628 3604 imputent
637 3539 682 3587 hoc
688 3537 787 3601 facinus,
820 3541 897 3601 cipere
906 3537 1008 3586 referunt
1017 3547 1040 3586 et
1050 3540 1119 3586 verba
1128 3553 1174 3600 per
1182 3538 1205 3585 d.
1216 3540 1339 3586 accerci-

266 3616 338 3664 quam
353 3603 466 3653 universis
476 3605 581 3654 civilibus
590 3604 670 3664 armis,
680 3603 788 3652 universo
819 3611 871 3652 tum
886 3603 912 3651 in
928 3603 1059 3666 parenthesi
1075 3611 1174 3666 ponunt.
1205 3602 1267 3650 Mox
1286 3611 1339 3666 post

267 3667 386 3728 exeatur,
402 3669 492 3718 bellum
506 3669 575 3719 civile
588 3684 660 3717 auso:
678 3669 745 3730 cujus
760 3683 786 3718 se
818 3671 914 3718 mantra
923 3675 1002 3716 castra
1012 3667 1167 3731 mterrogandi
1181 3667 1275 3730 signum
1290 3682 1338 3717 non

267 3729 390 3781 minimam
407 3743 498 3797 parton
513 3749 572 3794 ease,
586 3748 630 3783 nec
645 3742 718 3782 totam
735 3735 787 3782 cul·
817 3736 923 3798 probant.
957 3733 1042 3782 Paullo
1052 3741 1104 3796 post
1114 3731 1177 3780 Bud
1188 3733 1304 3796 ruptione.

343 3797 402 3846 ferre
419 3798 509 3856 debere.
541 3797 663 3849 Acidalius
689 3801 787 3862 putabat
851 3801 893 3848 Ea
904 3797 1034 3846 temeritate
1044 3798 1107 3861 sper]
1142 3796 1234 3860 copula
1248 3805 1337 3846 :tante
1409 3809 1411 3816 ’

327 3863 395 3909 verba
405 3877 454 3911 erse
463 3864 538 3912 alieno
553 3865 613 3925 loco,
629 3872 653 3912 et
667 3871 720 3928 post
732 3865 786 3912 aetra
817 3878 855 3924 ca,
864 3871 955 3913 auctore
962 3863 1024 3910 Flor.
1033 3872 1093 3910 recte
1098 3862 1173 3910 deleta
1178 3861 1197 3910 J
1198 3895 1204 3908 .
1212 3862 1338 3912 Gronovio.

265 3929 395 3975 excoctio
404 3928 520 3990 ponenda
534 3929 607 3977 Etru.
818 3930 882 3977 Nam
898 3929 924 3976 in
938 3926 1056 3976 contrariis
1070 3927 1160 3990 copula
1175 3927 1262 3986 nullus,
1278 3935 1339 3976 certa

304 3992 445 4040 Praedator
453 3994 571 4106 matianis}
580 3993 631 4055 (Sic
637 3991 713 4054 Bud.)
721 3994 785 4042 Flor.
817 4007 864 4042 non
876 3993 976 4056 elegans,
985 4007 1049 4040 urus.
1069 3992 1189 4042 consentit
1199 3991 1235 4040 ed.
1248 4007 1282 4054 pr.
1306 3991 1337 4040 In

267 4057 397 4106 trucidati:
422 4057 486 4121 quod
504 4057 530 4106 J.
571 4059 678 4106 ronovius
697 4059 787 4107 factum
818 4057 875 4108 MS.
884 4057 964 4106 Guelf.
974 4055 1124 4120 (numeru.
1143 4057 1235 4104 Puteal
1244 4063 1337 4118 etseqq.

266 4128 334 4182 putat
350 4137 380 4170 ex
395 4124 533 4171 trucidant:
556 4124 625 4184 bene,
644 4131 672 4170 ut
687 4123 785 4187 opinor:
817 4131 872 4172 ante
882 4122 999 4186 lipsium,
1011 4129 1034 4170 et
1045 4124 1193 4170 temeritate:
1210 4119 1253 4168 ubi
1266 4125 1290 4168 ct
1300 4121 1336 4168 vi·

267 4185 323 4246 quia
333 4186 436 4250 sequitur
444 4190 544 4252 sariunt
553 4189 635 4236 rectae.
651 4187 724 4236 Eun.
818 4188 875 4236 tiore
885 4201 928 4252 pro
937 4202 974 4248 ec,
990 4195 1018 4235 ut
1027 4187 1079 4235 aliis
1088 4187 1158 4236 locis:
1176 4183 1231 4232 hinc
1242 4184 1337 4246 nugata

300 4250 406 4314 Adstntr]
437 4254 477 4302 Ita
486 4253 551 4302 Bud.
560 4252 603 4318 qui
611 4253 743 4317 frequenter
753 4252 787 4301 sic
817 4259 841 4300 et
855 4267 885 4300 aa
901 4261 964 4312 nata,
981 4250 1088 4315 aLipsio
1100 4259 1185 4298 murae
1199 4256 1290 4311 recepta
1306 4262 1336 4296 ex

266 4311 393 4363 adasann
402 4332 482 4366 canam
493 4318 565 4368 effert.
815 4315 884 4376 libro,
900 4332 971 4380 quem
982 4315 1012 4364 ad
1026 4315 1150 4364 editionem
1166 4327 1232 4360 suam
1246 4325 1337 4360 worm.

302 4379 435 4428 marnam
445 4383 514 4447 bello]
532 4384 569 4433 Gt
581 4385 607 4443 2,
618 4384 659 4430 22.
818 4381 928 4430 moderic
951 4382 1024 4429 Eun.
1056 4378 1120 4426 Bud.
1131 4390 1224 4440 quoque
1240 4389 1297 4426 mox
1312 4379 1339 4425 ct*

270 4509 274 4515 ,
296 4444 370 4492 Ferro
384 4463 411 4509 p.
430 4449 452 4497 d.
469 4464 494 4497 a.
510 4450 626 4513 exercitu]
655 4447 712 4498 MS.
727 4447 786 4511 Agr.
816 4461 887 4510 proc.
899 4447 970 4507 agan
980 4459 1045 4508 proc
1060 4456 1131 4506 praa.
1142 4456 1163 4487 α.
