3059 4975
222 258 277 315 uo
593 256 893 317 nrsroumnuu
1111 260 1278 335 [ausa.

218 418 397 485 exhorruit:
420 419 512 487 latus
524 420 618 501 ultro,
640 435 672 487 et
690 434 755 487 tam
771 420 956 509 propinqua
975 420 1065 485 sortis
1081 410 1218 507 iginius,
1233 422 1279 486 iu:

220 505 379 571 staurabat
392 528 513 573 sacrum
527 508 598 573 Diis
610 508 681 573 loci.

264 590 402 656 LXXI.
424 592 512 657 Exin
527 594 676 658 Bononia
696 592 830 657 aFabio
842 592 975 657 Valente
989 589 1196 679 gladiatorum
1212 616 1280 679 spe-

217 675 375 741 ctaculum
395 678 509 757 editur,
532 680 662 743 advecto
675 702 716 742 ex
729 678 808 743 urbe
829 678 925 742 cultu.
971 681 1158 776 Quantoque
1178 678 1279 764 magis

219 762 460 909 propinquabat,
480 775 567 828 tanto
585 764 768 851 conruptius
787 763 856 840 iter,
876 762 1013 829 inmixtis
1028 763 1230 828 histrionibus
1248 776 1279 828 ct

218 869 275 933 spa
297 869 393 912 onum
406 850 555 936 gregibus
568 863 600 914 et
613 862 714 914 cetero
728 850 915 913 Neronianae
928 848 1009 912 aulae
1027 848 1171 935 ingenio:
1193 872 1280 913 uam-
1368 906 1371 911 .

219 955 282 1019 que
292 946 324 997 et
335 935 491 998 Neronem
500 934 604 1022 ipsum
616 934 758 999 Vitellius
766 933 969 999 admiratione
977 933 1158 1013 celebrabat,
1169 936 1278 999 sectari

218 1031 393 1083 cantantem
407 1017 525 1099 solitus,
539 1044 602 1086 non
616 1020 805 1099 necessitate,
816 1043 880 1107 qua
888 1019 1120 1084 honestissimus
1156 1019 1276 1117 uisque,

218 1104 274 1167 sed
294 1104 374 1168 luxu
394 1117 427 1169 et
448 1105 563 1191 saginae
584 1104 777 1192 mancipatus
798 1118 992 1192 eruptusque.
1037 1107 1086 1170 Ut
1100 1105 1151 1170 Va
1180 1118 1226 1169 uti
1246 1119 1278 1171 et

219 1188 354 1254 Caecinoe
381 1212 495 1255 vacuos
519 1192 644 1256 honoris
671 1213 791 1255 menses
818 1214 837 1255 a
876 1190 961 1269 riret,
989 1190 1117 1255 coartati
1145 1190 1277 1256 aliorum

220 1274 420 1355 Consulatus,
441 1275 653 1342 dissimulatus
673 1276 784 1341 Martii
805 1212 920 1357 Mpeacri,
945 1290 1105 1361 tamquam
1127 1276 1278 1342 Othonia-

218 1382 330 1425 narum
423 1360 488 1426 'um
509 1363 625 1427 Ducis:
649 1375 681 1427 et
695 1360 852 1426 Valerium
869 1360 1041 1439 Marinum,
1056 1361 1277 1427 destinatuma

218 1444 324 1511 Galba
367 1446 518 1527 casulem,
529 1447 660 1526 distulit,
671 1446 1076 1523 nullaoffeusasedmitem
1087 1459 1118 1511 et
1127 1445 1276 1534 injuriam

218 1531 353 1617 segniter
366 1531 513 1599 laturum.
557 1532 716 1599 Pedanius
733 1535 831 1597 Costa
847 1532 1014 1609 omittitur,
1032 1531 1174 1619 ingratus
1188 1532 1280 1597 Prin-

217 1616 291 1704 cipi,
310 1630 348 1681 ut
368 1617 517 1684 adversus
533 1621 689 1684 Neronem
711 1640 815 1695 ausus,
837 1630 870 1681 et
882 1618 1021 1704 Verginii
1043 1616 1274 1682 exstimulatur:

217 1702 273 1766 sed
296 1702 372 1769 alias
390 1704 525 1803 protulit
543 1728 682 1771 caussas:
704 1716 844 1790 acieque
863 1702 990 1790 insuper
1011 1700 1134 1767 Vitellio
1157 1703 1276 1789 gratiae,

216 1789 440 1855 consuetudine
453 1790 578 1855 seruitii.
960 1832 962 1837 ·
1185 1834 1186 1839 κ
1297 1824 1302 1838 ·

260 1875 420 1940 LXXII.
442 1877 517 1941 Nou
530 1876 614 1941 ultra
625 1900 742 1964 paucos
752 1877 829 1956 dies,
840 1897 1033 1963 quamquam
1047 1874 1170 1940 acribus
1183 1874 1277 1940 initiis

216 1972 366 2047 creptum,
388 1962 586 2027 mendacium
605 1962 714 2028 valuit.
758 1962 932 2028 Exstiterat
951 1960 1090 2048 quidam,
1113 1968 1135 1999 ‘⁶
1156 1960 1278 2026 Scribo-

218 2044 346 2110 nianum
361 2070 393 2111 se
408 2048 609 2113 Camerinum
618 2048 731 2127 ferens,
743 2047 993 2113 Neronianorum
1006 2058 1181 2134 temporum
1192 2061 1275 2111 metu

218 2129 251 2193 iu
266 2130 361 2196 Istria
373 2132 572 2212 occultatum,
583 2133 671 2221 quod
683 2133 746 2200 illic
759 2132 908 2199 clientela
919 2144 951 2197 et
1020 2132 1027 2147 ‘
1037 2148 1178 2197 veterum
1187 2132 1278 2197 Cras-

216 2238 322 2281 sorum
336 2218 518 2284 acnominis
531 2220 807 2284 favormanebat.”
850 2218 955 2305 Igitur
993 2216 1278 2304 eterrimoquoque

216 2302 250 2365 in
271 2316 490 2389 argumentum
512 2303 629 2370 fabulae
647 2304 825 2392 adsumpto,
842 2304 959 2391 vulgus
976 2303 1137 2368 credulum
1159 2315 1191 2367 et
1207 2304 1279 2390 qui·

217 2386 290 2452 dam
305 2387 451 2469 militum,
465 2413 568 2456 errore
586 2390 662 2469 veri,
677 2413 733 2455 seu
752 2392 917 2455 turbarum
934 2389 1049 2465 studio,
1069 2387 1208 2453 certatim
1222 2388 1278 2453 ad-

216 2474 445 2564 gregabantur:
468 2499 540 2542 cum
561 2489 734 2566 pertractus
754 2475 796 2541 ad
818 2474 977 2540 Vitellium
997 2474 1112 2539 interro
1134 2487 1277 2562 utusque,

217 2565 242 2599 “
255 2559 398 2647 quisnam
411 2561 588 2626 mortalium
601 2565 709 2641 esset,”
722 2575 888 2650 postquam
908 2561 995 2625 nulla
1008 2559 1098 2624 dictis
1111 2499 1200 2640 ides,
1215 2575 1246 2626 et
1259 2585 1279 2626 a

217 2643 345 2728 dominc
359 2648 554 2728 noscebatur,
569 2647 744 2713 conditione
756 2647 919 2734 fugitivus,
937 2646 1060 2710 nomine
1082 2645 1175 2725 Geta,
1196 2669 1279 2716 sum-

217 2744 309 2818 ptum
323 2731 363 2794 de
377 2756 414 2797 eo
427 2732 614 2882 supplicium
628 2733 769 2797 servilem
783 2733 815 2796 in
829 2732 968 2796 modum.

261 2817 439 2883 LXXIII.
492 2843 524 2884 ur
535 2818 681 2884 credibile
694 2832 867 2883 memoratu
881 2832 938 2896 est,
953 2831 1107 2904 quantum
1123 2817 1275 2905 superbire

219 2903 430 2990 socordiaque
440 2904 565 2970 Vitellio
574 2904 753 2983 adoleverit,
765 2917 932 2992 postquam
943 2902 1148 2990 speculatores
1159 2927 1176 2968 e
1188 2903 1279 2990 Syria

220 2989 243 3051 J
245 2988 407 3077 udaeque,
423 2998 446 3030 “
462 2990 608 3056 adactum
627 2991 659 3055 in
678 2991 774 3054 verba
791 2990 860 3074 ejus
877 2989 1066 3067 Orientem,”
1086 2987 1277 3054 nuntiavere.

221 3074 315 3153 Nam,
330 3076 386 3140 etsi
399 3075 486 3162 vagis
499 3077 602 3142 adhuc
613 3088 645 3139 et
657 3075 782 3140 incertis
791 3073 980 3154 auctoribus,
991 3087 1058 3138 erat
1067 3087 1171 3138 tamen
1183 3073 1214 3148 in
1225 3099 1280 3138 ore

220 3157 366 3245 famaque
380 3161 602 3247 Vespasianus,
615 3184 652 3224 ac
665 3161 851 3247 plerumque
864 3159 905 3224 ad
923 3182 1036 3224 nomen
1054 3159 1122 3246 ejus
1137 3158 1279 3244 Vitellius

220 3245 423 3310 excitabatur.
449 3249 536 3310 Tum
546 3247 623 3332 ipse,
635 3247 861 3332 exercitusque,
873 3257 909 3309 ut
920 3245 1007 3309 nullo
1017 3243 1142 3324 remulo,
1152 3245 1277 3324 saevitia,

218 3327 355 3408 libidine,
370 3344 474 3418 raptu,
489 3331 523 3396 iu
537 3344 680 3396 externos
693 3354 793 3396 mores
806 3344 1022 3418 proruperant.

265 3417 434 3484 LXXIV.
466 3415 514 3482 At
542 3417 753 3506 Vespasianus
781 3416 897 3484 bellum
926 3439 1084 3504 armaque,
1112 3429 1143 3480 et
1170 3413 1279 3502 procul

255 3628 391 3687 Quamque
402 3630 491 3692 magis]
503 3625 574 3676 Refer
583 3627 614 3675 ad
624 3629 734 3675 tuamo-
764 3623 855 3689 putate
866 3625 957 3674 duobus
971 3625 1018 3672 illis
1033 3622 1186 3674 Scriboniauis
1200 3621 1277 3670 fratri·

219 3705 278 3736 aum
289 3693 335 3737 tter
345 3706 445 3754 mprac.
456 3693 495 3747 7⁰.
512 3691 585 3740 Enu-
736 3702 739 3711 ’
764 3692 819 3750 bus,
830 3689 955 3753 dequibus
965 3689 998 3738 H.
1010 3690 1034 3748 4,
1046 3689 1085 3736 tl.

253 3756 374 3820 Coartott]
392 3756 431 3804 Sic
443 3757 520 3804 Rhea.
535 3755 625 3806 eBud.
641 3754 732 3803 PuteoL
798 3755 1020 3818 Interrogaturquc]
1032 3753 1123 3816 Copula
1132 3754 1191 3800 bene
1201 3749 1280 3798 addita

219 3819 343 3867 emuncti.
359 3819 548 3869 Alcmbormtt.
571 3819 732 3884 Dereipoar.
764 3819 903 3867 aRhetumo
914 3821 937 3872 (e
947 3817 1024 3876 Bud.)
1033 3817 1145 3866 consentit
1156 3815 1235 3864 Guelf.
1244 3815 1283 3862 ed.

220 3881 331 3944 Ryckius.
764 3899 799 3946 pr.
816 3881 878 3932 Mox
889 3898 901 3930 e
912 3884 986 3944 Syria
996 3881 1193 3930 Msseddante
1201 3880 1278 3927 Rheu.

252 3948 426 3996 Dissimulatue
447 3951 488 3998 M.
507 3951 605 4014 Macri]
627 3948 734 3998 Scriberi-
764 3962 852 3995 omnes.
886 3946 995 3995 Deletam
1010 3947 1041 3995 ab
1056 3947 1107 4010 ipso
1118 3946 1187 4011 (duce
1203 3941 1280 4005 Bud.)

218 4010 277 4059 dum
287 4011 377 4060 videtin
387 4014 481 4061 Martii
491 4016 585 4063 Moeri.
619 4013 684 4062 Nam
699 4012 734 4060 ita
764 4010 958 4076 praepositionem,
970 4027 1023 4076 qua
1035 4026 1089 4059 sane
1103 4013 1181 4059 abesse
1193 4016 1278 4071 posset,

219 4091 274 4125 eum
289 4091 357 4141 supra
375 4079 452 4125 crebro
465 4079 578 4140 nominat,
589 4078 631 4142 qni
648 4077 733 4126 Prata
764 4075 848 4124 silibri
858 4075 1017 4136 consemirent,
1029 4075 1129 4124 restituit
1140 4072 1241 4122 Picheua
1254 4076 1278 4130 (e

217 4150 269 4188 ctus
289 4141 453 4204 gladiatoribus
473 4142 525 4191 fuit.
543 4143 619 4191 Lars.
651 4143 685 4191 Et
701 4142 734 4190 sic
765 4138 850 4201 Fica).
881 4139 953 4188 Eau.

218 4205 291 4254 edidit
310 4206 418 4254 Pichena
447 4208 519 4255 MSS.
539 4217 563 4255 et
582 4207 636 4255 edd.
653 4221 733 4254 omncs
798 4201 1279 4270 Servuemtumodusqsnltyokiusec.

220 4272 312 4320 Marci.
330 4271 402 4319 Ean.
434 4272 473 4320 Cf.
484 4287 584 4334 suprac.
595 4271 635 4317 23.
765 4269 841 4332 Aga·

251 4338 356 4385 Scribou.
367 4352 391 4385 ro
404 4335 596 4400 consenseram]
614 4336 733 4400 Rupertus
797 4337 833 4382 nt
839 4333 935 4395 procul]
955 4333 1079 4397 copulam,
1097 4348 1112 4380 a
1128 4332 1206 4381 Rhcn.
1222 4331 1280 4380 duce

218 4397 249 4444 ad
260 4400 352 4451 Reines.
368 4418 406 4466 ep.
423 4404 462 4451 48.
478 4417 504 4464 p.
522 4401 578 4450 432.
592 4415 667 4450 uuum
685 4415 733 4449 esse
765 4397 954 4460 Budomissam,
966 4398 1065 4448 restituit
1075 4397 1141 4446 Pioh.
1152 4411 1165 4444 e
1176 4397 1241 4445 Flor.
