3059 4975
236 266 270 307 s.
283 267 312 308 c.
326 248 393 327 ro]
609 246 687 305 nm.
706 245 747 303 11.
768 244 859 305 cnr.
884 250 927 305 15.
1281 246 1321 309 st

243 414 450 503 Tungrorum
475 410 627 489 cohortes,
651 423 790 497 quatuor
809 410 952 497 equitum
979 425 1108 491 turmas,
1134 411 1310 477 universam

240 502 452 565 Treverorum
476 496 559 560 elem
582 519 655 560 cum
680 498 703 559 J
706 495 769 559 ulio
791 494 940 573 Classico,
966 496 1131 573 Praefecto,
1158 496 1260 562 misit:
1292 522 1310 561 e

237 584 354 670 quibus
367 606 439 670 pars
452 583 485 647 in
499 582 619 645 colonia
630 582 837 668 Forojuliensi
851 594 979 661 retente,
992 605 1041 660 ne,
1055 582 1200 647 omnibus
1213 582 1310 669 copiis

238 670 271 733 in
293 668 435 733 terrestre
453 668 512 733 iter
526 668 632 746 versis,
647 690 746 731 vacuo
763 667 841 731 mari
862 667 964 731 classis
983 666 1174 733 acceleraret.
1218 670 1308 733 Duo-

239 753 339 818 decim
353 755 494 852 equitum
517 768 639 827 turmae,
655 767 686 817 et
699 752 770 816 lecti
784 777 802 816 e
816 753 1004 831 cohortibus,
1019 752 1167 819 adversus
1187 752 1307 819 hostem

238 840 317 904 iere:
333 842 450 927 qulbus
463 838 612 927 adjuncta
623 838 787 926 Ligurum
795 838 915 917 cohors,
926 854 1016 903 vetus
1029 838 1088 903 lo'ci
1101 838 1263 918 auxilium,
1276 854 1308 905 et

239 926 402 1013 quingenti
416 925 537 1024 Alpini,
552 926 608 1011 qui
623 924 763 989 nondum
778 923 955 1011 sub-signis.
992 925 1062 989 Nec
1076 948 1162 989 mors
1177 924 1304 1011 proelio:

240 1011 294 1075 sed
313 1011 378 1075 acie
396 1012 442 1075 ita
458 1023 618 1089 mstructn,
634 1026 671 1075 ut
684 1033 758 1097 pars
771 1010 977 1088 classicorum,
992 1010 1098 1074 mixtis
1118 1010 1258 1097 paganis,
1273 1010 1306 1075 in

238 1096 339 1161 colles
353 1097 431 1161 mari
456 1120 513 1183 pro
535 1096 647 1183 inquos
667 1108 860 1183 exsurgeret,
882 1109 1036 1181 quantum
1055 1094 1136 1161 inter
1158 1095 1249 1161 colles
1269 1120 1306 1161 ac

239 1182 313 1247 litus
334 1184 417 1270 aequi
438 1120 735 1260 locih'raetorianus
758 1180 845 1245 miles
862 1181 1011 1268 expleret,
1032 1180 1065 1245 in
1088 1182 1155 1279 ipso
1170 1181 1246 1246 mari
1268 1196 1305 1247 ut

239 1270 360 1333 annexa
382 1268 486 1334 classis
508 1282 540 1331 et
562 1291 678 1365 pugnes
702 1281 821 1354 perata,
845 1290 992 1333 converse
1012 1282 1044 1331 et
1068 1267 1179 1333 minaci
1203 1267 1306 1333 fronte

238 1354 493 1441 prae'tenderetur.
514 1353 685 1430 Vitelliani,
695 1353 812 1438 quibus
823 1352 924 1417 minor
934 1353 1076 1441 peditum
1088 1352 1144 1430 vis,
1156 1352 1188 1416 in
1201 1354 1306 1440 equite

237 1442 346 1519 robur,
360 1438 494 1527 Alpinos
510 1437 659 1526 proximis
676 1438 774 1524 jugis,
789 1437 929 1503 cohortes
943 1438 1046 1503 densis
1060 1438 1221 1504 ordinibus
1235 1453 1307 1526 post

239 1526 375 1614 equitem
388 1525 500 1590 locant.
534 1524 745 1589 Treverorum
755 1538 867 1587 tnrmae
879 1524 1018 1589 obtulere
1030 1546 1061 1589 se
1076 1524 1155 1589 hosti
1170 1524 1304 1603 incaute,

238 1636 313 1677 cum
336 1611 491 1697 exciperet
511 1624 619 1674 contra
642 1622 806 1673 veteranus
830 1609 928 1689 miles,
954 1608 1045 1674 simul
1067 1607 1202 1674 sistere
1224 1610 1307 1677 saxis

237 1709 363 1783 urgeret
383 1711 457 1785 epta
477 1696 519 1761 nd
543 1694 723 1782 jaciendum
746 1693 840 1759 etiam
867 1716 1061 1783 paganorum
1090 1717 1218 1771 mauus;
1270 1700 1304 1764 ui

238 1784 335 1871 sparsi
354 1782 435 1847 inter
447 1782 571 1858 milites,
586 1778 704 1845 strenui
724 1777 903 1867 ignavique,
923 1780 955 1844 in
970 1779 1098 1845 victorie
1111 1780 1193 1845 idem
1207 1721 1303 1847 eude-

236 1870 321 1933 hant.
365 1866 505 1931 Additus
525 1865 674 1952 perculsis
687 1879 798 1943 terror,
812 1865 934 1931 invecta
946 1865 980 1929 in
995 1880 1082 1953 terga
1095 1866 1305 2013 pugnantium

236 1952 341 2019 classe.
385 1952 437 2016 Ita
450 1948 712 2037 undiqueclausi:
729 1947 902 2037 deietaeque
916 1973 1022 2015 omnes
1035 1960 1133 2036 copres
1156 1964 1255 2029 orent,
1270 1952 1304 2015 ni

236 2039 386 2104 victorem
403 2037 574 2101 exercitum
591 2032 774 2099 adtinuisset
787 2034 955 2099 obscurum
976 2034 1083 2112 noctis
1098 2034 1239 2101 obtentui
1253 2036 1304 2101 fu·

237 2124 405 2212 gientibus.
1270 2174 1272 2182 .

291 2212 367 2276 XV.
396 2213 464 2276 Nec
490 2210 655 2289 Vitelliani,
680 2232 871 2297 quamquam
896 2209 980 2291 victi,
1007 2209 1168 2298 quievere:
1201 2206 1305 2277 accitis

236 2295 370 2375 auxiliis,
391 2320 535 2361 securum
555 2297 676 2361 hostem
689 2319 726 2360 ac
746 2319 888 2361 successu
909 2318 1014 2361 rerum
1036 2295 1194 2361 socnrdius
1210 2320 1307 2383 agen·

237 2384 299 2447 tem
312 2382 483 2446 invadunt:
505 2382 576 2446 caesi
592 2380 709 2467 vigiles,
764 2396 875 2468 rrupte
889 2397 997 2461 castra,
1013 2381 1204 2469 trepidatum
1217 2380 1306 2469 apud

236 2492 347 2534 neves:
370 2468 478 2548 donec,
497 2467 625 2533 cedente
644 2490 687 2554 pe
751 2468 808 2532 tim
830 2481 927 2546 metu,
947 2493 1023 2534 occu
1065 2481 1098 2533 to
1116 2467 1211 2555 juxts
1227 2467 1305 2534 colle

236 2555 364 2634 defensi,
384 2577 459 2618 mox
482 2554 644 2641 inmpere:
671 2565 762 2618 atrox
787 2553 831 2620 ibi
847 2554 957 2636 caedes,
983 2567 1015 2620 et
1062 2577 1233 2642 ungrarum
1255 2579 1305 2620 co-

235 2640 374 2704 hortium
393 2639 550 2718 Praefecti,
569 2652 740 2704 sustentate
760 2641 816 2704 diu
837 2639 910 2719 acie,
933 2639 1001 2706 telis
1021 2641 1209 2706 obruuntur.
1251 2643 1304 2706 Ne

237 2725 423 2792 Othonianis
435 2725 563 2812 quidem
583 2725 746 2789 incruenta
756 2725 887 2792 rictorie
899 2727 970 2806 fuit,
986 2749 1121 2813 quorum
1139 2725 1303 2812 inprovide

236 2901 546 3030 ambiit
561 2899 755 3014 Ἥῗῗὲἷ
789 2901 1304 3028 sttmrtsnttsttstrur

234 3043 338 3091 gromen
346 3031 427 3092 hebet,
438 3048 452 3080 e
462 3046 509 3094 quo
519 3029 669 3077 nilnorstum
681 3031 754 3080 video.
787 3029 832 3077 nisi
843 3030 905 3094 quod
915 3030 940 3076 in
951 3029 991 3077 fflo
1002 3031 1073 3077 ctiam
1090 3037 1141 3091 post
1151 3031 1216 3074 saris
1226 3037 1268 3086 est,
1280 3027 1305 3075 in

236 3094 275 3142 Sic
285 3102 363 3143 temen
374 3095 409 3143 ed.
449 3097 492 3153 al,
507 3097 539 3141 55
550 3104 573 3142 et
583 3095 622 3141 66.
641 3095 713 3144 liner.
786 3095 830 3142 hcc
840 3097 967 3156 jacentum
978 3094 1057 3141 vitiose
1067 3109 1109 3156 pro
1117 3093 1264 3155 jaciendum,
1276 3101 1304 3140 ut

272 3160 353 3234 Vsterio
367 3175 406 3206 nus
418 3161 440 3236 §J
469 3159 486 3205 i.
498 3175 518 3206 e.
531 3158 599 3219 cnjus
612 3158 668 3206 litus
683 3160 755 3207 nullis
786 3159 810 3206 in
823 3159 877 3207 MS.
887 3159 950 3206 Bnd.
967 3159 1040 3206 ΕΜ.
1067 3159 1096 3233 lp
1107 3156 1152 3204 hoc
1162 3156 1231 3232 etism
1243 3157 1305 3205 mele

236 3222 727 3352 Phiiffliiiffldhlnnm.
786 3221 1306 3350 ttttlttttttttlttttt·

268 3355 391 3401 Pannonii
398 3354 502 3400 nondum
509 3351 647 3416 subnigris]
665 3353 755 3400 Milites
789 3359 886 3412 urgeret
896 3360 952 3414 apta
963 3353 993 3399 cri
1004 3354 1020 3398 i.
1028 3368 1055 3414 p.
1066 3367 1098 3398 m.

234 3417 350 3466 suxiliirii
361 3416 616 3466 edeleetrrPnnnonico
627 3417 700 3476 missi,
713 3416 753 3464 sed
820 3417 931 3464 obtentus
950 3416 1114 3478 fugientibus]
1149 3414 1203 3468 Qno
1223 3414 1307 3462 idoneo

233 3480 339 3530 mntem
356 3483 381 3530 in
392 3483 494 3530 cohortes
504 3481 579 3529 dirisi.
602 3481 674 3529 Enrt.
708 3481 754 3548 Sed
786 3489 900 3544 pretextu
913 3480 993 3542 ingere
1008 3479 1127 3526 honestius
1144 3487 1251 3541 poterant
1262 3479 1307 3526 Vi-

234 3548 358 3594 Pannonii
377 3546 479 3596 Othonis
496 3556 573 3609 partes
591 3549 754 3610 sequebantur.
786 3543 880 3593 tellisni.
914 3545 981 3593 Male
996 3544 1035 3591 hic
1047 3545 1157 3606 objectum
1174 3542 1266 3590 additur
1281 3543 1307 3590 in

234 3627 257 3658 v.
271 3626 292 3658 c.
311 3612 338 3658 ll
352 3621 376 3658 et
391 3613 428 3665 17.
462 3611 526 3658 Hinc
542 3609 642 3658 Sevilius
663 3611 754 3674 reponit
787 3609 838 3657 edd.
851 3609 942 3658 Puteoh
954 3610 1007 3657 Ber.
1021 3607 1073 3654 Alc
1104 3607 1209 3670 Postpro
1220 3609 1308 3655 sidente

234 3677 321 3736 Alpini
332 3675 594 3747 etintelligitLigures.
611 3675 673 3722 Mox
684 3675 754 3722 etiem
788 3675 843 3722 MS.
857 3673 937 3723 Oxou,
952 3673 1052 3728 cedente,
1069 3671 1132 3736 quod
1148 3671 1247 3719 meliusr
1266 3681 1308 3720 sut

233 3741 285 3802 ipse
295 3739 391 3788 Tacitus
402 3741 502 3803 Alpinos
512 3749 632 3787 menoses
666 3740 755 3802 Sequor
787 3739 906 3787 residente.
924 3739 995 3786 ΕΜ.
1024 3737 1174 3800 Idohjectsm
1184 3736 1248 3784 Bud.
1259 3751 1307 3785 non

116 3812 121 3821 ·
223 3803 349 3851 Ssvilinm
360 3813 383 3854 et
394 3821 448 3852 cum
459 3805 512 3868 Bip
525 3803 585 3852 eddo
594 3806 644 3866 qni.
786 3803 864 3862 hebet,
874 3812 898 3851 et
907 3806 965 3852 bene
976 3801 1069 3850 sustulit
1078 3801 1154 3849 Rhen.
1171 3801 1233 3849 Dein
1242 3802 1306 3850 nst

269 3870 361 3916 Musis
375 3869 623 3932 pagonir1h.e.non
640 3869 755 3916 militibus
788 3869 898 3928 sedentes,
906 3867 1064 3932 quoiirmetur
1072 3866 1139 3914 lectio
1146 3866 1223 3914 Oxos.
1234 3883 1308 3930 quern

235 3932 338 3996 quidem,
361 3934 400 3982 sed
421 3935 463 3998 qni
485 3943 563 3980 temen
584 3947 647 3981 nnnc
664 3933 755 3997 aliquid
787 3931 886 3980 restitui.

235 4013 311 4060 operte
321 3999 427 4046 militaris
438 4007 555 4046 nemestr-
588 3997 678 4060 Psgeni
693 3997 755 4045 mili·
821 3997 968 4060 Sustentata]
982 3998 1036 4045 Put.
1043 3996 1098 4046 Alc.
1106 3997 1196 4046 sddunt
1204 3999 1307 4060 quidem,

235 4062 298 4110 tibus
311 4071 476 4126 opponuonrrz
494 4062 523 4110 de
538 4061 567 4108 iis
578 4061 680 4111 Piehens
690 4063 720 4110 sd
730 4061 757 4109 h.
788 4061 852 4124 quod
868 4062 963 4126 inrepsit
979 4077 992 4109 e
1008 4062 1069 4110 lines
1085 4077 1133 4126 seq.
1144 4063 1169 4109 id
1183 4061 1246 4110 But.
1259 4073 1307 4108 non

235 4126 253 4172 1.
261 4137 285 4174 et
294 4127 348 4174 intt.
359 4126 464 4175 Suetonii
474 4126 560 4190 aliique
570 4126 662 4175 ebunde
670 4125 757 4175 dixere.
788 4125 858 4173 habet
868 4137 891 4174 et
903 4127 978 4176 Rhen.
990 4126 1081 4175 delerit.

235 4189 308 4238 Eun.
420 4193 423 4196 ’
755 4209 759 4216 ·
823 4192 928 4248 Qrsorum
950 4193 1080 4254 inpressae
1097 4189 1196 4252 senatos]
1220 4189 1274 4243 Pro,
1295 4199 1308 4233 e

269 4258 389 4304 Conversa
400 4264 423 4304 et
433 4259 523 4304 minaci
525 4255 620 4320 fronte]
635 4256 660 4305 h.
671 4269 691 4304 e.
702 4271 756 4319 ques
789 4257 874 4318 quihus
884 4255 926 4319 qni
938 4255 1066 4320 improvide
1077 4255 1149 4302 secuti
1159 4254 1258 4306 nerant,
1270 4263 1309 4296 eos

235 4335 292 4376 non,
304 4329 332 4366 nt-
341 4320 467 4380 adsolebat,
481 4336 579 4386 puppes,
590 4322 630 4370 sed
643 4336 722 4383 proras
733 4332 757 4368 et
789 4320 877 4382 equites
887 4321 1063 4368 circumvenere.
1087 4316 1142 4365 vid.
1153 4317 1182 4362 ed
1194 4316 1224 4362 Α.
1233 4313 1258 4368 6,
1269 4313 1307 4358 12·

235 4394 308 4433 rostra
320 4386 447 4432 obverteret
456 4386 526 4445 litori,
542 4395 569 4433 nt
586 4387 610 4432 in
627 4385 714 4449 preliis
731 4385 757 4430 in
790 4385 860 4432 Eun.

237 4448 449 4512 oppugnationibus
460 4449 530 4496 fieret
548 4449 618 4496 Eun.

278 4534 353 4576 VOL.
381 4533 431 4575 111.
1122 4525 1146 4564 Η
