3059 4975
196 260 320 397 ¹.'·.·r'·ru,·‚·;
337 288 376 389 333
387 279 501 397 3'3'223}
567 256 902 370 f'luts‘roatanuu
1130 294 1171 371 [r.
1185 298 1217 355 υς
1229 300 1299 357 aaa.

229 456 380 541 hostibus,
399 452 580 551 expediunt.
626 460 733 525 Utrim
755 480 797 524 ue
818 459 933 547 pudor,
947 452 1113 546 ‘utrimque
1134 455 1298 547 glutimus

230 551 361 615 diversis
370 548 609 625 exhortationes,
622 541 695 611 hinc
710 484 905 631 “iegionum
916 557 948 611 et
957 546 1134 610 Germanici
1145 543 1299 611 exardeat

230 636 355 713 robur,’'
379 634 452 699 inde
478 640 499 672 “
523 633 650 696 urbanae
673 630 793 695 militiae
818 643 849 695 et
871 628 1093 695 Praetoriarum
1121 630 1297 697 cohortium

231 722 345 786 decus”
358 718 591 784 adtollentium:
614 714 661 780 illi
675 724 697 757 ‘⁴
712 731 749 781 ut
769 738 893 805 segnem
911 740 947 781 ac
966 712 1103 781 desidem
1121 730 1152 783 et
1166 720 1248 783 circo
1261 736 1300 783 ac

230 806 357 871 theatris
370 817 558 892 corruptum
573 802 702 867 militem
714 804 741 881 ;’'
762 803 797 866 hi
818 810 839 842 “
854 803 1052 901 peregrinum
1066 815 1097 867 et
1111 806 1298 868 externum”

230 892 449 979 increpabant:
481 889 573 954 simul
594 890 751 953 Othonem
774 912 809 953 ac
823 889 999 975 Vitellium,
1022 889 1209 954 celebrantes
1231 888 1296 977 cul-

271 993 388 1056 ntesve,
405 976 599 1042 uberioribus
621 975 702 1039 inter
716 995 749 1039 se
764 976 889 1061 probris
906 990 1002 1062 qnam
1022 973 1170 1040 laudibus
1189 976 1297 1040 stimu-

260 1064 384 1128 bantur.
1203 1099 1207 1108 ·

275 1149 399 1213 XXII.
425 1148 565 1212 Vixdum
583 1158 653 1211 orto
667 1145 728 1224 die,
745 1145 839 1234 plena
857 1147 1144 1234 propugnatoribus
1162 1146 1294 1212 moenia:

231 1234 387 1321 fulgentes
410 1233 505 1297 armis
528 1234 665 1319 virisque
686 1233 799 1319 campi,
826 1232 958 1297 densum
986 1231 1145 1318 legionum
1171 1250 1295 1319 agmen,

232 1341 338 1408 sparsa
351 1319 538 1383 auxiliorum
558 1341 679 1395 manus,
702 1316 812 1381 altiora
825 1332 987 1382 murorum
1008 1318 1128 1404 sagittis
1146 1331 1202 1383 aut
1217 1320 1299 1383 saxis

229 1407 397 1473 incessere:
428 1404 578 1490 neglecta,
607 1417 664 1468 aut
692 1428 759 1468 aevo
787 1402 875 1467 fluxa
903 1404 1042 1467 cominus
1070 1402 1219 1490 adgredi:
1249 1405 1297 1467 in-

231 1502 346 1579 gerunt
365 1489 500 1577 desuper
518 1489 687 1555 Othoniani
712 1489 786 1577 pila,
811 1490 925 1554 librato
944 1490 1043 1575 magis
1065 1501 1096 1553 et
1116 1502 1201 1577 certo
1222 1489 1298 1567 ictu,

231 1578 380 1642 adversus
393 1587 508 1640 temere
518 1576 686 1640 subeuntes
696 1576 838 1639 cohortes
847 1576 1087 1654 Germanorum,
1100 1588 1194 1639 cantu
1206 1576 1297 1654 truci,

232 1674 264 1727 et
285 1681 372 1744 more
389 1662 491 1750 patrio
512 1662 606 1725 n'udis
625 1661 817 1748 corporibus,
839 1682 933 1748 super
952 1662 1098 1724 humeros
1115 1674 1203 1725 scuta
1221 1678 1299 1746 qua-

232 1749 386 1813 tientium.
430 1747 647 1833 Legionarius,
675 1747 790 1834 pluteis
817 1758 849 1810 et
876 1747 1013 1812 cratibus
1037 1760 1146 1825 tectus,
1174 1742 1298 1833 sulirtti't

232 1857 350 1913 muros,
370 1834 496 1898 instruit
509 1856 664 1921 aggerem,
679 1832 807 1897 molitur
820 1844 935 1931 portas.
981 1832 1099 1895 Contra
1113 1832 1298 1896 Praetoriani

233 1921 396 2009 dispositos
418 1920 460 1984 ad
483 1919 518 1982 id
541 1920 645 2006 ipsum
668 1918 798 1982 molares
819 1918 937 2003 mgenti
962 1917 1100 2005 pondere
1119 1942 1155 1983 ac
1175 1919 1302 2005 fragore

233 2005 441 2093 provolvunt:
497 2029 546 2069 ars
574 2005 776 2069 subeuntium
801 2004 927 2079 obruti3
962 2020 1034 2091 pars
1056 2004 1170 2068 confixi
1192 2020 1224 2068 et
1246 2002 1299 2066 ex-

234 2103 377 2179 sangues,
400 2105 455 2156 aut
474 2028 582 2166 laceri,
600 2113 671 2154 cum
695 2100 824 2176 augeret
846 2102 981 2187 stragem
1001 2090 1176 2175 trepidatio,
1197 2111 1298 2177 eoque

233 2180 334 2242 acrius
358 2202 376 2242 e
402 2176 557 2241 moenibus
581 2175 829 2252 vulnerarentur,
856 2176 984 2253 redrere,
1006 2174 1136 2239 infracta
1159 2175 1298 2261 partium

233 2264 326 2329 fama.
378 2264 420 2327 Et
449 2261 585 2336 Caecina,
614 2261 736 2357 pudore
764 2272 873 2359 coeptae
903 2275 1018 2324 cernere
1045 2260 1298 2361 oppugnationis,

233 2372 273 2414 ne
292 2349 405 2413 inrisus
425 2372 462 2412 ac
482 2368 582 2409 vanus
602 2345 711 2409 irsdem
729 2361 837 2412 castris
858 2346 1022 2424 adsideret,
1042 2357 1171 2434 trajecto
1191 2369 1302 2411 rursus

234 2435 333 2512 Pado,
359 2434 545 2499 Cremonam
572 2445 677 2520 petere
699 2431 842 2498 intendit.
887 2432 1061 2498 Tradidere
1084 2457 1148 2498 sese
1172 2431 1299 2498 abeunti

236 2515 393 2586 Turulius
413 2517 543 2586 Cerialis
563 2541 635 2583 cum
657 2519 869 2606 compluribus
890 2511 1041 2593 classium
1065 2535 1097 2586 et
1110 2514 1218 2600 Julius
1233 2518 1301 2594 Bri.

233 2753 296 2801 nude
318 2754 370 2802 Jaa
395 2752 526 2817 Gronovius
552 2754 643 2802 delerit·
675 2754 748 2804 Enit-
784 2753 878 2802 Coeeluu
889 2753 1007 2808 &meoet
1019 2753 1300 2815 pudoreeoeptoetrsaere

234 2818 396 2882 umttspom
408 2819 559 2866 subauditum
572 2817 662 2880 judicat
672 2818 749 2865 Rhea.
781 2820 971 2879 oppugnationis.
998 2817 1108 2876 Justinus
1122 2819 1147 2877 2,
1164 2821 1194 2866 br
1206 2820 1302 2868 umere

233 2891 409 2940 servattamen3
425 2881 750 2946 inomnibusquoquesditi·
781 2885 900 2943 octogiuta
921 2883 1025 2930 millibus
1052 2883 1173 2930 deminum
1195 2885 1302 2944 trepidas

232 2946 316 2994 onibm
326 2958 379 2995 ante
390 2948 502 2996 Gronorii
511 2948 603 3010 legitur.
781 2947 880 3008 refugit,
898 2960 950 3008 ματ
960 2950 1059 3010 jactura
1076 2948 1138 2994 inser
1154 2949 1239 2994 dumea
1255 2963 1302 2996 aa·

270 3014 395 3073 Utrimque
411 3007 499 3075 pudor,
521 3015 641 3074 utrimque
659 3007 751 3121 3101qu
783 3018 930 3060 merutauou
946 3018 988 3058 ert.
1004 3011 1095 3060 (inors-
1128 3011 1181 3059 Imo
1195 3011 1301 3074 firmari

234 3076 315 3124 Gloria
331 3086 365 3124 est
379 3077 403 3125 b
415 3077 431 3125 l.
445 3077 525 3140 gloriae
541 3077 633 3140 cupido,
647 3085 675 3123 ut
688 3090 734 3137 spu
783 3074 916 3133 delendum,
931 3076 1067 3124 auctoritate
1077 3073 1126 3124 aad.
1138 3075 1216 3124 uuett
1228 3076 1300 3140 idque

233 3141 366 3189 Giauunem
377 3157 424 3189 non
435 3157 482 3189 uno
492 3143 557 3189 loco:
577 3140 640 3204 quod
650 3139 698 3188 ridi
707 3137 752 3187 Sa·
782 3139 907 3190 etiamsine
914 3139 978 3187 libris
985 3140 1186 3204 intelligipoterat.
1204 3140 1301 3190 Clarum

233 3205 317 3252 vilium
328 3219 375 3252 non
385 3205 579 3253 animadvertiue
597 3206 670 3252 liare.
783 3205 844 3252 enirn
860 3211 903 3265 est,
920 3219 968 3252 ease
983 3205 1070 3252 librarii
1087 3205 1245 3268 repetitionem
1261 3221 1301 3254 eo·

267 3271 434 3334 Captantem]
467 3270 506 3318 Sic
521 3270 584 3317 Flor.
600 3279 623 3318 et
640 3269 676 3316 ed.
687 3269 748 3318 Ven.
781 3269 879 3318 rundetn
889 3271 1011 3317 verborum
1022 3277 1076 3317 ante
1088 3270 1189 3327 causa,
1206 3279 1234 3318 ut
1243 3270 1304 3326 vidit,

233 3334 322 3396 Vulgo,
334 3334 470 3381 utinBud.
481 3335 650 3396 subeuntesque.
781 3335 806 3383 J.
819 3334 891 3383 Gron.
909 3334 981 3382 Etru.
1012 3335 1124 3382 Famaet
1140 3335 1225 3398 aReg.
1237 3335 1300 3386 bell.
1333 3341 1340 3358 ⁴

238 3422 241 3428 ·
265 3401 373 3446 Drusum
389 3400 508 3462 hgiouum
523 3399 621 3463 agmen]
650 3399 749 3447 Unicum
782 3401 954 3512 qutsxtpueabest.
977 3397 1300 3462 Fmruetuenrurltyckiur,

233 3471 324 3514 butum
335 3463 449 3528 legionem
459 3463 750 3523 habuitCaeeinautmo·
782 3466 819 3513 Bo
853 3477 900 3512 orn.
921 3463 976 3526 Bip.
1008 3462 1150 3523 Delendum,
1171 3463 1220 3511 sine
1236 3464 1301 3512 libris

232 3529 388 3577 netSavilius.
406 3529 479 3578 v.u1
492 3527 514 3590 l,
528 3529 564 3576 ll.
581 3529 654 3577 Bari.
783 3530 853 3578 sensit
863 3527 992 3577 Acidaliae.
1008 3527 1128 3576 Brotsrius
1138 3543 1231 3591 quoque
1241 3529 1301 3576 ‹strii-¹

266 3593 365 3640 Libruto
379 3594 458 3655 magis
471 3601 495 3641 et
509 3609 529 3642 e.
539 3591 573 3656 t}
593 3593 657 3642 luco
673 3595 752 3654 aragia
783 3596 820 3645 rit.
853 3593 915 3642 Bud.
927 3591 1033 3654 pessime,
1044 3593 1117 3655 sumu
1123 3593 1225 3654 pudoris
1235 3597 1301 3655 captu

233 3657 296 3705 naa
305 3673 402 3719 angue.
782 3665 811 3708 ct.
835 3657 1038 3707 Freinshvolebat
1044 3661 1100 3720 jam
1111 3659 1149 3704 tre
1159 3663 1183 3704 et
1188 3659 1288 3718 pedore.

265 3723 320 3771 Aut
329 3721 412 3787 beeri]
437 3722 492 3771 MS.
504 3721 583 3770 (laeli.
594 3722 646 3770 edd.
659 3722 749 3770 Puteal.
815 3723 1011 3774 rueretrueret
1050 3721 1160 3769 Alteram
1171 3721 1222 3770 tolli
1236 3737 1301 3788 porse

232 3782 287 3833 lter.
299 3786 353 3834 Ale
366 3801 401 3835 ae.
433 3787 495 3835 Mox
502 3789 574 3851 meu
584 3793 607 3835 et
617 3786 751 3834 exciderunt
782 3797 850 3854 putat
861 3789 983 3836 Gruterus.
1025 3797 1067 3834 mo
1075 3788 1185 3846 intrudit,
1197 3787 1239 3836 int.
1249 3787 1300 3836 ani.

232 3850 257 3897 ln
269 3850 323 3898 MS.
335 3851 414 3899 Onon.
430 3851 557 3900 Ahenosc.
568 3851 706 3911 locoomisit
720 3851 750 3898 li·
781 3865 856 3914 mum,
872 3851 979 3911 instituit
994 3851 1102 3900 decernit.
1134 3851 1199 3900 Ante
1214 3855 1300 3900 irruas

232 3914 329 3962 brarius.
362 3914 417 3963 Vid.
434 3923 481 3963 not
496 3931 563 3979 prox.
582 3916 653 3964 Eas.
685 3916 748 3964 Bau
782 3920 896 3982 eleganter
907 3915 983 3974 deiis,
994 3917 1036 3980 qui
1051 3917 1085 3964 nil
1096 3913 1205 3976 efficiunt,
1216 3917 1302 3964 frustra

232 3986 261 4026 ut
275 3981 355 4038 lueers',
372 3994 414 4043 pro
424 3982 542 4044 quomale
552 3981 577 4028 in
589 3981 749 4029 ecthesin
781 3991 925 4046 oppugnant,
942 3990 1031 4046 petum.
1064 3981 1127 4029 Mox
1145 3995 1192 4028 rese
1208 3995 1220 4028 e
1234 3981 1300 4028 Flor.

231 4042 446 4094 umsleeuonibur
454 4045 674 4108 legituruttluoerl,
685 4043 749 4110 quod
781 4047 889 4096 Pichena
923 4047 1043 4095 Consultit
1060 4045 1139 4096 aaut
1157 4043 1245 4108 (nuc.)
1262 4045 1301 4100 et.

230 4108 343 4158 sieined
356 4107 468 4157 Gronovii
478 4111 595 4172 repetitur.
620 4111 748 4158 Rhenanus
780 4127 816 4175 pr.
832 4120 873 4160 eta
892 4111 932 4159 alii
949 4126 980 4160 aa
1023 4113 1117 4160 Nomen
1137 4111 1245 4158 Turullio·
1260 4123 1300 4175 ap·

230 4181 311 4223 autm
325 4183 386 4222 reete
398 4181 495 4237 agnorat
504 4174 588 4222 vitium
603 4174 690 4223 librarii
705 4189 749 4238 pro
782 4177 854 4226 Cicer.
868 4177 898 4224 ad
910 4175 967 4224 Div.
984 4176 1022 4236 12,
1039 4177 1076 4224 la
1090 4175 1115 4222 in
1136 4174 1201 4222 libris
1219 4189 1262 4224 scr·
1275 4181 1300 4222 et

228 4246 280 4290 aut.
519 4261 522 4265 ’
780 4241 831 4289 edd.
844 4250 878 4289 est
895 4242 1018 4300 Turselius,
1035 4249 1062 4288 ut
1077 4239 1146 4288 etiam
1162 4238 1219 4288 alibi
1235 4248 1259 4288 et
1274 4239 1300 4288 in

262 4304 375 4357 Fumuet
387 4303 491 4370 pudore]
507 4304 582 4370 bego,
593 4304 669 4368 firme.
694 4304 748 4352 Du-
780 4305 965 4369 inscriptionibus
985 4310 1025 4368 (ut
1043 4319 1079 4370 ap.
1099 4305 1167 4354 Grut.
1187 4319 1210 4370 p.
1228 4303 1299 4368 73³.)

228 4368 284 4431 plex
307 4371 370 4418 enim
391 4384 472 4418 caussa
487 4371 613 4427 abscessum,
630 4367 703 4418 fames
724 4379 747 4418 et
779 4371 884 4427 occardt,
894 4370 964 4434 idque
971 4371 1055 4420 melius
1062 4379 1127 4434 puto.
1145 4368 1218 4421 Etru·
1234 4367 1298 4424 nus.

228 4432 305 4499 pudor
321 4435 379 4484 irriti
395 4434 470 4499 ccepti.
494 4434 569 4487 Lars.
601 4433 685 4485 Forte:
711 4437 747 4489 Et
784 4438 919 4486 Turrulr'ur.
