3059 4975
251 306 291 364 aa
635 296 938 358 ursronmsun
1146 303 1317 379 [sassa.

253 480 295 543 et,
309 488 389 553 quos
402 464 506 527 adhuc
520 462 657 549 singulos
670 463 934 541 exstimulaverat,
955 460 1166 527 accendendos
1184 465 1218 527 iu
1235 488 1320 531 eom·

252 574 348 617 mune
361 563 459 627 ratus,
474 570 533 636 pro
542 548 626 613 vallo
639 546 812 614 castrorum
825 549 870 613 ita
882 547 995 636 coepit:

296 636 488 701 XXXVII.
513 642 534 673 “
544 634 673 713 Quisad
684 658 740 699 vos
749 634 960 723 processerim,
972 632 1204 713 commilitones,
1217 635 1319 701 dicere

252 746 316 788 non
371 744 472 786 asum:
496 720 572 808 quia
585 743 642 784 nec
655 719 814 809 privatum
830 745 879 785 me
889 742 1000 785 vocare
1011 720 1156 802 sustineo,
1170 721 1320 811 Princeps

252 834 272 874 a
284 746 373 873 mliii
387 806 578 881 nominatus;
602 829 659 871 nec
674 807 780 871 Princi
821 831 864 886 m,
880 808 940 871 alio
954 805 1134 893 imperante.
1171 808 1319 872 Vestrum

252 918 378 981 quoque
392 916 505 957 nomen
515 893 548 956 in
558 894 676 957 incerto
686 894 755 971 erit,
790 916 866 957 onec
876 892 1082 971 dubitabitur,
1096 894 1145 956 lm
1170 906 1320 959 oratorem

254 980 370 1067 Populi
392 979 494 1044 Rom.
508 979 541 1042 in
561 978 678 1057 castris,
702 1002 742 1043 an
763 980 884 1045 hostem
901 979 1047 1043 habeatis
1085 981 1142 1043 Au
1157 978 1265 1059 ''tisne,
1283 994 1321 1044 ut

253 1088 347 1155 poena
367 1088 435 1129 mea
457 1079 489 1129 et
507 1064 695 1151 supplicium
714 1078 853 1129 vestrum
877 1064 968 1129 simul
1016 1064 1213 1129 ostulentur?
1243 1066 1321 1129 adeo

252 1152 452 1217 manifestum
467 1165 524 1229 est,
538 1172 640 1235 neque
653 1152 754 1237 perire
768 1174 835 1230 noS,
850 1174 952 1237 neque
967 1088 1066 1215 salvos
1080 1174 1155 1230 esse,
1173 1151 1232 1215 nisi
1246 1174 1320 1229 una,

253 1261 352 1325 posse.
397 1240 453 1314 Et,
474 1237 565 1323 cujus
582 1236 716 1301 lenitatis
731 1252 779 1301 est
799 1236 911 1315 Galba,
933 1238 1000 1323 jam
1019 1236 1147 1303 fortasse
1160 1238 1319 1324 promisit:

253 1323 370 1409 utqui,
384 1322 472 1385 nullo
481 1336 675 1409 exposcente,
688 1338 736 1387 tot
749 1322 846 1387 millia
855 1322 1171 1387 innocentissimorum
1188 1324 1323 1387 militum

253 1408 467 1473 trucidaverit.
514 1411 637 1472 Horror
654 1409 795 1475 animum
816 1408 909 1487 subit,
928 1408 1071 1495 quotiens
1085 1410 1230 1473 recordor
1243 1410 1325 1473 fera-

254 1494 316 1560 lem
330 1494 503 1572 introitum,
519 1511 551 1558 et
562 1495 642 1559 harro
656 1494 753 1559 solam
769 1495 882 1560 Galbae
895 1496 1067 1573 victoriam,
1083 1518 1167 1573 cum,
1181 1495 1214 1557 in
1225 1494 1323 1559 oculis

255 1581 353 1659 urbis,
374 1580 534 1645 decumari
556 1580 677 1646 deditos
695 1582 832 1668 juberet,
856 1604 936 1667 quos
957 1582 1157 1668 deprecantes
1176 1582 1208 1645 in
1228 1582 1323 1647 fidem

254 1679 424 1753 acceperat.
469 1665 531 1729 His
549 1666 693 1754 auspiciis
712 1668 821 1731 urbem
843 1668 1007 1753 ingressus,
1027 1688 1123 1753 quam
1137 1666 1268 1756 gloriam
1282 1664 1324 1729 ad

255 1752 361 1816 Princi
403 1765 472 1817 tum
487 1752 612 1831 adtulit,
635 1753 694 1816 nisi
710 1753 803 1817 occisi
818 1752 1001 1817 Obultronii
1016 1751 1125 1817 Sabini
1141 1765 1172 1816 et
1187 1750 1324 1815 Cornelii

255 1838 365 1902 Marce
389 1838 396 1850 '
412 1838 446 1901 in
461 1838 627 1925 Hispania,
643 1838 738 1903 Betui
752 1838 893 1903 Chilonis
907 1839 940 1902 in
957 1838 1071 1914 Gallia,
1089 1837 1213 1901 Fonteii
1230 1838 1324 1923 Capi-

255 1924 338 1988 tonis
353 1924 387 1987 in
402 1924 582 2004 Germania,
606 1924 709 1988 Clodii
729 1926 832 1989 Macri
850 1926 883 1988 in
903 1924 1023 2003 Africa,
1044 1923 1191 2011 Cingonii
1212 1925 1245 1987 in
1261 1924 1323 2002 via,
1406 1948 1407 1951 ¹

257 2137 299 2169 cus
309 2130 412 2182 vocatur,
429 2129 457 2167 ut
471 2137 510 2184 ap.
526 2121 632 2169 Donium
646 2120 684 2165 Gi.
696 2121 723 2177 θ,
736 2122 774 2171 lli.
805 2134 926 2182 perperam
938 2120 1084 2177 claudorum,
1099 2118 1161 2166 unde
1172 2120 1250 2169 Rhen.
1266 2122 1325 2167 clas·

257 2186 321 2249 apud
331 2194 437 2234 nostrum
448 2187 563 2233 Centurio
573 2185 710 2229 classiarios
718 2182 774 2229 dici-
806 2186 943 2229 siariorarn.
963 2183 1024 2230 Mox
1036 2182 1099 2229 Bud.
1111 2185 1269 2245 imparitarttc.
1286 2186 1325 2233 De

257 2259 297 2298 tur
310 2251 343 2297 A.
362 2251 437 2308 lca.
471 2247 608 2309 Emuuque
623 2246 776 2293 minumus
806 2248 904 2295 omnus
921 2247 984 2311 apud
1000 2246 1121 2295 Misenum
1135 2248 1323 2311 arripuisti,

257 2310 588 2377 repaisminverbisraata
603 2313 661 2357 socii
670 2312 772 2358 moalar.
810 2311 849 2358 lii.

258 2379 333 2437 Nam,
342 2392 396 2425 cum
405 2375 776 2439 mutarulgoderemigibusdi-
842 2377 918 2440 Cujus
939 2377 1043 2424 lenitatis
1061 2377 1107 2440 art]
1136 2376 1174 2424 Sic
1193 2377 1266 2427 MSS.
1287 2378 1325 2426 Fl.

258 2450 349 2504 muttit,
366 2440 429 2506 apud
441 2439 575 2487 Ciceronum
591 2440 652 2489 clara
667 2440 776 2487 dicuumr
808 2440 896 2505 (Bud.)
904 2441 963 2506 Agr
972 2440 1051 2490 Guell'.
1060 2448 1140 2506 astque
1150 2442 1281 2491 mordacius
1288 2459 1325 2502 eo,

258 2509 328 2556 mam
339 2522 382 2570 pro
392 2505 505 2554 militibus
515 2505 643 2553 navalibus.
672 2505 739 2553 verr.
749 2508 775 2566 5,
808 2506 871 2569 quod
887 2521 967 2554 omnes
984 2506 1037 2554 edd.
1055 2514 1108 2554 ante
1126 2507 1245 2572 Ryckium
1261 2517 1284 2556 at
1299 2509 1325 2558 J.

261 2571 300 2627 17.
312 2580 367 2619 aunt
376 2576 457 2618 mula
468 2572 608 2630 militisque,
623 2578 647 2617 ot
661 2572 702 2616 20.
715 2578 773 2619 exo.
809 2571 976 2620 &cubabant
987 2573 1105 2618 lautratiss
1121 2571 1207 2635 alioqui
1216 2581 1239 2620 ct
1248 2573 1327 2636 ipsum

259 2651 360 2748 itit
370 2637 777 2763 imiimi?
808 2636 1327 2766 illumillumsllitllm

260 2774 285 2814 at
295 2781 315 2812 c.
327 2767 367 2813 oo.
379 2767 480 2825 remiges
489 2771 630 2825 unamque.-
643 2763 701 2810 itam
709 2765 777 2811 cti.
810 2762 843 2823 st)
858 2765 896 2812 od.
909 2779 945 2828 pr.
962 2773 987 2812 at
1002 2764 1083 2814 Guell.
1098 2765 1151 2814 add.
1166 2782 1181 2814 a
1196 2717 1327 2814 Puteolili

261 2831 335 2878 Porro
351 2832 409 2876 socii
424 2831 518 2876 navales
537 2829 567 2876 da
587 2827 714 2890 renugibus
731 2842 779 2876 non
810 2829 938 2877 Pichenam
955 2829 1061 2877 alterum.
1100 2831 1161 2879 Sane
1178 2830 1263 2878 milites
1280 2831 1328 2879 iere

261 2893 779 2957 unolooodimntmmpudlaiviumvmil,
810 2893 936 2942 sument:
965 2903 988 2941 et
1012 2893 1115 2942 militum
1137 2896 1224 2942 mentio
1240 2895 1270 2942 ad
1286 2911 1328 2943 ex·

261 2961 303 3006 50.
319 2966 347 3007 ul
362 2961 431 3008 sociis
447 2957 570 3006 nardius
585 2959 678 3018 affatim
688 2958 780 3004 insim-
811 2958 949 3014 acerbandos
966 2959 1051 3006 milites
1068 2959 1186 3020 efficacior,
1205 2975 1277 3022 quam
1295 2959 1328 3008 ci-

262 3030 324 3072 stam
340 3027 444 3084 clasem,
461 3025 497 3070 iia
511 3025 603 3084 inopem
618 3023 695 3070 miliia
710 3023 780 3068 labe·
811 3021 973 3070 vium.Ii1ut.
1135 3069 1139 3078 ,

263 3090 327 3148 iant,
343 3088 385 3136 ubi
401 3105 423 3136 v.
435 3088 515 3151 Sigon.
529 3088 586 3135 itam
596 3103 617 3136 c.
628 3087 668 3134 61.
687 3087 780 3133 classici
846 3088 981 3134 Obultronii
990 3087 1084 3162 Sabini]
1097 3089 1235 3149 Conjoctura
1245 3088 1328 3136 ductus

262 3155 501 3213 mansiunculam
510 3153 584 3199 socii.-
601 3159 625 3198 at
641 3150 706 3214 apud
722 3164 780 3198 eun-
812 3151 845 3200 sic
855 3152 953 3210 restitui,
961 3167 1015 3199 cum
1026 3153 1051 3199 ln
1062 3153 1126 3201 libris
1138 3163 1205 3213 esset,
1217 3155 1245 3200 ab
1253 3155 1328 3200 ultro-

263 3217 318 3265 dam
329 3219 386 3264 socii
396 3220 491 3264 novalss
506 3231 549 3280 pro
558 3215 673 3263 militibus
682 3215 781 3263 classicis
812 3217 859 3263 niis
870 3217 959 3264 Albini.
992 3217 1100 3279 Suspicor
1113 3227 1191 3265 autem
1204 3233 1258 3265 eum
1272 3233 1328 3277 esse,

263 3283 305 3341 26,
314 3283 354 3328 ia.
366 3283 468 3344 quiante
476 3282 633 3328 sociinaualcs
643 3280 780 3340 dictierant,
812 3281 841 3329 de
856 3296 903 3344 quo
917 3281 1013 3329 Tacitus
1025 3282 1058 3328 A.
1073 3283 1112 3341 13,
1124 3283 1162 3328 23.
1199 3283 1329 3330 Helvidius
1378 3293 1380 3298 ’

264 3346 412 3409 diafincdque
422 3362 436 3393 a
445 3347 582 3407 legionariis
589 3345 711 3403 militibus,
722 3345 782 3394 darc
813 3347 915 3393 Priscus
924 3347 1034 3394 adversas
1042 3347 1207 3394 Obultronium
1215 3349 1330 3394 Sabinum

264 3413 424 3459 nrox‘clarrici
434 3413 647 3458 rnilitasrocantur.
672 3410 782 3458 Ceterum
813 3411 1331 3472 orariiQuadoramprapriaaaontontionas

265 3478 362 3537 warnis
383 3477 486 3523 clasura
507 3475 595 3523 mentio
615 3488 687 3538 supra
706 3489 726 3522 c.
741 3475 782 3520 31.
813 3477 926 3522 coercuit.
939 3475 1013 3522 luas.
1027 3475 1162 3523 Obultronii
1171 3476 1241 3538 plane
1250 3475 1330 3524 Guell.

264 3539 783 3604 iumauutcarunquisuntexisulegia-
814 3539 917 3588 scddein
927 3540 1020 3586 Albini.
1037 3539 1109 3589 Ean.

265 3619 296 3653 ne
307 3605 341 3652 H.
353 3607 378 3666 2,
391 3605 478 3660 11.67.
492 3614 534 3653 eta.
563 3605 665 3666 Nempe,
675 3611 703 3650 ut
712 3601 783 3650 tradit
846 3607 881 3652 Et
898 3605 1003 3652 Cornelii
1019 3606 1145 3670 Marcelli]
1168 3605 1235 3657 Libri
1251 3601 1330 3668 scripti

265 3669 409 3746 vegentini,
420 3671 441 3717 l.
452 3671 516 3732 apud
524 3669 783 3717 Mirrnumeiliausn-
814 3668 847 3716 ita
860 3669 986 3732 appellant,
1004 3669 1121 3718 hominem
1136 3669 1182 3718 alia
1195 3669 1254 3716 mihi
1264 3669 1331 3732 igno·

333 3733 784 3796 ungulaugianucunolaniiasna-
814 3741 874 3780 tum.
904 3733 988 3780 Paullo
997 3742 1050 3797 post
1065 3737 1138 3782 Vettii
1150 3735 1258 3784 Chilonis
1269 3735 1330 3796 lego,
1411 3765 1415 3778 .

265 3749 324 3780 nam

267 3799 338 3845 iani:
350 3797 783 3862 dequolooovidFabrsttbcp.83.
815 3813 869 3846 cum
885 3797 1007 3845 Rhenano.
1022 3799 1097 3846 Inus.
1117 3801 1176 3861 Ejus
1191 3798 1332 3862 (Marcelli)

266 3865 491 3975 (limitwlssm
499 3861 674 3976 &qum
683 3862 783 3974 lsecripto·
815 3863 992 3976 peppogamen
1007 3863 1040 3910 A.
1056 3864 1094 3924 lo,
1108 3867 1131 3912 8.
1148 3865 1242 3912 Sueton-
1260 3861 1331 3910 Galb.

267 3941 288 3973 n
304 3943 332 3973 us
375 3941 400 3974 tn
421 3944 489 3976 tersa
561 3960 568 3973 .
773 3941 784 3971 s
887 3959 892 3974 .
931 3941 979 3975 nu.

268 3993 349 4038 claim
358 4000 523 4045 memorantur,
541 3943 616 4054 iiiap.
628 3940 784 4049 kinigilsi}
833 3961 927 4039 ’Vertis
948 3991 1065 4056 Chilonis]
1093 3991 1153 4040 Hac
1170 4001 1204 4041 ast
1224 3992 1332 4041 correctio

268 4055 309 4112 ii,
328 4059 351 4102 2.
385 4057 448 4104 Hinc
470 4058 572 4104 miurus
589 4058 691 4104 claim
708 4056 732 4102 in
747 4056 785 4102 in·
817 4056 933 4116 libanam,
962 4057 1042 4120 lipsio
1066 4059 1170 4118 probata,
1201 4065 1291 4118 recepta
1318 4071 1334 4104 a

268 4119 428 4182 scriptionibus
438 4121 547 4184 antiquis.
561 4121 624 4169 Add.
642 4122 675 4169 A.
689 4136 734 4169 ran
744 4119 786 4168 der
817 4119 975 4169 Freinshemio
986 4131 1009 4169 at
1019 4138 1069 4185 sqq.
1084 4121 1157 4169 MSS.
1168 4122 1203 4182 (in
1211 4121 1247 4168 his
1255 4110 1331 4182 Bud.)

268 4184 400 4232 Miedcn‘in
412 4185 501 4232 erudita
511 4185 568 4248 disp.
586 4186 616 4232 ad
631 4186 737 4233 Marmor
747 4201 786 4233 va-
817 4195 839 4234 et
855 4185 907 4234 edd.
921 4195 975 4234 vett.
991 4187 1162 4234 Betuiclrilonir
1173 4185 1209 4233 vel
1220 4187 1333 4233 Baroialr.

270 4257 309 4296 tus
323 4248 352 4296 dc
364 4249 392 4295 P.
404 4250 501 4314 Sulpicii
512 4250 606 4309 Quirini
618 4251 702 4299 Genua.
720 4251 786 4310 Traj.
817 4251 880 4298 Flor.
896 4249 996 4297 divisum
1011 4254 1085 4299 Boioi
1101 4252 1215 4310 Chilonis,
1233 4267 1286 4314 quaa
1299 4257 1334 4298 cst

270 4313 342 4369 1746.
354 4329 380 4378 p.
388 4313 427 4362 15.
439 4330 473 4378 aq.
491 4315 553 4362 Mox
564 4315 786 4363 uocarabenercsti-
817 4315 960 4374 verelamio,
977 4325 1005 4363 ut
1020 4331 1050 4364 ex
1066 4316 1134 4364 insar.
1150 4330 1188 4378 ap.
1202 4315 1295 4363 Gruter.
1305 4331 1331 4378 p.
1346 4314 1348 4324 '

269 4377 315 4426 nuit
332 4377 434 4428 Piolrcna
450 4381 476 4444 (e
489 4377 566 4440 Flos.)
583 4394 689 4444 proquo
705 4380 786 4426 vocari
817 4379 874 4435 376.
889 4379 958 4443 plane
968 4379 1108 4429 domonstrat
1118 4379 1144 4428 J.
1157 4379 1296 4439 Gronovius,
1307 4379 1334 4426 in

269 4442 341 4492 iiiiii
354 4443 482 4494 libramus
492 4445 518 4508 (e
528 4443 613 4508 Bai).
624 4444 696 4496 Ean.
721 4443 786 4493 liud.
817 4459 865 4509 qua
877 4457 901 4494 c.
913 4456 1010 4498 struo
1024 4455 1090 4498 rao.
1101 4457 1213 4497 cucur.
1229 4445 1301 4494 Eua.
