3059 4975
147 254 150 273 ¹
211 243 271 304 232
601 236 908 299 HISTOlllARUM‘
1120 240 1166 317 [a.
1178 260 1207 303 u.
1220 245 1287 303 823.

213 402 340 489 guinem
358 416 390 465 et
409 402 510 467 eredes
529 403 670 482 obverso,
692 403 791 491 spolia
808 404 842 467 in
857 401 970 489 vulgus
987 403 1148 469 cedebant.
1193 408 1286 471 Saeva

214 512 249 553 ec
270 486 416 551 deformis
437 489 514 553 urbe
536 500 602 552 tota
623 487 733 555 facies:
757 488 831 553 alibi
854 488 964 573 proelia
984 503 1016 552 et
1037 488 1185 565 vulnera:
1209 490 1284 555 alibi

214 573 347 639 belineae
368 573 573 660 popinaeque:
599 573 689 639 simul
710 597 803 638 cruor
817 589 849 637 et
871 589 972 639 strues
985 597 1171 661 corpqrum:
1189 576 1286 673 juxta

215 672 315 723 scorta
337 676 370 725 et
390 659 497 723 scortis
523 658 653 725 similes:
680 674 836 757 quantum
859 659 893 725 in
914 659 1075 725 luxurioso
1095 660 1161 726 otio
1181 661 1285 726 bbidi-

215 767 311 818 num;
334 743 486 831 quicquid
506 744 539 811 in
558 744 753 811 acerbissima
766 768 804 809 ca
826 744 947 810 tivitate
966 745 1133 811 scelerum:
1158 769 1288 833 prorsus

216 841 254 896 ut
268 829 397 895 eandem
411 830 567 895 civitatem
582 842 615 894 et
628 831 732 895 furere
746 767 886 895 crederes
901 845 933 895 et
946 830 1093 897 lascivire.
1126 831 1286 897 Conflixe-

217 928 288 985 rant
301 928 372 981 ante
386 916 497 981 armati
511 916 665 981 exercitus
683 917 716 981 in
732 917 821 995 urbe,
835 916 885 981 bis
899 918 939 981 L.
956 916 1056 994 Sulla,
1074 916 1167 983 semel
1182 917 1285 983 Cinna

217 1001 405 1077 victoribus:
429 1024 486 1067 nec
501 1014 576 1069 tunc
592 1002 696 1067 minus
715 1001 925 1067 crudelitatis:
948 1025 1033 1067 nunc
1052 1002 1221 1069 inhumana
1239 1027 1287 1067 se·

219 1086 345 1166 auritas,
359 1101 392 1156 et
405 1108 443 1151 ne
458 1086 587 1153 minimo
596 1086 723 1173 quidem
738 1101 802 1151 tem
843 1086 886 1151 ris
895 1086 970 1151 volu
994 1102 1072 1153 tates
1086 1089 1283 1153 intermissae:

219 1171 305 1239 velut
319 1172 405 1237 festis
419 1172 529 1238 diebus
542 1172 576 1235 id
590 1195 716 1258 quoque
730 1195 795 1257 gau
817 1171 881 1235 ium
990 1187 1068 1251 eret,
1076 1175 1285 1252 exsultabant,

218 1259 420 1336 fruebantur3
443 1258 530 1323 nulla
542 1256 679 1343 partium
694 1280 780 1334 cura,
796 1256 884 1321 malis
898 1256 1030 1344 publicis
1043 1258 1116 1322 laeti.

269 1344 476 1409 LXXXIV.
500 1342 679 1407 Plurimum
700 1342 790 1407 molis
810 1342 843 1405 in
864 1344 1097 1440 oppugnatione
1115 1356 1288 1409 castrorum

219 1430 291 1507 fuit,
306 1450 379 1515 quae
390 1427 556 1491 acerrimus
570 1428 714 1515 quisque,
730 1442 766 1493 ut
780 1428 978 1493 novissimam
992 1452 1007 1491 s
1048 1451 1090 1508 m,
1105 1428 1288 1495 retinebant.

223 1514 274 1579 Eo
295 1512 442 1577 intentius
465 1513 605 1591 victores,
627 1513 787 1601 praecipuo
808 1528 949 1579 veterum
971 1536 1009 1579 eo
1030 1514 1144 1580 ortium
1170 1513 1286 1593 studio,

221 1613 333 1663 cuncta
350 1597 607 1671 validissimarum
629 1600 755 1665 urbium
778 1600 904 1664 excidiis
925 1614 1048 1686 reperta
1068 1599 1160 1664 simul
1181 1600 1290 1665 adme-

221 1698 306 1762 vcnt‚
330 1684 528 1765 testudinem,
551 1698 713 1763 tormenta,
800 1707 877 1761 eres,
899 1685 1062 1770 facesque:
1095 1692 1116 1722 “
1155 1685 1289 1771 uidquid

223 1782 270 1833 tot
292 1769 414 1856 ,praeliis
442 1769 555 1835 laboris
583 1794 619 1835 ac
648 1770 754 1855 pericu
805 1770 989 1850 hausissent,
1015 1792 1108 1856 opere
1131 1709 1190 1835 illo
1213 1794 1288 1835 eou-

223 1855 399 1932 summari‚''
418 1854 619 1921 clamitantes.
664 1856 824 1923 “Urbem
846 1856 974 1921 Senatui
995 1879 1032 1921 ac
1050 1854 1174 1942 Populo
1193 1858 1286 1922 Rom.

224 1940 340 2028 templa
354 1939 424 2007 Diis
442 1940 581 2005 reddita:
606 1942 769 2027 proprium
790 1964 855 2005 esse
873 1940 979 2005 militis
993 1941 1088 2005 decus
1108 1941 1141 2005 in
1160 1943 1285 2007 castris:

222 2026 306 2090 illam
321 2026 464 2114 patriam,
478 2026 547 2092 illos
562 2030 710 2091 Penates:
735 2027 766 2089 ni
787 2028 889 2093 statim
909 2027 1106 2115 recipiantur,
1122 2044 1243 2092 noctem
1257 2028 1292 2092 in

224 2112 317 2176 armis
331 2113 512 2198 agendam.”
545 2114 663 2179 Contra
675 2112 847 2211 Vitelliani,
862 2136 1054 2200 quamquam
1068 2136 1198 2178 numero
1211 2114 1290 2178 fate

225 2221 287 2284 que
313 2197 459 2285 dispares,
490 2198 661 2284 inquietare
688 2198 859 2277 victoriam,
888 2221 1002 2263 moran
1034 2221 1152 2285 pacem,
1182 2198 1292 2263 domos

224 2307 355 2370 arasque
365 2294 474 2347 cruore
488 2283 617 2362 foedare,
633 2306 779 2371 suprema
789 2282 878 2349 victis
892 2283 1001 2349 solatia
1014 2284 1288 2371 amplectebantur.

226 2511 281 2560 MS.
298 2514 356 2576 Agr.
375 2513 409 2560 ed.
429 2527 463 2576 pr.
481 2514 511 2560 nd
529 2513 598 2560 caedcr
619 2517 640 2559 et
656 2529 739 2573 rnrrgn.
772 2515 890 2574 gaudium
906 2515 1035 2560 eicerent:
1053 2513 1078 2558 in
1092 2513 1146 2560 MS.
1160 2513 1240 2562 Guelf.
1247 2529 1288 2561 au-

226 2576 340 2625 Praeterea
357 2577 391 2624 cd.
410 2593 444 2640 pr.
460 2579 572 2624 adverto:
591 2578 657 2624 male
694 2579 741 2624 Ob.
775 2586 822 2625 tem
838 2593 881 2625 sec.
891 2592 987 2624 manum
1000 2593 1029 2624 ex
1039 2579 1152 2635 accedere,
1164 2578 1227 2641 qued
1237 2587 1291 2626 ante

227 2657 308 2688 vernes
325 2643 350 2688 iu
361 2643 459 2703 aliquid,
472 2655 514 2704 pro
525 2653 655 2697 conversim,
670 2641 743 2704 pluri·
775 2648 831 2700 erat,
842 2641 922 2689 fecisse
932 2642 1042 2687 nccidne.
1076 2641 1143 2688 Male
1157 2651 1290 2705 utrumque
1357 2658 1360 2665 ⁴

226 2707 270 2752 bus
288 2705 345 2754 lacis
363 2705 451 2754 dictum
471 2703 539 2752 bivio
558 2707 582 2764 6,
601 2706 624 2759 7.
643 2707 682 2754 24.
699 2713 740 2754 etc.
775 2705 884 2754 Ceterum
898 2704 1105 2768 interpunctionem
1114 2705 1204 2753 mutavi
1213 2706 1291 2754 haete-

226 2771 297 2818 liau.
332 2770 394 2819 Bud.
406 2771 469 2834 vulg.
481 2777 548 2818 tenet
775 2785 828 2828 nua,
840 2779 867 2817 ut
878 2771 954 2827 verba,
966 2770 992 2815 r'd
1003 2784 1091 2830 qnoque
1100 2771 1218 2830 gandium
1228 2785 1293 2818 acce-

261 2837 350 2884 Scertie
367 2833 467 2900 similer]
500 2835 538 2882 Ita
551 2850 592 2882 scr.
605 2843 627 2882 et
640 2835 692 2883 cdd.
706 2850 740 2898 pr.
775 2836 847 2892 deret,
858 2834 982 2898 repetiere
991 2834 1097 2891 fecerun,
1108 2841 1136 2881 ut
1146 2834 1233 2896 placuit
1240 2836 1291 2896 jam

227 2899 304 2946 Rhen.
316 2909 358 2949 etc.
376 2899 458 2953 Medii,
468 2899 558 2947 Puteol-
568 2899 675 2947 Beroald.
685 2899 740 2948 Alc.
776 2898 890 2946 Acidalio.
916 2899 980 2946 Nam
991 2898 1049 2946 alias
1059 2898 1093 2945 nil
1103 2897 1209 2962 frigidius
1219 2899 1293 2948 verbis

227 2966 310 3012 scortis
331 2966 404 3013 miles.
439 2964 494 3012 Non
516 2965 586 3023 male,
609 2978 663 3010 nam
685 2963 742 3027 quid
776 2963 831 3010 istiu
848 2963 919 3011 Enu.
937 2962 1012 3024 Iripn‘i
1022 2972 1149 3011 nouem
1157 2963 1211 3011 etin
1221 2964 1259 3011 ed.
1269 2966 1293 3011 8.
1394 3004 1398 3010 .

228 3030 432 3078 rrertirrinnlcr?
454 3029 496 3076 int.
506 3028 647 3089 adjacebant
671 3027 743 3075 Eau.
777 3027 836 3074 Aur.
848 3027 898 3073 All.
910 3027 948 3084 16,
962 3027 998 3075 lu
1028 3027 1178 3075 Parentlrcsin
1188 3028 1293 3076 Ernesti·

229 3093 488 3143 Budclareeteecrtta
504 3093 607 3139 :irnilnsr
625 3099 693 3148 recte,
706 3091 743 3138 in·
777 3105 832 3138 nam
848 3091 1005 3154 annulique
1015 3107 1107 3140 sensum
1123 3093 1208 3140 turbat
1242 3093 1293 3140 Nec

228 3159 363 3220 tclliguntur
373 3158 465 3221 pathici.
484 3157 538 3219 Bip.
549 3156 630 3218 legunt
642 3157 667 3201 in
682 3169 744 3202 secra
776 3155 850 3215 video,
877 3154 963 3203 uidbic
972 3155 1074 3204 hareant
1083 3156 1231 3220 interpretes:
1243 3157 1295 3220 pln-

228 3225 267 3279 tte,
280 3223 342 3284 quod
352 3222 411 3268 mihi
421 3220 532 3282 displicet.
777 3234 821 3268 nus
832 3220 863 3266 m'
883 3219 1087 3269 'semmeidetun
1113 3221 1297 3270 Fruebanturee

238 3329 240 3334 .
260 3288 414 3344 Enultnbent,
421 3287 487 3331 :indu
494 3286 602 3346 partium
610 3286 680 3349 curn]
691 3284 745 3333 Vox
778 3284 872 3346 gaudio,
880 3284 1037 3347 voluptatibus
1044 3285 1102 3344 istis,
1111 3285 1178 3349 qnasi
1185 3285 1295 3333 samm

228 3351 346 3412 interjecta
363 3349 388 3396 in
407 3349 486 3412 priscis
508 3348 581 3408 libris,
601 3351 743 3399 cnnltebent.
778 3349 868 3396 dierum
893 3357 964 3396 suetae
980 3348 1221 3398 medemena
1238 3349 1295 3412 Bip.
1375 3359 1383 3370 ’

230 3417 382 3463 Frnebantnr·
399 3415 466 3461 :tella
478 3429 505 3476 p.
518 3428 538 3461 c.
549 3429 620 3477 quam
636 3422 678 3462 aut
693 3429 745 3462 mee
777 3413 858 3476 legunt
866 3414 986 3460 accedere:
1003 3418 1033 3462 et.
1049 3413 1295 3462 Aciddelerivolcbat

229 3481 337 3543 exemplo
347 3477 484 3541 ejiciendum
496 3486 537 3536 est,
555 3488 595 3526 aut
606 3478 744 3526 flectendum
771 3478 927 3539 ferebantur,
938 3487 961 3524 ct
971 3491 1015 3538 pro
1024 3478 1140 3525 accederet
1153 3477 1200 3540 legi
1213 3477 1296 3525 suade

229 3545 420 3607 scribendumquc
433 3544 555 3605 sarciant.
579 3543 653 3590 Iure.
687 3543 746 3591 Haec
778 3543 953 3589 batercederet.
986 3541 1090 3590 Hillerus
1100 3541 1195 3589 Raeem.
1208 3540 1245 3587 ll.
1256 3542 1294 3589 12.

229 3619 285 3658 nota
294 3610 379 3657 ombsa
389 3609 414 3654 in
425 3608 513 3656 ultimis
523 3608 575 3656 edd.
585 3606 701 3670 Lipsienae
710 3623 745 3656 rc-
778 3606 869 3668 conjicit
876 3607 1035 3669 serebantur:
1053 3605 1166 3654 Trillerus
1172 3607 1296 3668 fermenn-

229 3673 350 3732 censionis,
361 3672 436 3721 nescio
446 3688 531 3736 quare:
544 3687 598 3720 eum
609 3672 745 3720 sententiam
781 3678 828 3717 tur.

230 3752 278 3786 non
301 3737 397 3785 innunt
415 3737 516 3799 Lipsius
553 3736 636 3799 Itaque
658 3751 699 3784 nec
721 3736 746 3783 in
810 3738 845 3783 In
854 3736 1025 3798 oppugnatione
1035 3736 1179 3800 antrorum]
1209 3737 1296 3785 Prata

232 3801 384 3849 Gronovianie
408 3799 460 3848 edd.
477 3810 599 3864 comparet.
633 3800 746 3848 Sumsie
779 3799 1208 3862 maQOametmonee
1236 3801 1297 3848 Mox

232 3867 329 3913 tertiae.
343 3865 411 3913 1585.
440 3866 548 3914 Ceterum
560 3875 657 3912 veterem
668 3864 746 3913 lectio-
779 3864 1295 3928 prerpemexlribentepccicrnGucllamanu

231 3945 286 3978 nem
303 3945 358 3977 mex
373 3929 471 3978 restituit
483 3931 591 3988 Piehena,
608 3937 698 3977 memte
712 3938 747 3976 ta-
780 3945 817 3991 pr.
827 3927 867 3976 sed
879 3937 1004 3976 correctum
1016 3945 1073 3978 arn.
1086 3947 1105 3978 s.
1115 3931 1167 3978 edd.
1177 3930 1232 3976 rut
1241 3930 1296 3976 Ber.

232 3996 484 4057 menintcrpunctione.
519 3993 747 4043 Sanevorillaloco
780 3993 834 4041 Alc.
846 3993 941 4041 maleet
958 3994 1045 4041 solenni
1062 3995 1201 4042 memnone.
1224 3994 1298 4042 Ean.

231 4062 276 4108 hec
289 4061 358 4108 nimis
373 4059 431 4107 lenis
446 4069 494 4108 est:
512 4061 599 4123 quippe
610 4058 702 4107 fruendi
717 4059 747 4106 si·
781 4061 853 4119 Spem
863 4058 962 4106 restituit
973 4058 1049 4107 Rhen.
1059 4077 1072 4108 e
1082 4059 1144 4107 Bud.

232 4125 349 4188 gnificatio
364 4124 413 4186 jam
429 4133 463 4170 est
480 4124 503 4170 in
518 4125 634 4172 verbisne
648 4124 749 4170 rninirnc
797 4124 1050 4186 'Numerosetoqnc1
1083 4124 1129 4171 Ed.
1144 4138 1179 4186 pr.
1197 4123 1232 4181 (ct
1247 4123 1298 4170 ced

233 4189 581 4251 qntdcrntcmperiscolnptates
593 4189 747 4246 internaliter,
782 4186 859 4246 Bud.)
865 4188 993 4249 factoque:
1010 4186 1124 4250 frequenti
1140 4188 1165 4235 in
1180 4188 1245 4235 libris
1258 4203 1300 4234 an-

232 4264 259 4301 ut
270 4251 576 4316 magistripsianacerreetie
585 4251 703 4312 probanda
713 4251 749 4298 vi·
781 4251 852 4314 tiquis
863 4251 1002 4300 confudere.
1017 4252 1089 4299 Enu.

233 4318 321 4365 denuu.
337 4317 423 4366 Omitti
432 4313 674 4370 :ualebatAcidalius3
686 4315 751 4377 qued
814 4317 922 4376 Ararque
933 4316 1122 4378 criterefoedere]
1141 4319 1245 4366 Faernus
1252 4332 1300 4364 cor-

234 4382 292 4428 mihi
306 4396 399 4444 queque
409 4379 524 4442 optimum
535 4379 631 4426 videtur.
665 4380 751 4442 Neque
782 4380 870 4442 rigebat
883 4382 987 4441 sortietur
1004 4381 1053 4443 (vel
1069 4383 1174 4443 ,sedech
1192 4383 1300 4436 Muretus

234 4455 267 4490 est
289 4443 516 4506 pretermittendum,
540 4443 564 4491 in
590 4444 625 4492 etl.
647 4459 682 4506 pr.
702 4459 749 4492 esse
776 4446 864 4505 [fedas.
897 4445 943 4494 Sed
958 4461 1004 4494 nen
1021 4446 1097 4507 crede,
1114 4447 1195 4496 (loures
1211 4454 1234 4495 et
1248 4460 1300 4494 aras
