3059 4975
223 300 295 361 ac.
310 305 372 377 ro]
600 296 691 356 tm
710 297 751 355 11.
773 272 858 357 cir.
883 304 929 359 12.
1253 308 1291 363 95

221 465 388 531 rebellione
414 462 583 527 Britannia·
602 484 786 550 compressa.
832 446 1008 527 Addiderat
1035 462 1167 549 gloriam
1194 464 1290 545 Nero,

221 552 376 638 eligendo,
391 563 428 615 ut
440 549 631 635 potissimos:
655 548 740 613 unde
757 548 851 635 longa
865 548 924 613 illis
944 572 1018 635 erga
1033 553 1189 615 Neronem
1204 550 1291 631 fides,

221 654 253 701 et
266 651 368 701 erecta
381 636 413 699 in
424 635 581 700 Othonem
595 633 707 698 studia.
734 635 807 712 Sed,
846 658 887 698 uo
901 635 972 721 plus
982 634 1096 699 virium
1110 660 1145 699 ac
1160 636 1290 719 roboris,

221 748 240 787 e
260 723 376 787 fiducia
394 721 523 786 tarditas
550 722 667 783 inerat:
788 743 810 783 n
823 660 989 807 legionum
1011 722 1069 785 alae
1088 723 1291 823 cohortesque

221 808 462 897 praeveniebant.
492 809 539 870 Et
552 829 592 869 ex
606 805 674 892 ipsa
687 829 726 869 ur
780 806 865 871 haud
880 830 895 870 s
917 807 1052 872 mnenda
1065 830 1187 885 manns,
1200 832 1292 906 qmn-

222 918 284 982 que
296 895 455 959 Praetoriae
465 893 617 968 cohortes,
629 906 659 955 et
670 890 813 978 equitum
828 830 941 957 vexilla
950 916 1022 956 cum
1037 893 1157 980 legione
1170 917 1288 981 prima:

220 1005 257 1045 ac
271 980 411 1045 deforme
423 980 551 1065 insuper
564 977 727 1053 auxilium,
742 977 808 1041 duo
823 977 918 1043 millia
932 978 1150 1065 gladiatorum,
1166 980 1221 1044 sed
1234 1004 1292 1067 per

223 1065 324 1131 civilia
343 1088 431 1130 arma
451 1065 544 1128 etiam
570 1063 683 1128 severis
704 1062 849 1127 Ducibus
872 1077 1067 1150 usurpatum.
1112 1067 1174 1131 His
1194 1066 1291 1155 copiis

221 1166 322 1215 rector
334 1151 461 1216 additus
475 1150 601 1215 Annius
617 1149 738 1228 Gallus,
755 1172 828 1213 cum
844 1149 997 1214 Vestricio
1013 1151 1170 1235 Spurinna
1183 1152 1225 1215 ad
1238 1176 1290 1217 oc·

221 1238 379 1323 cupaudas
394 1236 474 1301 Padi
492 1236 576 1324 ripas
594 1236 790 1323 praemissus:
814 1236 961 1322 quoniam
976 1235 1078 1320 prima
1091 1237 1289 1303 consiliorum

219 1322 338 1389 frustra
349 1323 533 1401 ceciderant,
548 1336 739 1408 transgresso
755 1322 823 1408 jam
838 1320 938 1408 Alpes
954 1321 1089 1401 Caecina,
1108 1345 1202 1408 quem
1224 1324 1289 1389 sisti

218 1408 302 1473 intra
313 1408 432 1475 Gallias
441 1430 531 1494 posse
541 1421 728 1495 speraverat.
772 1409 883 1495 Ipsum
896 1406 1052 1471 Othonem
1063 1408 1291 1473 comitabantur

221 1496 451 1582 speculatorum
469 1492 549 1557 lecta
561 1516 615 1557 cor
657 1517 701 1572 ra,
716 1516 789 1558 cum
804 1493 912 1558 ceteris
927 1492 1085 1557 Praetoriis
1099 1494 1288 1575 cohortibuS‚

220 1581 359 1644 veterani
381 1578 575 1657 ePraetorio,
597 1580 795 1643 cassicorum
819 1580 929 1663 ingens
954 1600 1111 1643 numerus.
1154 1580 1224 1645 Nec
1245 1581 1290 1645 illi

222 1688 316 1751 segne
329 1680 385 1730 aut
398 1679 586 1751 conruptum
605 1664 684 1731 luxu
700 1666 777 1730 iter:
801 1664 853 1729 sed
871 1664 965 1729 lorica
978 1665 1078 1728 ferrea
1097 1690 1172 1730 usus
1185 1680 1242 1747 est,
1259 1680 1290 1731 et

221 1766 294 1815 ante
306 1750 395 1838 signa
405 1750 558 1901 fidem,
572 1751 729 1830 horridus,
743 1752 931 1837 incomptus,
942 1750 1096 1837 famaeque
1106 1751 1270 1817 dissimilis.

266 1838 354 1901 XII.
377 1840 405 1900 B
457 1837 601 1900 diebatur
619 1839 729 1924 coeptis
749 1839 901 1915 Fortuna,
923 1860 1062 1923 possessa
1081 1859 1138 1933 per
1156 1860 1241 1902 mare
1262 1852 1295 1902 et

222 1944 318 1987 naves
342 1923 459 2009 majore
479 1922 582 1989 Italiae
601 1938 701 2019 parte,
720 1921 845 2009 penitus
870 1922 1032 2008 usquead
1054 1922 1178 1987 initium
1200 1924 1293 1987 mari-

223 2007 371 2072 timarum
385 2007 534 2095 Alpium:
557 2008 673 2093 qu1bus
692 2007 847 2072 tentandis
869 2006 1149 2093 adgrediendaeque
1169 2009 1295 2095 provin·

222 2093 280 2158 cine
299 2091 504 2171 Narbonensi,
526 2092 677 2157 Suedium
697 2092 902 2170 Clementem,
917 2092 1093 2156 Antonium
1113 2094 1293 2174 Nouellum,

227 2332 366 2379 decumam
376 2331 504 2379 domitores
515 2331 653 2378 Britannia
664 2328 744 2393 adpel-
776 2330 882 2378 hortibus
898 2338 1030 2389 ramos:
1054 2339 1128 2381 recte:
1150 2332 1206 2395 quia
1222 2347 1295 2381 uan-

226 2396 261 2443 lat
273 2394 307 2442 H
324 2398 349 2455 5,
368 2395 407 2443 16.
442 2396 474 2443 In
489 2394 552 2441 Bud.
564 2394 645 2442 vitiose
660 2393 746 2457 legitur
777 2403 875 2443 ctcratos
896 2394 1013 2459 mtelligit,
1031 2404 1053 2443 et
1069 2394 1110 2459 qui
1126 2405 1178 2459 post
1194 2397 1292 2447 sedecim

227 2458 745 2523 qmdcdecimolmundelthenbenequar·
778 2458 892 2522 stipendia
907 2458 1053 2508 habebantur
1071 2462 1114 2509 sub
1132 2460 1225 2522 vexillo,
1244 2478 1292 2511 non

228 2527 385 2584 tadecimaoi3
402 2525 469 2590 prius
484 2525 605 2588 legebatur
619 2523 745 2585 quarrada·
777 2524 844 2572 aliter
855 2540 926 2588 quam
936 2524 1063 2588 legionarii,
1078 2525 1203 2590 dequibus
1214 2527 1294 2592 scripsi

228 2605 338 2638 wmaac.
775 2589 829 2637 satis
840 2589 870 2636 ed
880 2589 913 2637 A.
925 2588 948 2649 l,
962 2589 1000 2646 17.
1023 2590 1100 2655 Atqui
1110 2590 1136 2638 hi
1146 2605 1188 2639 nec
1196 2591 1221 2640 in
1231 2592 1290 2656 legi.

261 2657 286 2703 E
296 2657 389 2716 fiducia
406 2657 507 2704 tarditas
523 2655 614 2717 inerat]
641 2650 741 2700 Fallitur
775 2653 859 2702 onibus
874 2655 936 2702 ultra
948 2657 1107 2714 censebantur,
1118 2670 1161 2704 nec
1171 2655 1206 2704 illi
1217 2657 1241 2704 in
1252 2671 1291 2706 co-

229 2719 332 2768 l’iclrena
348 2719 518 2775 (difficultatem
538 2733 634 2766 movens
654 2731 684 2765 ex
705 2732 741 2775 eo,
775 2719 887 2767 hortibus.
910 2717 987 2769 lars.
1018 2720 1056 2768 De
1073 2719 1171 2768 classicis
1188 2721 1212 2767 in
1229 2722 1292 2769 mili-

227 2784 291 2848 qucd
301 2785 358 2834 alibi
368 2785 451 2833 acaia
461 2784 506 2832 hoe
516 2783 586 2840 bello,
594 2797 642 2830 non
649 2790 744 2830 macm-
775 2783 833 2831 tiam
842 2791 969 2832 terream
978 2793 1001 2832 et
1009 2785 1158 2848 legionariam
1167 2785 1259 2834 adscitis
1267 2803 1290 2834 r.

227 2849 395 2908 tortratlatur).
427 2846 678 2907 NonmimOthonia
694 2861 742 2893 non
777 2847 1080 2912 Schel.ad¹Hygin.p95.
1113 2850 1175 2897 Mox
1189 2857 1290 2899 ararent

227 2913 304 2961 omnis
314 2914 435 2973 exerdtus,
452 2913 493 2961 sed
508 2912 610 2960 solorum
624 2910 745 2975 quartade-
775 2911 839 2959 Flor.
851 2910 903 2958 edd.
914 2921 968 2960 ante
979 2913 1056 2959 Rhen.
1068 2913 1170 2962 Pichena
1180 2931 1207 2978 sq
1224 2948 1230 2960 .
1253 2915 1291 2963 At

227 2978 372 3026 rimanorum
387 2978 518 3026 tarditatem
534 2984 626 3024 accusat
640 2975 743 3023 Tacitus
778 2975 857 3024 Guelf.
873 2992 937 3035 arur,
955 2975 1006 3023 edd.
1023 2977 1099 3024 Rhen.
1111 2980 1136 3041 (e
1148 2931 1224 3040 Budi
1239 2996 1291 3044 sqq.

229 3043 320 3091 Gaor.
337 3038 744 3104 Anteogmeomoxeoedduntedd.
776 3041 848 3088 Eas.
880 3040 949 3088 Grut
967 3043 1047 3089 ambas
1065 3043 1157 3090 voculas
1178 3059 1236 3090 restas
1256 3050 1294 3092 ert

227 3117 282 3156 ante
289 3108 366 3157 Rhea.
373 3107 416 3172 qui
425 3107 516 3156 delevit.
545 3106 574 3153 In
584 3104 662 3153 Goelt
674 3112 709 3152 est
718 3104 744 3150 in
776 3105 862 3154 deletas
873 3105 987 3170 cupiebat.

226 3169 746 3285 lti‘iimttiditititii'bffl‘
777 3170 1298 3300 stemmatii-:tutta

262 3303 297 3350 Et
318 3317 348 3349 ea
369 3304 422 3364 ipro
443 3302 511 3364 urbe]
541 3299 579 3346 Sic
599 3306 660 3346 recte
680 3296 743 3345 Bud.
777 3308 906 3347 nectentem
917 3301 994 3348 Rhen.
1006 3301 1097 3350 delevit.

229 3366 336 3430 Ryclrius
351 3368 420 3414 etiam
436 3365 537 3414 restituit
553 3362 639 3412 eFlor.
651 3362 745 3424 etagr.
812 3364 903 3419 Quibus
924 3368 1050 3424 tentandis,
1067 3365 1296 3432 aggrediondaequc1³

229 3430 316 3478 etedd.
328 3440 383 3479 ante
391 3428 616 3494 Rhemquiomisit.
776 3429 916 3476 Famesiana
937 3429 987 3476 hec
1008 3430 1120 3492 scriptura
1141 3439 1192 3484 est:
1218 3447 1290 3495 quam

266 3497 382 3544 Vestricio
392 3497 527 3559 Spurinna]
543 3493 600 3542 Vid.
610 3492 675 3557 lips
684 3491 714 3540 ad
724 3507 746 3540 c.
777 3493 919 3540 verissimam
930 3507 1016 3540 censeo.
1044 3493 1084 3540 Du
1101 3492 1140 3540 lex
1151 3494 1213 3542 enim
1224 3510 1295 3542 man«

231 3562 270 3609 lll.
288 3561 360 3608 aas.
777 3557 858 3605 datum
866 3557 994 3606 Othoniani
1001 3557 1078 3605 Duces
1115 3558 1230 3616 buerunt:
1242 3568 1292 3608 ten.

264 3627 330 3673 Padi
341 3625 419 3688 ripas]
447 3624 564 3687 Regiones
574 3631 598 3671 et
607 3623 676 3671 urbes
686 3620 746 3670 cirea
777 3622 900 3670 tandarum
909 3623 1009 3686 Alpium
1020 3631 1043 3670 et
1053 3622 1174 3686 provinciae
1182 3623 1298 3673 invadens

230 3691 325 3740 Padum
346 3689 371 3736 in
393 3689 443 3736 istis
463 3689 528 3746 locis,
548 3687 634 3753 quibus
653 3686 746 3735 Gracina
777 3685 1184 3752 de,quaeadVitelliumdefeoerat.
1217 3691 1294 3754 Supra

230 3765 342 3804 ventum
355 3754 483 3814 videbatur,
498 3752 640 3802 Placentiam
655 3761 679 3799 et
689 3752 746 3799 Cre-
780 3752 802 3812 l,
813 3753 851 3807 87.
886 3753 1063 3800 Narbonensem
1075 3753 1180 3802 Galliam
1191 3755 1298 3816 aggredi

229 3835 335 3876 monam,
353 3835 375 3866 r.
394 3834 413 3866 c
434 3819 470 3866 18.
488 3834 537 3882 sqq.
573 3817 635 3865 Mox
651 3819 747 3863 ianae
778 3819 871 3878 statuit,
890 3819 961 3864 classe
977 3819 1055 3865 aalide
1073 3823 1096 3864 ct
1108 3819 1219 3880 portibus
1230 3822 1292 3882 Jido.

230 3881 566 3942 FluededitPichma3ba1e.
589 3882 627 3930 Sic
635 3889 659 3929 et
667 3880 747 3928 Guelf-
779 3880 846 3929 Int'ra
856 3897 875 3930 c.
892 3883 929 3929 14.
942 3883 1065 3930 imatione
1079 3885 1211 3946 montorio:
1222 3887 1293 3932 Nar·

230 3949 321 4010 (Bud.)
335 3948 387 3996 edd.
402 3947 493 3995 Puteol.
506 3948 560 3996 Ber.
592 3947 630 3994 At
644 3946 696 3994 edd.
712 3961 748 4010 pr.
780 3947 881 4005 honestet,
894 3949 919 3994 ln
935 3949 1003 3994 verba
1019 3949 1110 3995 Vitellii
1122 3949 1219 4007 odrtctoe,
1233 3951 1295 3996 clar«

230 4014 309 4063 Rhen-
321 4021 405 4078 etsqq.
417 4013 559 4060 intermale.
591 4012 652 4059 sest
663 4019 697 4058 est
709 4024 747 4058 co-
780 4025 828 4057 rem
850 4012 957 4068 Othonis,
977 4013 1064 4074 trepidi
1082 4013 1162 4059 nuntii
1180 4015 1292 4060 adtulcre.

231 4079 311 4139 arceri,
322 4092 378 4126 nea
389 4075 474 4126 Galliis
490 4077 515 4124 in
527 4075 621 4125 Italiam
637 4075 746 4139 prodiret
779 4075 884 4138 Vulgata
893 4077 960 4124 lectio
968 4075 1034 4125 valde
1044 4079 1136 4125 turbat:
1149 4077 1233 4140 quibua
1243 4083 1294 4124 ten·

233 4143 306 4192 Ean.
778 4141 1079 4204 tnndiacggredieadirqur,
1087 4143 1218 4204 prouinciae
1225 4139 1295 4188 Nar-

270 4208 380 4256 Vctcroni
396 4205 551 4269 eProetorio]
576 4203 700 4268 Superesse
712 4205 749 4252 ri-
779 4205 882 4266 bonomi,
905 4215 946 4254 etc
964 4213 1084 4270 tamquam
1106 4213 1151 4253 tres
1171 4205 1197 4252 hi
1215 4205 1295 4253 Duces

231 4273 332 4321 deantur
341 4272 379 4321 ha
389 4287 461 4320 voces.
494 4268 610 4317 Praemisit
620 4269 683 4318 enim
697 4270 747 4330 jam
781 4269 909 4319 Provincia
924 4271 1041 4334 impositi:
1067 4278 1090 4318 et
1106 4285 1175 4332 mage
1194 4269 1293 4327 majores

232 4352 296 4385 nunc
305 4338 336 4386 de
347 4333 462 4384 Praeteriit
477 4333 587 4383 omnibus
601 4333 747 4383 cohortibus:
780 4337 884 4383 tenebras
895 4335 994 4383 offundit
1003 4335 1073 4382 ctiam
1084 4333 1193 4382 Maurus.
1216 4332 1294 4381 lure.

232 4401 274 4465 qni
284 4402 357 4466 igitur
367 4401 406 4448 isti
412 4400 515 4463 ,amplius
526 4415 539 4446 c
551 4397 678 4446 Praetorio?
702 4398 749 4446 Sed
781 4399 843 4447 Bud.
855 4400 1065 4462 aggrediendtsqoe
1071 4414 1110 4458 pr.
1123 4397 1294 4446 Narbonensis.

233 4481 280 4515 non
293 4473 427 4530 seponunt„
458 4463 590 4528 Distinguit
604 4462 666 4512 eninr
679 4478 695 4511 a
710 4477 749 4512 eo-
780 4462 819 4512 De
829 4463 935 4512 Ducibus
946 4461 1045 4508 laudatis
1055 4461 1101 4508 vid.
1114 4459 1147 4506 H.
1161 4459 1183 4518 1,
1195 4461 1235 4515 87.
