3059 4975
238 260 409 341 nero.)
606 260 684 319 um.
704 256 757 317 iv.
779 259 867 319 cnr.
887 264 935 321 so.
1244 258 1304 321 sss

237 424 346 495 festius
367 426 400 489 in
420 424 624 511 Ubiis‚'quo<l
646 446 723 509 gens
735 422 940 489 'Germanicus
953 420 1091 507 origirus,
1105 420 1229 507 ejurata
1248 444 1303 508 pa-

238 510 307 587 tria,
323 514 537 575 Romanorum
558 532 681 585 nornen,
697 511 947 596 Agrippinenses,
968 521 1161 571 vocarentur.
1206 510 1304 573 Caesoe
1363 575 1366 581 ,

238 596 378 661 cohortes
391 618 509 672 eorum,
529 596 563 659 in
576 595 645 659 vico
660 594 863 672 Marcoduro,
878 592 1063 657 incuriosius
1077 604 1215 678 agentes,
1229 593 1305 679 quia

238 680 346 765 procul
361 682 429 767 ripe
442 682 581 746 aberant.
624 679 695 743 Nec
709 678 854 764 quievere
868 678 956 757 Ubii,
971 676 1138 765 quominus
1151 678 1305 764 praedase

240 765 408 831 Germania
471 780 587 831 terent:
619 762 720 850 primo
741 762 869 849 inpune,
892 763 964 827 dein
986 763 1186 827 circumventi
1212 778 1303 841 suut3

238 874 293 935 per
303 853 418 917 omnei
455 849 570 915 bellum
586 848 712 915 meliore
722 848 772 911 usi
784 848 858 927 fide,
869 872 966 935 quam
979 848 1113 913 fortuna
1158 850 1305 915 contusis

238 936 342 1015 Ubiis,
367 936 493 1023 gravior
513 950 544 999 et
569 956 708 1001 successu
732 956 838 997 rerum
859 934 990 998 ferocior
1009 932 1127 1010 Civilis,
1149 933 1306 999 obsidium

237 1021 397 1108 legionum
411 1023 559 1108 urgebat:
575 1020 701 1085 intentis
714 1020 873 1101 custodiis,
889 1019 1011 1105 nequis
1022 1017 1164 1094 occultus
1176 1021 1306 1085 nuntius

238 1107 388 1173 venientis
416 1106 523 1171 auxilii
551 1116 735 1193 penetraret.
784 1105 949 1170 Machinas
976 1103 1152 1190 molemque
1174 1127 1305 1191 operum

240 1194 367 1257 Batavis
381 1192 521 1279 deleget:
545 1188 1030 1278 '1¹ransrhenanoS,“proelium”
1046 1201 1214 1276 poscentes,
1231 1200 1252 1229 “
1263 1193 1306 1255 ad

239 1277 440 1343 scindendum
460 1278 576 1343 vallum
597 1279 653 1354 ire,
673 1276 763 1341 detru
838 1300 877 1341 ue
896 1275 1105 1362 redintegrare
1121 1279 1305 1354 certamen?

254 1364 344 1428 ubet:
369 1378 533 1451 superante
553 1360 753 1427 multitudine
767 1375 799 1424 et
827 1361 895 1427 acili
917 1361 1049 1425 damno:
1072 1383 1130 1427 nec
1144 1362 1238 1425 finem
1260 1362 1305 1427 la·

235 1387 305 1512 bori
320 1472 383 1513 nox
398 1449 519 1515 adtulit.
1107 1515 1110 1521 ,

283 1536 427 1597 XXIX.
452 1534 615 1620 Congestis
637 1534 752 1597 circum
775 1532 868 1617 lignis
889 1532 1095 1617 accensisque,
1114 1531 1209 1609 simul
1228 1556 1305 1620 epu·
1339 1606 1349 1615 „

239 1616 347 1696 lantes,
360 1621 537 1705 utquisque
548 1618 621 1682 vino
635 1618 814 1695 incaluerat,
829 1618 870 1681 ad
883 1639 1023 1704 pugnem
1037 1618 1208 1681 temeritate
1221 1620 1306 1683 inani

237 1704 428 1771 ferebantur.
462 1704 523 1783 Qui
546 1726 586 1790 pe
599 1705 736 1790 ipsorum
752 1703 814 1767 tela
826 1725 882 1789 per
896 1702 1038 1767 tenebras
1050 1724 1146 1767 vans:
1171 1705 1306 1769 Romani

240 1790 436 1875 conspicuam
465 1727 668 1854 balaromm
693 1789 801 1867 aciem,
823 1801 866 1865 et,
888 1788 913 1852 si
934 1788 1005 1875 quis
1025 1787 1155 1851 audacia
1175 1802 1230 1853 aut
1258 1789 1306 1853 in·

240 1876 380 1959 signibus
408 1876 569 1961 effulgens,
599 1875 640 1939 ad
667 1873 763 1937 ictum
794 1874 999 1941 destinabant.
1044 1873 1241 1937 Intellectum
1271 1876 1305 1939 id

242 1958 352 2024 Civili:
377 1973 419 2041 et,
436 1968 457 1998 ‘⁶
473 1960 617 2025 restincto
630 1959 713 2045 igne,
729 1960 850 2024 misceri
866 1973 978 2024 cuncta
991 1957 1125 2024 tenebris
1138 1970 1170 2023 et
1184 1960 1306 2037 armis‚”

235 2046 338 2131 jubet.
384 2049 471 2111 Tum
490 2068 564 2109 vero
576 2044 731 2131 strepitus
752 2046 879 2122 dissoni,
898 2067 986 2109 casus
1007 2043 1126 2123 incerti,
1148 2068 1250 2143 neque
1262 2048 1308 2111 fe-

239 2131 350 2209 riendi,
366 2155 466 2219 neque
480 2130 653 2196 declinandi
690 2130 871 2196 rovidentia.
908 2130 1004 2195 Unde
1016 2128 1132 2193 clamor
1144 2131 1306 2209 acciderat,

239 2216 448 2306 circumagere
459 2238 597 2304 corpora,
610 2153 735 2295 tendere
746 2240 852 2283 arcus:
876 2215 953 2281 nihil
966 2214 1110 2302 prodesse
1121 2214 1231 2297 virtus,
1241 2217 1306 2282 fors

275 2391 593 2454 ansgcnusGermcnicoe]
619 2390 758 2439 EBudensi
789 2393 874 2437 barem.
908 2391 978 2437 Eure.
1013 2389 1105 2437 ANec
1122 2397 1192 2451 ceput
1206 2390 1306 2454 incipere

241 2462 264 2504 et
275 2456 382 2506 Romano
393 2456 493 2520 colligas,
506 2456 565 2519 qnod
574 2470 633 2518 gens
643 2456 755 2506 Gcrnwsz.
788 2456 856 2516 jubet
866 2454 971 2503 Freinsb.

241 2529 264 2568 et
275 2522 361 2580 statim,
374 2527 519 2569 nocerentur.
537 2521 612 2569 Inus.
631 2520 669 2568 Ita
679 2520 754 2584 ploce·
820 2521 959 2580 Insignibus
967 2520 1091 2583 effulgens]
1110 2518 1163 2568 MS.
1172 2520 1231 2583 Agr.
1240 2521 1305 2569 adsis

240 2587 281 2634 bat
301 2594 327 2634 et
342 2586 456 2636 Rhenano
475 2586 585 2649 aliisque:
611 2585 663 2633 eliis
681 2585 754 2632 alitor.
787 2586 870 2630 armis.
904 2585 1016 2646 Insigssia
1034 2598 1103 2630 arsita
1121 2598 1168 2630 non
1188 2599 1237 2632 uno
1253 2586 1304 2634 loco

239 2649 301 2698 Mox
321 2650 417 2714 Lipsius
437 2649 522 2714 aliique
541 2651 663 2698 Ronmnos
693 2649 755 2697 Gru-
788 2649 847 2696 dixit
856 2647 952 2696 Livius:
971 2647 1304 2710 sasoniamrmsgnu

239 2723 300 2761 terus
314 2731 355 2778 per
365 2715 463 2778 glossam
475 2714 580 2762 additum
592 2715 754 2762 Ranisstorum
787 2723 810 2759 et
821 2728 888 2759 arnse
899 2712 1079 2776 distinguuntur.
1096 2715 1209 2773 Insignis
1219 2715 1248 2761 de
1256 2723 1304 2761 toto

240 2793 323 2825 nomen
340 2779 414 2842 (quod
427 2781 512 2826 habent
527 2779 600 2825 MSS.
618 2777 753 2824 mossur.
787 2786 869 2823 ornatu
887 2777 981 2823 militari
999 2777 1115 2838 capienda
1134 2777 1166 2824 H.
1180 2779 1204 2835 1,
1219 2779 1258 2824 38.
1275 2787 1303 2826 ut

238 2843 298 2904 Agr·
312 2843 383 2905 (Reg-
397 2843 470 2900 lali.)
482 2842 517 2890 ed
530 2840 577 2903 pr.)
588 2841 658 2903 idque
668 2842 693 2888 in
704 2849 755 2886 tex·
787 2842 952 2888 Proetorionns
963 2848 1005 2887 cst
1021 2844 1165 2903 regianum
1177 2844 1227 2890 suis
1244 2845 1303 2890 insi·

239 2915 291 2952 uun
305 2907 401 2962 venisse,
418 2906 471 2952 dein
490 2913 606 2952 mutatum
621 2920 669 2952 esse
684 2904 709 2950 in
721 2905 752 2951 R.
784 2907 871 2964 galbes
894 2904 1088 2966 distingueretur.
1122 2907 1183 2954 Mox
1203 2909 1302 2955 merere

239 2972 341 3026 nominc,
352 2970 442 3018 favente
451 2967 548 3032 Ryclrio.
581 2969 617 3015 At
626 2967 651 3015 J.
665 2969 754 3016 (brono-
786 2967 812 3014 J.
825 2968 969 3016 Gronovius:
988 2969 1051 3032 quod
1063 2978 1086 3016 et
1100 2969 1176 3031 ipsum
1188 2971 1301 3019 Latinum

240 3033 292 3082 vius
310 3035 347 3097 (it.
361 3035 425 3082 Brot.
441 3033 515 3094 Irle)
532 3031 591 3080 illud
609 3033 686 3096 ipsum
703 3033 753 3080 no·
786 3041 828 3091 est,
840 3033 880 3080 sed
891 3035 985 3080 misceri
994 3033 1086 3091 melius,
1098 3033 1161 3096 quod
1171 3034 1244 3083 MSS.
1256 3038 1302 3097 (et-

240 3114 364 3146 ruscorum
375 3114 456 3146 mosen
470 3098 561 3161 recepit,
573 3111 708 3160 comparans
723 3097 752 3144 il-
786 3098 833 3145 ism
844 3096 919 3157 Boc)
931 3106 954 3144 et
965 3097 1017 3145 edd.
1027 3108 1112 3146 veteres
1120 3098 1213 3146 babent.
1229 3099 1300 3146 ΕΒΗ.

242 3163 297 3211 lud:
317 3177 451 3224 nonuncgn
461 3163 597 3209 Ausonius:
615 3177 685 3225 quem
703 3177 753 3222 nos,
821 3163 924 3210 Tendere
939 3163 1021 3226 arcus]
1049 3162 1114 3210 Mihi
1126 3171 1265 3226 suspectum,
1277 3173 1301 3211 et

240 3230 271 3276 ob
280 3227 438 3276 auctoritatem
452 3226 572 3284 librorum,
584 3225 656 3273 secuti
666 3241 753 3274 sumus.
785 3227 1113 3287 subinterserendum
1122 3226 1251 3276 hicarcw
1264 3228 1302 3276 Dc

241 3291 318 3340 Iidem
333 3292 386 3339 libri
405 3297 560 3338 coercentur:
584 3290 652 3338 ceteri
668 3291 722 3339 inde
739 3307 754 3339 a
787 3292 909 3340 Germanis
917 3307 993 3340 sermo
1003 3301 1045 3346 est,
1057 3291 1142 3355 quibus
1152 3291 1215 3339 baud
1224 3295 1302 3341 embra

241 3355 331 3404 Puteol.
352 3371 425 3420 usque
442 3355 472 3404 ad
492 3355 617 3403 Piehensm
638 3363 754 3405 vocarent.
787 3371 814 3404 ea
826 3371 906 3404 orma:
923 3356 963 3404 sed
979 3371 1021 3404 nec
1033 3356 1074 3403 ille
1088 3372 1167 3404 sensus
1179 3357 1209 3403 sd
1224 3357 1302 3404 Taciti

240 3421 312 3470 Eure.
345 3420 409 3468 Bud.
428 3433 484 3482 quos
500 3435 567 3480 gens.
600 3419 655 3482 Bip.
675 3420 754 3468 lectio-
786 3435 888 3468 sensum.
904 3420 968 3468 Mihi
976 3420 1104 3479 videbatur,
1115 3423 1206 3468 tesidere
1216 3423 1300 3470 erneis.

240 3500 294 3533 nem
311 3484 422 3534 Gronovii
440 3493 463 3532 et
481 3484 573 3532 Ernesti
594 3491 691 3544 servant,
714 3485 754 3533 sed
786 3485 819 3532 Et
834 3485 868 3532 ita
884 3485 957 3533 solet:
975 3485 1016 3532 ubi
1033 3485 1170 3548 periculum,
1188 3500 1216 3532 oo
1230 3487 1300 3534 armis

241 3551 402 3598 Rornanorum
413 3547 753 3608 amarissimorum,
785 3549 908 3598 tendimus.
942 3551 1019 3598 ers.
1052 3548 1174 3597 Acidaliae
1200 3549 1301 3599 malebat

241 3615 306 3676 quasi
316 3616 416 3678 familia
427 3614 463 3662 vel
474 3614 587 3672 clientela,
599 3621 626 3660 ut
633 3611 666 3660 A.
675 3615 700 3673 3,
712 3615 752 3661 30.
779 3617 866 3675 jactus.
900 3615 980 3662 Arcus
990 3621 1050 3662 certe
1061 3614 1249 3662 verumessevix
1258 3630 1301 3678 po.

241 3681 359 3728 innumeri
369 3680 502 3728 adsciscere.
763 3682 764 3690 ’
784 3688 835 3726 test.
853 3678 917 3726 Nam
924 3678 1060 3741 intelligitur
1067 3692 1101 3736 eo,
1110 3678 1173 3741 quod
1180 3679 1302 3742 respondet

272 3745 305 3789 Ic
322 3746 372 3790 uico
387 3744 547 3807 Marcoduro]
576 3741 654 3790 Hodie
668 3744 754 3790 Dirces
785 3747 818 3800 τῷ
829 3744 897 3790 unde.
925 3742 1207 3806 Salassustendivulgo
1217 3743 1301 3792 dieimr

238 3807 379 3856 adituram.
421 3853 423 3860 ,
785 3806 925 3871 simpliciter,
935 3822 982 3856 uon
992 3808 1078 3869 aliquo.
1101 3807 1161 3856 Tela
1170 3809 1315 3872 diriguntur

273 3873 328 3918 Nec
339 3875 415 3934 finem
432 3873 506 3918 labori
522 3886 568 3918 nox
583 3872 677 3935 assulis]
705 3870 752 3918 Ed.
784 3872 810 3918 in
826 3880 914 3920 certum
933 3873 1019 3931 locum,
1037 3887 1085 3920 non
1103 3888 1177 3931 arcus,
1197 3875 1298 3937 proprie.

239 3935 300 3984 Ven.
310 3952 351 3983 nec
362 3939 438 3998 fierem
448 3937 542 3998 quidem
552 3936 632 3982 labori.
655 3935 755 3983 Videtur
785 3937 869 3999 Itaque
880 3936 991 4000 Lipsianu
1002 3937 1110 3985 correctio
1120 3938 1187 3986 valde
1199 3939 1297 3986 arridet:

240 3999 283 4048 iste
293 4001 365 4048 codex
381 3999 522 4063 significare:
540 4000 582 4045 Ne
598 4013 645 4046 nce
660 4001 754 4061 quidem
785 4000 922 4049 necsufficit
932 4017 974 4065 pro
984 4002 1079 4065 vulgato
1087 4002 1192 4061 wdone,
1203 4003 1299 4050 demon-

232 4067 309 4125 finem
323 4067 397 4112 lobni
410 4066 500 4114 annin.
521 4064 611 4112 Guou.
645 4065 755 4112 Similiter
785 4074 875 4123 enasse,
885 4065 987 4129 aliquem
999 4082 1069 4114 usum
1084 4083 1150 4116 uois
1160 4068 1229 4115 etiam
1240 4067 1300 4112 inter

241 4129 320 4176 Oxon.
332 4129 410 4178 Guelf.
425 4145 454 4176 ne
467 4131 543 4190 finem
562 4128 655 4189 quidem
673 4131 753 4176 labori.
786 4130 998 4180 Germanosfsdsse
1022 4131 1160 4179 Moriued.
1171 4147 1206 4193 pr.
1213 4128 1299 4176 excidit

241 4191 287 4238 Ed.
298 4193 753 4242 Vmetaei.ePutcol.consentiuntBer.
785 4195 870 4241 virtus.
889 4195 960 4242 Eun.
983 4196 1046 4245 Bud.
1057 4197 1132 4244 habet.
1154 4195 1299 4241 Dearcuum

242 4255 296 4303 Alc.
316 4257 446 4320 Vulgarum
457 4267 491 4306 est
501 4259 530 4306 ab
541 4256 577 4303 ed.
588 4272 622 4320 pr.
633 4258 709 4305 Rhen.
718 4257 754 4304 id·
785 4274 829 4306 usu
856 4261 920 4320 apud
944 4261 1045 4309 Batavos
1071 4260 1163 4307 nullum
1190 4258 1296 4304 dubium.

242 4335 288 4382 quc
303 4336 392 4378 verum,
407 4323 470 4385 quod
485 4333 507 4370 et
523 4321 577 4368 MS.
593 4323 666 4383 (Flor.
682 4322 754 4384 Agr.)
790 4325 892 4370 Tendere
909 4340 987 4380 arcus,
1005 4325 1097 4387 propria
1113 4332 1136 4369 et
1151 4330 1206 4383 apta
1221 4321 1297 4368 dictio.

241 4385 301 4447 Reg.
319 4385 395 4433 babet.
428 4387 599 4434 (lionovianutn
615 4399 694 4448 tanren
706 4402 755 4434 cor-
787 4387 881 4450 Lipsius
898 4391 1011 4445 efferrens
1027 4389 1090 4450 prius
1106 4385 1241 4432 substituere
1257 4401 1299 4446 ps-
1370 4435 1375 4444 ,

241 4451 372 4510 rectionem,
389 4450 406 4497 si
421 4450 474 4498 libri
491 4451 563 4512 magis
579 4451 689 4507 faverent,
703 4466 754 4513 pro·
787 4455 852 4500 rabat
862 4460 937 4511 ortus,
949 4450 1012 4513 quod
1024 4451 1118 4498 Colcrus
1130 4450 1251 4512 inpugnat,
1263 4448 1301 4496 cui
