3059 4975
244 282 303 345 274
622 276 925 339 Hrsroumron
1146 282 1314 355 [susm.

245 444 341 535 siguis
354 444 480 532 publice
491 442 651 508 severitate
663 442 739 517 dies,
751 466 791 507 ne
801 442 947 540 privatim
959 443 1086 529 quidem
1101 442 1195 508 laude
1205 444 1313 508 canuit.

245 534 269 596 J
271 544 378 597 ustum
391 530 541 595 indicium
555 528 692 616 explesse
707 531 877 593 Musonius
890 527 1072 592 videbatur:
1096 529 1219 593 diversa
1232 530 1315 593 sama

245 616 420 693 Demetrio,
438 615 588 704 Cynicam
602 626 716 679 sectam
730 614 888 701 professo;
912 614 999 701 quod
1012 614 1210 681 manifestum
1226 638 1314 680 reum

245 702 450 783 eurbitiosius,
464 722 560 800 quem
578 699 749 778 honestius,
764 697 960 764 defendisset.
1005 700 1072 787 Ipsi
1084 700 1201 765 Publio
1214 724 1316 788 neque

246 790 368 855 unimus
381 786 414 851 iu
428 784 584 875 periculis,
598 809 701 875 neque
712 784 811 850 oratio
824 784 1043 873 suppeditavit
1081 786 1179 872 Signo
1190 786 1317 851 ultionis

245 876 278 939 in
301 874 500 939 adcusetores
520 872 607 952 dato,
630 872 709 960 petit
727 895 747 936 a
766 874 892 937 Caesere
907 871 1026 935 Junius
1045 870 1218 957 Mauricus,
1239 881 1314 937 “ut

245 960 537 1025 commentariorum
563 956 788 1045 Principulium
820 969 1007 1044 potestatem
1037 959 1165 1023 Senatui
1188 959 1313 1037 iaceret,

245 1042 1314 1217 eggigpgfflp,sgsffinflfflneetf

254 1260 257 1267 ·
290 1218 392 1283 XLI.
408 1220 551 1294 Senatus,
565 1214 784 1279 inchoantibus
796 1175 996 1312 primorilius,
1008 1214 1231 1302 jusjurandum
1246 1238 1318 1280 oon-

245 1305 338 1393 cepit,
358 1326 423 1389 quo
436 1302 576 1367 certatim
595 1321 702 1365 omnes
720 1302 759 1364 M
813 1310 938 1378 stratus,
958 1301 1052 1363 ceteri
1074 1313 1113 1365 ut
1133 1302 1316 1367 sententiam

246 1390 449 1477 rogabantur,
473 1387 597 1451 “Deos
618 1386 733 1450 testes”
752 1408 772 1450 a
794 1386 957 1464 vocabant,
979 1392 1001 1424 ‘⁶
1019 1385 1097 1450 nihil
1118 1409 1177 1473 ope
1198 1410 1255 1451 sua
1268 1388 1316 1451 ia-

245 1486 342 1551 ctum,
365 1496 431 1561 quo
447 1473 634 1560 cujusquam
658 1470 740 1536 salus
762 1471 938 1551 laederetur,
962 1493 1066 1558 neque
1087 1496 1120 1537 se
1139 1473 1317 1573 praemium,

245 1574 302 1624 aut
314 1558 475 1640 honorem,
490 1582 529 1623 ex
540 1556 714 1623 calamitate
727 1557 842 1622 civium
857 1558 972 1657 cepisse
982 1559 1014 1621 :”
1037 1572 1067 1622 tr
1105 1559 1166 1623 ichs
1180 1573 1211 1623 et
1221 1560 1317 1623 verba

241 1643 449 1733 jurisjurandi
472 1645 642 1732 pervarias
663 1653 745 1709 artes
765 1645 969 1721 mutantibus,
991 1582 1186 1742 quisdhgitii
1200 1646 1318 1708 consci-

245 1729 330 1798 entia
342 1731 449 1796 inerat.
495 1730 677 1795 Probabant
690 1728 870 1817 religionem
882 1732 1002 1809 Patres,
1016 1730 1191 1817 perjurium
1205 1752 1318 1817 argue-

278 1948 380 1996 ,lustum
389 1948 635 2013 jodiciomespicsae]
664 1946 702 1995 Sic
713 1944 764 1994 edd.
797 1962 851 1995 aem
868 1946 963 2012 fucere.
996 1946 1088 1997 Iterum
1109 1954 1187 1995 noster
1203 1946 1264 1995 clere
1284 1947 1316 1997 sic

246 2010 373 2061 Enimvero
388 2026 435 2061 non
450 2012 557 2061 convenit
574 2011 618 2061 hoc
634 2011 768 2071 accusatori,
797 2011 857 2060 iufra
866 2028 885 2061 c
897 2012 937 2059 tt.
953 2011 1024 2060 Eun.

246 2076 288 2125 sed
300 2076 426 2138 jndicibus,
438 2078 481 2142 qui
493 2076 584 2139 iustum
599 2076 714 2138 judicium
726 2091 769 2123 ex-
822 2078 1065 2141 Jasjarondumuo
1076 2078 1198 2141 certarint]
1223 2076 1269 2123 list
1276 2077 1317 2137 jus

246 2142 324 2254 plesse
337 2140 384 2191 dici
399 2151 503 2207 possunt.
536 2142 614 2205 Igitur
624 2140 712 2189 correxi
728 2142 765 2188 in·
797 2151 928 2189 ramentum
942 2150 1015 2190 atoto
1026 2143 1113 2191 &aaut
1128 2141 1227 2200 editam
1237 2141 1267 2189 dc
1277 2156 1317 2189 cs-

263 2208 345 2267 iciom,
355 2206 604 2271 quodesteccusatoris
614 2205 681 2269 utA.
691 2207 715 2265 4,
726 2206 766 2253 31.
797 2206 888 2253 lumuie
898 2221 970 2269 quam
986 2207 1075 2255 nemini
1087 2205 1208 2269 ospitalem
1224 2206 1317 2253 intulis-

246 2264 288 2319 ibi
298 2279 415 2319 mereator
425 2272 512 2319 indicio
524 2272 655 2333 perculisse
665 2268 767 2334 aliquem
797 2280 855 2319 serit·
876 2270 968 2320 Sedhic
975 2286 1023 2319 non
1031 2270 1197 2328 video,curita
1207 2272 1316 2318 emerim

246 2335 338 2383 dicitur·
370 2336 409 2383 Sic
419 2338 489 2399 jersia
509 2336 606 2395 terdicta,
622 2348 770 2399 quamquem
798 2335 952 2399 Magistratus
964 2335 1108 2399 praetiterit:
1125 2348 1202 2397 neque
1213 2333 1277 2381 enim
1291 2334 1317 2383 in

246 2400 368 2454 alieinre,
380 2408 436 2448 sunt
445 2398 476 2447 H.
489 2400 543 2463 l‚3.
568 2399 767 2448 reminescere
798 2399 909 2449 honorem
926 2400 1048 2464 Principis,
1063 2409 1105 2448 eut
1120 2398 1222 2447 adulatio
1237 2398 1320 2462 Qua

245 2462 329 2513 dicius
340 2466 425 2526 miore,
436 2464 469 2513 A.
484 2464 522 2528 15,
535 2467 573 2514 55.
586 2474 628 2514 etc.
660 2464 727 2530 Seps
741 2462 765 2512 in
798 2462 852 2525 fuit,
869 2465 943 2514 immo
954 2473 1086 2515 cunctanter
1095 2464 1173 2530 potius
1188 2462 1232 2511 hoc
1246 2477 1317 2529 egem

247 2529 361 2577 veteribus
377 2530 442 2578 libris
458 2547 487 2578 ex
502 2532 619 2578 indicium
634 2528 722 2576 iactum
733 2537 768 2577 est
798 2528 865 2578 dnm.
897 2531 960 2578 Sanc
973 2545 1000 2577 ea
1014 2545 1060 2579 vox
1078 2538 1183 2592 suspecta
1193 2537 1236 2588 est,
1249 2537 1319 2576 etae-

239 2593 371 2656 y'udicium,
390 2595 518 2656 presertim
535 2595 560 2640 in
578 2594 619 2641 teli
641 2608 675 2640 re.
707 2592 770 2640 Mox
799 2596 891 2652 riotim,
902 2603 944 2641 aut
957 2595 1004 2641 tale
1014 2594 1072 2656 quid
1087 2595 1185 2641 malims
1202 2593 1261 2656 quia
1268 2608 1318 2641 eer-

247 2657 342 2704 dioersa
351 2659 423 2722 foma
434 2658 496 2706 mele
506 2659 572 2706 abest
582 2657 616 2705 ed.
629 2671 664 2718 pr.
694 2656 766 2704 Eun.
798 2665 850 2705 mm
866 2657 948 2718 hebes,
961 2657 1042 2705 ordine
1051 2658 1153 2721 quodem
1164 2656 1319 2719 Magistratus

246 2718 309 2790 liud,
313 2720 447 2784 judicium,
457 2731 481 2770 et
491 2721 523 2770 sic
531 2721 579 2780 alii,
589 2729 615 2769 ut
625 2728 691 2785 puto,
703 2720 768 2768 codi-
797 2735 878 2770 omnes
888 2721 913 2770 id
922 2721 1062 2786 prestitisse,
1073 2730 1098 2769 et
1107 2721 1222 2785 digniore
1231 2721 1317 2784 primo.

246 2798 292 2845 ees,
309 2787 450 2835 nemeenim
467 2786 531 2836 eliud
547 2785 640 2834 indicat
674 2784 766 2834 Ernesti
799 2785 874 2835 lires.
909 2789 1026 2836 Certatim
1045 2801 1126 2835 omnes
1145 2785 1200 2834 libri
1220 2785 1316 2846 hebent,

247 2851 430 2904 emendationem
453 2851 509 2927 Bip·
532 2865 636 2914 recepere
657 2849 725 2898 tacite
743 2859 768 2898 et
797 2850 870 2916 idque
877 2851 970 2916 ponium
977 2851 1166 2900 sd'indioaudam
1176 2850 1318 2899 sheritatem

246 2915 339 2964 Bshrdt
356 2917 469 2980 expressit
487 2931 512 2964 m
528 2915 638 2964 versione.
671 2915 768 2980 Reliqui
790 2915 823 2964 'et
836 2917 957 2974 studiumr
973 2917 1006 2965 sic
1016 2923 1134 2965 certamen
1146 2916 1176 2964 de
1186 2915 1270 2978 studio,
1281 2915 1318 2975 H,

246 2971 313 3044 vulg.
336 2989 433 3031 servant.
467 2982 570 3030 Diverso
589 2981 662 3042 samo
684 2989 718 3028 est
741 2980 766 3028 in
801 2981 882 3041 1,32.
916 2982 978 3030 Mox
991 2981 1017 3028 in
1033 2981 1087 3030 MS.
1101 2980 1165 3030 Bud.
1179 2990 1227 3028 erat
1241 2982 1319 3027 omno

248 3045 312 3094 Bud.
799 3045 867 3093 inem
878 3046 927 3111 (rel
946 3061 1019 3105 mene,
1034 3045 1132 3094 dubium
1150 3042 1226 3106 enim)
1243 3060 1318 3108 equo

279 3110 619 3174 IpsiPoblioneqoeoninms]
632 3109 767 3172 Voxneqrse
799 3108 1134 3159 Rhenanuafaciebatiaieme
1150 3109 1220 3158 male.
1252 3109 1317 3157 Nam

247 3173 334 3231 addite,
349 3185 439 3224 auctore
449 3175 525 3226 Vatic-
549 3175 625 3222 Lien.
660 3173 768 3220 Firmint
799 3188 842 3222 nec
851 3174 1004 3238 Magistratus
1014 3173 1079 3222 iffius
1088 3175 1143 3222 enni
1154 3189 1204 3223 esse
1213 3183 1317 3238 posatmt,

247 3238 310 3286 Flor.
322 3238 449 3303 (ineliqui
457 3249 534 3288 tumen
543 3239 567 3286 in
576 3237 680 3301 margine
687 3237 765 3298 habet,
798 3239 855 3314 quie
870 3234 920 3288 hec
937 3255 983 3288 non
999 3240 1055 3288 Kal.
1067 3240 1085 3287 J
1086 3255 1124 3288 en.
1136 3248 1203 3298 ecte,
1220 3251 1263 3288 nec
1276 3238 1317 3287 de-

246 3301 282 3350 ed.
294 3317 328 3365 pr.
361 3304 386 3351 A
400 3303 456 3352 MS.
468 3303 531 3352 Bud.
544 3319 609 3351 voces
620 3303 668 3366 ipsi
680 3303 767 3351 Pollio
799 3305 884 3367 signati
901 3306 927 3352 in
943 3306 1077 3368 proximum
1094 3319 1190 3362 annum,
1202 3303 1244 3367 qui
1258 3315 1319 3368 nous¹

247 3381 319 3430 neque
329 3369 430 3428 aberant,
443 3379 470 3416 ut
480 3383 535 3416 mox
546 3369 607 3416 dato.
629 3367 701 3415 ΕΜ.
799 3367 857 3416 dum
873 3369 951 3417 crecti.
984 3371 1010 3418 Si
1026 3369 1083 3432 quid
1093 3368 1132 3416 hic
1146 3369 1210 3426 latet,
1224 3365 1318 3429 quode

278 3433 369 3480 ernius
377 3433 517 3496 Mauricus]
529 3433 602 3482 MSS.
610 3431 672 3480 Flor.
679 3431 768 3494 (Buri)
800 3429 884 3481 Tacito
900 3434 939 3490 sit,
953 3444 1011 3497 puto
1025 3449 1073 3481 esse
1087 3434 1201 3493 deinceps,
1217 3429 1270 3478 ie.
1288 3445 1318 3478 ex

247 3497 456 3546 (iucif-Moriens.
482 3498 542 3562 Agr.
550 3497 585 3546 ed.
597 3513 633 3561 pr.
645 3498 763 3545 Martius.
799 3498 878 3546 ordine
889 3498 1007 3561 diguitatis
1021 3512 1048 3545 ec
1057 3496 1109 3556 loci,
1120 3495 1183 3560 quod
1194 3497 1252 3544 bene
1261 3509 1318 3543 con-

238 3557 378 3623 ·Vu]gatum
396 3561 499 3612 defendit
509 3562 614 3626 Ryckius
632 3579 645 3610 e
656 3562 718 3608 Plin.
729 3577 765 3625 ep.
798 3563 861 3609 venit
872 3563 1034 3628 sequentibus:
1047 3564 1125 3620 retem,
1137 3567 1165 3608 ut
1173 3575 1190 3606 s.
1201 3575 1222 3606 r.
1230 3559 1247 3606 i.
1256 3574 1278 3607 e·
1288 3574 1317 3608 eo

247 3625 272 3684 4,
283 3627 322 3674 22.
333 3627 374 3674 ubi
382 3626 444 3674 idem
453 3643 544 3676 nomen.
569 3627 613 3674 Sed
622 3635 645 3673 et
656 3643 693 3689 ap.
704 3625 766 3673 Plin.
798 3626 886 3685 ordine,
895 3627 1118 3691 quomgrtiessent
1135 3625 1207 3672 ΕΜ.

247 3691 273 3748 i,
288 3691 311 3735 5.
323 3691 388 3738 codd.
400 3693 514 3740 fluctuant
529 3692 588 3739 inter
599 3693 730 3738 Moericus
743 3699 766 3738 et
839 3693 975 3739 Proiciunt
992 3692 1034 3737 rel.
1046 3691 1143 3747 Patres,
1155 3691 1218 3752 perj.
1231 3704 1318 3751 orgue-

247 3755 379 3802 Murices:
396 3756 452 3804 item
467 3758 492 3815 3,
512 3757 550 3804 ll.
567 3756 596 3803 ad
613 3772 667 3818 quae
681 3755 732 3802 loca
743 3771 764 3802 v.
798 3757 865 3820 bont]
884 3754 1010 3804 Rectehoc
1020 3753 1125 3818 siccapit
1136 3753 1253 3802 Pichenar
1271 3755 1318 3801 Ps-

247 3815 369 3866 Oortiumr
393 3836 464 3884 quem
479 3821 594 3869 dissensus
611 3820 723 3868 librorum
741 3819 765 3866 in
799 3829 844 3867 tres
859 3821 909 3878 hos,
929 3820 958 3868 de
975 3818 1061 3882 quibus
1078 3819 1163 3868 ultimo
1178 3819 1231 3868 loco
1248 3817 1318 3878 dixit,

246 3879 290 3928 hoc
299 3881 376 3930 Taciti
387 3884 436 3932 loco
446 3887 522 3933 latuit.
552 3885 611 3932 Mox
621 3885 765 3932 malePrin-
797 3884 902 3932 laudasse
912 3885 1007 3948 quidcm
1018 3884 1137 3943 hactenus,
1149 3884 1212 3947 quod
1222 3896 1268 3930 non
1277 3884 1317 3944 ju-

247 3952 299 4008 ‘ccpr
312 3947 367 4018 'edd
381 3947 472 3998 Puteol.
483 3951 538 3998 Ber.
550 3949 604 3997 Alc.
616 3947 765 3996 Domitianus
797 3957 885 3997 mssent
899 3950 980 3998 eodem
994 3949 1073 4009 modo,
1089 3965 1136 4012 quo
1146 3948 1222 4007 ceteri,
1232 3962 1318 4010 quam·

247 4010 358 4074 Princeps
375 4025 421 4059 non
439 4025 493 4062 erat
521 4017 594 4064 Enri-
628 4013 766 4062 Correxite
798 4029 869 4078 quam
880 4029 922 4078 per
932 4015 1046 4073 ironiam3
1064 4022 1165 4062 ceterum
1175 4021 1252 4060 temen
1264 4027 1318 4074 per·

246 4074 310 4123 Bud.
320 4075 455 4125 Rhenanus.
795 4081 860 4140 juros
877 4095 934 4140 esse
956 4081 996 4144 qui
1015 4094 1045 4127 ne
1063 4086 1136 4126 cetera
1153 4075 1248 4140 quidem
1265 4091 1318 4124 vere

278 4141 445 4189 Inchoontibus
460 4146 620 4208 primoribus]
648 4143 765 4192 Inchoore
795 4145 917 4204 jmssaent,
930 4154 953 4192 et
960 4158 987 4191 ea
997 4159 1022 4191 re
1031 4141 1194 4190 conscientiam
1204 4141 1317 4189 acelemm

246 4203 329 4252 dicitur
339 4206 483 4268 exquisitius,
501 4217 528 4256 ut
545 4209 631 4272 passim
647 4207 710 4270 apud
718 4208 765 4255 'Li-
813 4208 930 4256 rodidisse.
954 4209 1025 4256 Eis.
1059 4206 1154 4266 Religio
1168 4203 1318 4268 hicserupu-

245 4267 320 4327 iium,
337 4283 379 4332 pro
391 4271 525 4320 relationem
538 4275 621 4336 facere
628 4289 637 4330 ‚·
653 4272 717 4336 quod
727 4271 765 4320 hic
797 4224 848 4319 ihm
858 4279 931 4330 notat,
942 4280 970 4319 ut
983 4270 1046 4334 apud
1058 4269 1108 4318 Cic.
1120 4269 1189 4317 Catil.
1201 4271 1226 4330 3,
1242 4270 1266 4317 6.
1278 4276 1316 4328 ut,

245 4345 287 4394 per
297 4333 448 4396 egressionem
464 4337 580 4386 relationis
589 4337 690 4384 factam:
708 4335 765 4386 dici-
797 4338 942 4408 quereligio
949 4338 977 4386 (Ξ.
985 4337 1072 4384 Mario
1078 4336 1107 4381 cl.
1114 4334 1318 4399 cirenensem!

245 4397 363 4448 turetiem
374 4401 437 4464 apud
448 4401 548 4452 eundem
559 4401 655 4451 Livium
666 4403 764 4451 mentio-
798 4401 1222 4468 ...raaosmiigiooe...liieroremar.
1250 4397 1318 4449 Bene
