3059 4975
237 300 305 341 nc.
322 282 389 360 aa]
607 280 686 341 ms.
708 278 760 338 rv.
783 280 875 339 car.
896 283 924 342 7.
1132 271 1134 274 ’
1251 289 1307 345 aas

239 446 426 511 Senatorum
451 446 698 532 deprecantibus,
728 444 833 509 omisit
859 444 1144 524 Priscus';'‘variis,
1172 454 1306 515 ut'sunt

237 531 399 595 hominum
414 531 546 617 ingenia,
562 530 765 607 sermonibus,
777 528 1020 595 moderationem
1031 529 1237 613 laudantium,
1248 548 1305 600 aut

237 617 479 687 constantiamr
520 616 696 681 uirentium.
744 616 903 695 Ceterum,
933 640 971 679 eo
996 618 1129 684 Senatus
1152 618 1214 699 die,
1237 613 1303 707 quo

479 641 700 789 e(l'espasiani'5
732 702 908 779 censebant,
921 700 1093 850 splacuerat
1119 703 1237 776 “mitti
1259 706 1303 771 ad

238 703 314 766 “de
339 704 387 767 lm
427 702 474 767 rio

237 726 575 885 Principerirelegatosfi
619 787 705 851 Hinc
723 786 806 850 inter
825 786 921 851 Helvi
946 788 1011 850 'um
1029 801 1062 852 et
1081 788 1217 875 Eprium
1231 802 1302 859 acre

232 872 385 961 jurgium.
419 874 554 950 Fuscus,
571 871 674 958 “eligi
685 872 868 937 nominatim
878 897 898 936 a
908 873 1148 958 Magistratibus
1158 875 1302 962 juratis,”

235 959 407 1025 Marcellus
422 966 444 998 “
453 960 585 1023 urnam”
599 958 796 1045 postulabat:
818 981 892 1044 quae
907 957 1052 1024 Consulis
1067 959 1219 1046 designati
1233 985 1300 1027 sen.

235 1046 331 1111 tentia
343 1046 455 1112 fuerat.

260 1132 358 1198 ·=VlI.
381 1131 444 1195 Sed
464 1128 607 1194 Marcelli
627 1128 766 1193 studium
788 1129 934 1217 proprius
952 1130 1050 1194 rubor
1068 1130 1233 1212 excitabat,
1247 1158 1298 1214 ue,

233 1218 301 1284 aliis
315 1216 428 1295 electis,
486 1216 638 1281 sthabitus
652 1214 840 1280 crederetur.
881 1214 1112 1301 Paullatimque
1130 1238 1187 1301 per
1207 1218 1299 1285 alter.

233 1304 384 1369 astionem
410 1240 484 1365 arlo
475 1302 637 1366 continuas
651 1312 693 1370 ‚et
720 1302 847 1365 infestas
869 1301 1023 1365 orationes
1046 1301 1183 1398 provecti
1213 1318 1297 1385 sunt,

233 1404 392 1478 quaerente
407 1386 568 1465 Helvidio,
591 1386 700 1471 “quid
713 1386 758 1450 ita
773 1386 943 1451 Marcellus
954 1386 1111 1473 judicium
1129 1388 1297 1475 Magistra-

233 1491 325 1539 tuum
351 1478 549 1561 pavesceret?
580 1495 645 1536 esse
669 1471 713 1535 illi
796 1472 901 1535 uniam
926 1485 959 1535 et
982 1472 1200 1559 eloquentiam,
1227 1476 1299 1562 quis

233 1560 348 1628 multos
362 1559 503 1637 anteiret,
522 1558 555 1621 ni
569 1557 717 1621 memoria
735 1494 925 1643 digniorum
944 1571 1118 1642 urgeretur.
1153 1560 1247 1628 Sorte
1265 1572 1298 1626 et

234 1670 312 1711 urna
326 1668 426 1709 mores
438 1668 503 1715 non
517 1642 664 1707 discerni:
688 1643 836 1729 suffragia
848 1657 879 1707 et
893 1642 1149 1707 existimationem
1164 1645 1298 1712 Senatus

232 1755 266 1796 re
289 1745 365 1810 crta,
374 1743 412 1795 ut
420 1730 452 1794 in
460 1731 613 1817 cujusque
621 1730 717 1794 vitam
725 1729 904 1815 famamque
914 1742 1127 1816 penetrarent:
1143 1731 1298 1813 pertinere

232 1756 288 1881 adp
294 1818 458 1881 utilitatem
481 1814 686 1901 Reipublicae,
706 1815 859 1901 pertinere
877 1816 917 1879 ad
938 1814 1116 1900 Vespasiani
1135 1815 1296 1896 honorem,

232 1898 392 1967 occurrere
410 1900 465 1978 illi,
488 1913 566 1986 qu'os
587 1900 850 1964 innocentissimos
871 1903 1002 1963 Senatus
1022 1900 1145 1977 habeat,
1167 1902 1223 1987 qui
1241 1902 1298 1967 ho-

234 1989 328 2052 nestis
342 1987 535 2051 sermonibus
546 2009 636 2050 aures
651 1986 854 2071 Imperatoris
867 1986 1008 2050 inbuant.
1052 1985 1163 2051 Fuisse
1182 1989 1297 2075 Vespa-

233 2074 318 2137 siano
337 2072 501 2137 amicitiam
521 2094 594 2135 cum
614 2071 765 2149 Thrasea,
788 2073 916 2150 Sorano,
938 2071 1062 2146 Sentio;
1086 2095 1220 2157 quorum
1241 2074 1296 2139 ad-

231 2171 398 2238 amatores,
414 2157 532 2225 etiamsi
546 2156 650 2246 puniri
665 2178 727 2223 non
746 2170 898 2243 oporteat,
918 2162 1065 2223 ostentari
1084 2158 1294 2233 nondebere:

232 2376 276 2422 quc
297 2368 340 2425 pro
361 2362 493 2423 atrturqac,
511 2363 620 2425 probante
637 2360 746 2409 Pichena.
780 2358 864 2408 clarius
879 2360 904 2408 id
922 2359 1078 2409 indicaturum
1093 2358 1164 2407 misse
1179 2366 1296 2407 auctorem

232 2426 366 2491 Utrumque
381 2434 470 2473 rectum
487 2436 527 2473 est.
562 2424 623 2473 Mox
639 2428 747 2473 omittere
781 2432 845 2487 puto.
946 2478 949 2481 ⁴

231 2489 657 2619 tramittam
674 2490 747 2604 lli·
779 2537 785 2548 ’
813 2489 1294 2619 ttlttttlidjttttp‘ttit

230 2619 280 2670 edd
292 2629 346 2670 ante
356 2621 433 2670 Rhen.
445 2619 582 2685 quieButi
594 2619 698 2668 ordinem
708 2621 744 2667 in-
780 2619 809 2667 de
835 2619 1028 2683 disputationibus
1051 2618 1222 2666 adversantium
1249 2616 1295 2664 sibi

229 2685 320 2732 vertit.¹
661 2717 662 2722 ,
738 2707 740 2714 ι
779 2684 925 2744 Senatorum,
938 2684 1026 2746 dequo
1036 2683 1120 2731 tirones
1130 2683 1224 2731 rideant
1233 2681 1295 2728 dicta

234 2791 237 2799 .
261 2753 411 2799 EoScaataa
425 2753 471 2804 dic,
486 2752 684 2812 qaodelmprrto
700 2753 744 2798 Va·
778 2747 934 2797 inclancic.
962 2750 1294 2809 Altercatioaibaropponun-

229 2817 333 2876 spactant
350 2813 479 2877 censebant]
498 2815 551 2860 Hoc
571 2815 659 2862 factum
676 2815 743 2861 credo
779 2820 818 2859 tur
828 2815 943 2860 continua
954 2814 1075 2860 crotiorres.
1103 2811 1293 2859 Etverbumin·

228 2878 317 2926 aliodie
324 2888 346 2924 et
353 2887 465 2927 conventu
472 2880 577 2937 Senatus,
585 2893 655 2941 quam
662 2875 748 2940 dequo'
771 2878 849 2938 fictas
870 2876 964 2933 indicat,
982 2875 1007 2922 in
1028 2876 1213 2924 altercationibus
1233 2872 1293 2922 nihil

228 2941 438 3005 supradixita3.
472 2941 546 2988 Nullo
561 2942 631 2989 modo
645 2941 744 3005 intelligi
778 2939 866 2988 inirniai
876 2940 1002 2987 neccmario
1010 2941 1090 2987 inesse.
1106 2940 1178 2988 Ean.

228 3014 310 3069 potest,
322 3005 438 3070 quomodo
446 3006 532 3065 omnis,
542 3023 594 3070 quae
602 3022 673 3070 supra
680 3021 743 3054 com-
814 3003 957 3065 Urgcretur]
975 3004 1013 3051 Ita
1029 3004 1092 3051 Flor.
1110 3002 1197 3067 (Bud.)
1213 3003 1292 3052 Gueli.

228 3080 355 3123 memorata
365 3081 426 3124 sunt,
446 3080 469 3118 et
478 3070 539 3118 hanc
553 3073 743 3120 concertationem
778 3068 830 3116 edd.
840 3069 930 3117 Puteol.
939 3077 962 3116 et
972 3083 1035 3132 seqq.
1042 3084 1130 3116 omnes.
1153 3067 1248 3132 Lipsius
1257 3075 1294 3114 ta·

228 3135 333 3191 Helvidii
349 3145 372 3183 et
388 3135 504 3192 Marcelli,
521 3135 583 3182 idem
600 3134 648 3182 dies
663 3150 743 3198 capere
778 3133 822 3180 cite
832 3133 904 3182 edidit
918 3141 1022 3195 urgeret,
1038 3146 1141 3196 proquo
1155 3132 1232 3179 statim
1249 3130 1291 3191 l'i·

226 3200 334 3264 potuerit.
369 3200 476 3248 Ceterum
492 3199 531 3246 hic
547 3214 674 3247 samonem
696 3215 744 3247 case
777 3197 1040 3260 chenavetusrestituit
1067 3195 1292 3259 Utrumqueeotlem

226 3265 324 3320 arbitror
340 3264 368 3312 de
384 3264 429 3312 SC.
447 3265 513 3324 cujus
529 3263 685 3326 fragmentum
702 3279 741 3311 su·
777 3262 844 3309 redit.
868 3262 929 3311 Mox
940 3262 1212 3324 adpreatimattoncm.
1220 3261 1292 3311 vm

226 3339 309 3390 petest,
324 3329 432 3394 quodque
447 3344 488 3376 nos
501 3328 531 3376 ad
545 3328 630 3376 calcem
643 3329 743 3377 volumi-
776 3326 810 3374 Α.
824 3329 862 3388 15,
873 3329 913 3376 21.
928 3327 970 3376 ubi
986 3343 1039 3390 quae
1054 3326 1164 3386 diximus,
1181 3341 1211 3375 ex
1226 3325 1251 3376 b·
1271 3327 1292 3374 1,

226 3394 262 3448 nis
275 3396 373 3458 ,exprimi
384 3394 522 3451 curavimus,
537 3409 590 3440 cum
601 3393 744 3456 quibusdam,
776 3393 948 3440 confirmantur.
970 3392 1045 3448 ⁴Num
1061 3400 1085 3438 et
1098 3391 1145 3449 hic,
1162 3406 1215 3453 qua
1227 3404 1291 3438 nunc

226 3459 468 3514 animadversionibus.
495 3457 596 3520 Legatos
612 3457 674 3505 mitti
689 3459 740 3521 pla·
775 3458 920 3504 existimat-io
932 3465 979 3516 cat,
993 3471 1049 3502 mox
1055 3457 1291 3518 jadtmumvocatur.

227 3525 282 3583 cuit,
292 3525 332 3588 qui
344 3524 390 3572 SC.
399 3519 531 3586 perferrent,
543 3523 744 3587 utaliasquoqua
776 3521 833 3569 Post
843 3524 870 3568 in
880 3519 1288 3583 cujusqamsrror.eapr.1>ich.
1314 3540 1316 3543 ·

225 3587 312 3636 factum
324 3587 426 3652 Republ.
439 3588 518 3636 libera.
536 3587 607 3634 Euri.
628 3585 700 3648 Mihi,
712 3599 740 3634 ut
775 3601 825 3648 sqq.
860 3586 911 3634 Alii
929 3587 965 3645 (et
981 3583 1056 3643 Bud.)
1078 3585 1149 3639 unius
1170 3586 1289 3646 cujusque.

224 3651 366 3716 Bipontinis,
384 3668 448 3700 secus
462 3651 559 3700 videtur.
584 3653 656 3699 Gesta
669 3652 740 3700 unius
775 3650 849 3702 Porro
859 3649 984 3699 Flenvito
1004 3663 1134 3710 amantque.
1161 3647 1289 3697 Guelied.

225 3717 327 3772 dicimur
337 3733 410 3780 usque
420 3725 564 3779 procurrunt
590 3716 740 3774 ldnarratio-
774 3730 811 3778 pr.
822 3715 898 3763 Rhen.
911 3715 980 3768 (eBu
999 3724 1015 3774 .)
1026 3730 1076 3777 sqq.
1089 3715 1171 3773 citans,
1179 3715 1287 3777 stramni-

224 3783 262 3830 nis
274 3782 342 3834 series
357 3782 429 3828 docet
463 3781 544 3844 Regiae
556 3781 613 3844 legis
627 3781 737 3841 formula,
774 3796 825 3840 aare.
867 3779 1166 3833 cassamentum,
1180 3779 1287 3842 sermm.

225 3847 291 3907 cujus
311 3846 467 3908 fragmentum
483 3845 507 3892 in
524 3847 624 3893 Basilica
643 3845 739 3894 Latera-
773 3843 845 3892 Eam
1197 3863 1218 3899 ,-

224 3911 290 3961 nansi
305 3919 416 3969 servatur,
433 3909 547 3972 prioribus
561 3911 609 3971 jam
624 3910 738 3974 Principi-
805 3911 940 3974 Seroecionc]
963 3909 1042 3956 Male:
1059 3909 1132 3956 fateor
1146 3907 1218 3957 irrina
1234 3909 1288 3957 He·

223 3977 267 4024 bus
278 3990 384 4030 concessa
394 3973 482 4037 repetit
502 3975 590 4022 Parum
601 3989 739 4036 ergomres
773 3975 880 4025 tenuium
903 3974 1051 4023 Senecionem
1069 3973 1184 4036 insignem
1199 3973 1285 4032 virum,

225 4035 461 4104 temporis‘absumsit.
489 4037 555 4086 Tum
563 4039 676 4102 properati
687 4037 738 4086 aliis
773 4039 813 4088 sed
834 4054 905 4102 quem
926 4038 1075 4092 Domitianus
1096 4038 1211 4097 occiderit,
1237 4050 1288 4084 non

224 4119 317 4168 quoque
342 4105 445 4152 honores.
489 4099 607 4160 Sententia
634 4103 738 4152 Helvidii
773 4104 845 4151 Nero.
871 4105 960 4166 Sequor
969 4102 1041 4167 igitur
1051 4103 1121 4151 libras
1131 4103 1233 4165 scriptos,
1244 4099 1291 4163 qni-

224 4169 306 4228 Prisci,
323 4179 350 4217 ut
363 4169 422 4217 inter
433 4169 513 4218 Patres
524 4168 691 4228 concertationi,
706 4169 738 4226 sic
771 4169 818 4228 hic,
835 4170 930 4225 Sentio:
948 4168 991 4216 etsi
1006 4167 1083 4216 virum
1099 4168 1186 4229 ignoro
1210 4165 1287 4212 lars.

222 4233 342 4289 narrandis
365 4233 418 4282 vitae
437 4235 486 4295 ejus
508 4232 638 4291 momentis,
651 4247 743 4288 ansam,
773 4235 853 4282 Sentio
863 4234 927 4282 rior.
939 4231 1026 4298 (Bud.)
1039 4233 1075 4280 ed
1086 4247 1120 4294 pr.
1133 4229 1188 4277 MS.
1206 4227 1285 4277 Guelf-

223 4297 287 4352 dedit
297 4297 411 4358 comalio,
425 4298 509 4362 quibus
519 4297 628 4359 expositis
639 4298 697 4346 redit
708 4297 738 4344 ad
772 4299 832 4360 Agr.
843 4300 967 4357 Sacratae
990 4311 1022 4344 ua
1030 4296 1126 4343 lectione
1134 4291 1286 4340 nammride.
1301 4341 1305 4350 ,

222 4360 739 4491 iiiedeffiiimriiimriffi'aiitfflilii’md
772 4358 1288 4490 2¹ii³¹fniii3sulliiiielill⁰ii

729 4461 736 4489 ²
1024 4458 1029 4469 ·
1151 4475 1154 4479 ,
1287 4471 1291 4478 ,
