3059 4975
406 258 461 316 oa
482 220 669 315 uonmns
692 247 944 312 oriturum.
978 249 1069 311 cnr.
1088 257 1137 312 u.
1242 241 1302 313 atr

241 419 397 482 'comannis
407 419 587 504 Quadisque
598 411 698 503 utque
712 416 753 479 ad
762 430 897 478 nostram
909 416 1088 478 memoriam
1102 412 1208 512 Reges
1218 431 1307 479 man·

242 518 349 568 serunt
362 519 400 567 err
415 516 506 589 gente
519 504 668 589 ipsorum,
690 501 793 564 nobile
809 501 1000 564 Marobodui
1014 512 1047 564 et
1068 501 1172 564 Tudri
1186 520 1304 586 genus:

240 588 305 674 jam
322 600 353 652 et
367 602 509 652 externos
529 589 701 672 patiuntur.
748 584 811 648 Sed
825 585 874 648 vis
893 597 925 648 et
943 586 1083 671 potentia
1099 586 1243 672 Regibus·
1264 605 1305 647 ex

243 673 425 738 auctoritate
445 673 604 736 Romana:
626 691 697 733 raro
715 669 809 733 armis
830 669 952 748 nostris,
973 671 1086 755 sapius
1102 671 1244 757 pecunia,
1255 671 1310 756 ju·

242 769 364 822 vantur.
599 772 602 779 '

287 843 426 906 XLIII.
449 843 517 905 Nec
533 840 636 903 minus
653 839 756 902 valent
776 854 860 902 retro
881 839 1058 924 Marsigni.
1072 840 1215 918 Gothini,
1240 839 1307 917 osi,

244 927 350 992 Burii:
384 941 471 1012 terga
494 927 791 989 Marcomannorum
817 923 1069 1008 Quadorumque
1091 924 1260 987 claudunt:
1291 947 1310 987 e

267 1013 361 1076 uibus
383 1011 538 1096 Marsigni
553 1023 584 1074 et
599 1009 688 1074 Burii
703 1029 842 1072 sermone
855 1008 1006 1094 cultuque
1021 1012 1140 1071 Suevos
1161 1009 1309 1072 referunt.

244 1037 400 1161 dominos
419 1096 549 1174 Gallica,
566 1099 645 1160 Osos
664 1095 844 1158 Pannonica
861 1094 979 1180 lingua,
999 1093 1151 1178 coarguit,
1167 1101 1230 1156 non
1245 1109 1312 1156 esre

246 1181 430 1257 Germanos,
456 1195 487 1245 et
508 1181 593 1267 quod
614 1180 732 1244 tributa
753 1180 936 1265 patiuntur:
970 1192 1092 1264 partem
1121 1178 1310 1242 tributorum

224 1329 229 1335 ,
247 1267 407 1343 Sarmatae,
427 1281 546 1352 partem
569 1264 683 1342 Quadi,
698 1265 844 1327 ut-alieui
885 1263 942 1341 nia,
958 1263 1123 1350 inponunt.
1167 1263 1310 1339 Gothini,

244 1373 309 1435 quo
324 1351 423 1436 magis
438 1350 565 1436 pudeat,
587 1361 618 1412 et
639 1350 757 1412 ferrum
778 1349 827 1412 eff
864 1347 949 1413 iunt:
972 1371 1142 1435 omnesque
1155 1349 1188 1411 hi
1203 1347 1312 1435 populi

193 1437 219 1496 .'
244 1457 345 1521 pauca
358 1435 588 1520 campestrium,
608 1447 744 1498 ceterum
766 1434 863 1497 saltus
885 1447 918 1497 et
937 1435 1066 1496 vertices
1085 1434 1240 1497 montium
1258 1434 1313 1519 ju'·

245 1543 396 1605 gumque,
418 1520 608 1585 insederunt.
652 1519 781 1583 Dirimit
795 1520 876 1582 enim
892 1519 1066 1604 scinditque
1082 1517 1226 1584 Sueviam
1240 1541 1313 1582 oon-

245 1605 368 1668 tinuum
383 1606 535 1669 montium
552 1607 680 1692 jugum,
695 1605 779 1668 ultra
797 1604 882 1692 quod
905 1604 1049 1690 plurimae
1063 1619 1171 1688 gentes
1192 1617 1311 1689 agunt:

245 1700 284 1752 'ex
299 1691 414 1777 quibus
432 1690 579 1754 latissime
593 1701 679 1778 patet
694 1691 869 1777 Lygiorum
885 1711 998 1754 nomen
1010 1690 1043 1752 in
1058 1689 1164 1775 plures
1175 1689 1314 1754 elvitates

246 1774 406 1839 diffusum.
451 1775 681 1840 valentissimas
696 1777 867 1839 nominasse
882 1775 1021 1852 sufficiet,
1037 1775 1144 1852 Arios,
1160 1773 1314 1838 Helveoo

246 1881 312 1938 naS,
328 1860 496 1938 Manimoa
513 1862 647 1948 Elysios,
660 1860 865 1925 Naharvalos,
911 1863 944 1924 A
968 1861 1012 1925 ud
1028 1859 1221 1924 Naharvalos
1235 1859 1314 1923 anti.

246 1967 318 2029 quae
333 1945 488 2032 religionis
509 1946 598 2012 lucus
612 1947 795 2012 ostenditur.
840 1884 992 2011 Praesidet
1007 1945 1156 2010 Sacerdos
1170 1943 1314 2025 muliebri

246 2035 374 2096 ornatu:
398 2031 452 2099 sed
476 2039 497 2070 “
513 2033 608 2112 Deos,
623 2032 875 2119 interpretatione
890 2033 1045 2110 Romana,
1063 2031 1223 2095 Castorem
1239 2028 1313 2094 Pol·

245 2277 287 2312 nec
303 2264 327 2313 id
343 2275 392 2314 tam
409 2271 486 2332 probe.
510 2269 585 2318 Iura.
626 2268 763 2330 Peragitur
794 2268 889 2316 cariffi.
903 2271 932 2332 (a.
945 2267 1064 2328 adNor.)
1096 2267 1314 2343 Exquopuncmm

247 2329 315 2376 etiam
345 2331 418 2380 MSS.
441 2334 566 2396 Bamberg.
594 2331 674 2381 Turio.
710 2333 759 2381 cod.
794 2341 846 2396 post
862 2335 938 2379 Batti
956 2332 1014 2379 fecit
1037 2342 1065 2379 ut
1081 2341 1115 2380 ast
1133 2342 1202 2380 etiam
1218 2331 1244 2377 in
1261 2331 1315 2379 edd.

247 2391 325 2456 Kapp.
343 2393 378 2441 ed.
398 2396 459 2460 Spir.
491 2399 539 2444 Ast
545 2401 659 2459 pergitur
672 2399 763 2445 Puteal.
796 2397 855 2458 Spir.
867 2396 957 2443 Puteal.
971 2395 1042 2442 Ean.
1062 2397 1108 2443 Eo.
1120 2397 1189 2444 Rom.
1204 2397 1311 2444 Garat.

246 2469 310 2521 seqq.
322 2467 376 2507 ante
387 2459 512 2525 Lipsium:
530 2462 571 2526 qui
589 2462 651 2511 unde
661 2462 763 2511 hauserit
796 2463 869 2509 Buri.
888 2460 927 2508 De
940 2461 993 2509 Oria
1001 2475 1021 2508 c.
1032 2462 1072 2508 28.
1089 2463 1221 2509 Buriorum
1230 2471 1315 2509 nomeu

241 2525 392 2632 ιξιεΐεειὶίυν,
411 2527 493 2574 neseio.
530 2530 650 2589 Pergttur
665 2528 764 2575 restituit
795 2524 902 2589 plurimis
913 2525 1055 2579 Bavariaeae
1066 2526 1158 2574 Sueviae
1167 2526 1223 2573 locis
1234 2526 1314 2575 hodie·

268 2586 356 2638 icheua.
388 2590 469 2649 Quid!
487 2592 506 2639 si
512 2594 626 2653 pergitur
637 2601 671 2638 ert
681 2600 762 2639 natum
796 2588 960 2652 queadlraeret
1051 2633 1055 2639 .

245 2664 258 2695 e
264 2655 389 2713 porgitur,
398 2654 461 2716 quod
471 2655 680 2716 pereompendium
690 2654 763 2716 poeti-
830 2654 882 2708 Quo
895 2654 976 2727 magis
988 2654 1087 2727 prrrlrat]
1106 2670 1135 2729 aa
1151 2654 1239 2728 tributa
1257 2656 1316 2717 pati,

245 2719 763 2845 tttttttttttt‘tttglltffsssstt
794 2718 1315 2846 ”oeiiss'llfflliifflldllssdll

250 2840 382 2902 Quadisque
393 2844 444 2891 eod.
459 2844 536 2906 Kapp
556 2846 630 2905 (aed.
649 2844 718 2905 Nor.)
736 2856 763 2894 ut
794 2844 888 2892 Arund.
899 2849 1013 2908 jugaque.
1048 2847 1170 2893 Acidaliae
1178 2845 1315 2907 jugumque

179 2962 183 2971 ἱ
246 2904 546 2955 correxitPichenarceteri
556 2910 762 2964 Quartanauar.
795 2909 917 2957 insititium
929 2918 1004 2973 putat,
1016 2911 1077 2957 male
1093 2910 1140 2956 huc
1148 2911 1316 2959 relatumese·

181 2974 189 2989 ⁸
247 2968 486 3035 Proetraiturreeepit
494 2982 516 3019 et
524 2972 615 3021 Cluver.
632 2976 763 3035 Peragitur
795 2974 926 3036 quentibus.
960 2974 1006 3021 Sed
1022 2983 1099 3021 tamur
1117 2982 1140 3021 et
1153 2973 1177 3019 in
1194 2972 1276 3035 Agric.
1293 2990 1313 3023 c.

247 3030 283 3077 ed.
300 3032 370 3080 Rom.
384 3043 406 3083 et
417 3036 475 3082 Nor.
487 3036 541 3099 Bip
553 3038 676 3085 verosimili
687 3040 763 3099 mrrje-
797 3039 833 3087 10.
838 3037 903 3099 juga
915 3044 937 3084 et
948 3044 1036 3085 morter
1044 3040 1182 3099 junguntur.
1216 3037 1258 3084 An
1269 3039 1315 3087 fult

248 3102 312 3141 utura
317 3101 462 3158 protegitur,
474 3108 501 3147 ut
511 3103 545 3147 A.
563 3101 601 3160 15,
610 3103 649 3148 43.
663 3105 763 3163 porttcl-
788 3103 974 3163 jugoramque?
988 3102 1013 3150 A
1021 3103 1075 3151 IIIS.
1084 3102 1165 3149 Turio.
1177 3104 1241 3150 abest
1249 3118 1315 3153 mon·

247 3160 297 3216 aar,
314 3176 365 3221 quta
376 3166 638 3224 frorrtem'r'nrulurum
657 3172 763 3227 protege·
795 3168 865 3213 tiam.
882 3167 951 3215 Eur.

246 3231 305 3270 rent.
339 3226 385 3274 Ed.
399 3228 469 3277 Rom.
483 3230 623 3290 Quadisque.
828 3232 964 3292 Lyglorrrm
974 3230 1067 3293 nonreu]
1080 3231 1138 3280 cod.
1146 3229 1227 3295 Kapp.
1237 3234 1267 3296 (a.
1276 3234 1312 3281 ed.

277 3288 367 3354 Tudri]
378 3291 433 3339 Ood.
444 3293 524 3356 Kapp.
533 3302 562 3353 (a
570 3294 605 3340 ed.
616 3293 688 3354 Nor.)
699 3296 762 3342 Tru-
795 3296 867 3355 Nor.)
886 3298 1036 3357 Lrgloramr
1053 3298 1094 3344 rad
1104 3312 1161 3345 mox
1172 3299 1263 3358 tygres
1273 3299 1316 3347 ha·

246 3353 359 3417 dirquod
366 3370 410 3403 non
419 3357 553 3420 displicebat
561 3358 680 3406 Rhenauo.
690 3360 762 3407 Bitu.
794 3362 840 3407 bet.
873 3359 1222 3424 Eademvarietasinedspir.
1239 3364 1315 3411 Eut

245 3418 375 3466 EdRom.
392 3435 484 3485 quoque
503 3424 587 3469 Trudt
612 3424 651 3471 Sic
665 3430 688 3470 et
706 3424 760 3471 MS.
794 3424 1058 3485 EdRom.lcgiorrrm.

246 3481 321 3544 long.
347 3485 400 3531 Hoc
410 3487 493 3533 rectius
502 3502 549 3534 esse
559 3487 656 3535 videtur.
673 3488 761 3535 Saltem
828 3489 1035 3552 Artoretc.]('od.
1046 3489 1078 3536 Κ.
1090 3490 1163 3542 (aad.
1176 3490 1315 3548 NaulHa.

246 3552 296 3593 trrtt
306 3548 469 3597 Germanicum
478 3550 649 3609 nomen‚fidum
659 3552 760 3613 signans.
795 3556 852 3612 rior,
871 3555 1025 3610 Helvetum,
1047 3556 1179 3612 Mmumar',
1197 3558 1312 3618 Halalae,

245 3610 284 3658 De
294 3626 410 3675 eogenere
418 3615 492 3661 altum
501 3616 575 3663 ubivis
581 3616 705 3663 alentium.
724 3616 762 3663 De
796 3620 987 3665 Narranti-vator.
1004 3619 1062 3665 Post
1069 3627 1147 3667 tamen
1153 3621 1316 3673 Nuzarvatoe.

246 3674 393 3725 Maroboduo
404 3680 433 3725 A.
446 3681 471 3738 2,
487 3680 528 3725 44.
544 3694 577 3743 sq.
590 3682 629 3727 62.
646 3694 679 3742 sq.
697 3678 760 3727 VelL
795 3682 824 3728 In
836 3682 920 3729 ultimo
930 3682 1036 3729 similiter
1046 3683 1180 3731 varianted.
1191 3684 1254 3748 Spir.
1262 3687 1314 3735 Pu.

246 3742 269 3797 2,
283 3741 336 3788 108.
353 3741 391 3789 De
400 3742 493 3791 Vannio
504 3743 641 3806 Quadorum
654 3746 719 3807 Rege
727 3746 759 3791 Α.
794 3747 847 3795 taol.
875 3747 911 3792 At
924 3746 981 3794 MS.
995 3746 1074 3794 'l'uric-
1087 3759 1217 3797 constanter
1225 3752 1314 3798 Natta·

245 3804 421 3863 2,63.12,29.
794 3812 983 3858 narratorvorat
1001 3810 1073 3859 Eur.
1102 3812 1149 3860 ud.
1167 3814 1239 3861 Rom.
1258 3818 1315 3864 Ha·

201 3876 203 3882 ’
279 3870 434 3936 Noctuinus]
460 3873 515 3919 Nec
528 3870 651 3921 delendum
663 3875 761 3937 putabat
793 3876 1006 3923 rtom'ttarrimor.
1028 3875 1082 3923 MS.
1099 3877 1201 3926 Humm.
1219 3882 1314 3927 Horror

247 3932 346 3980 Lallem.
363 3942 385 3981 et
401 3935 425 3982 ln
438 3950 495 3992 vera
512 3936 574 3984 Gall
589 3937 667 3985 omisit
682 3938 760 3987 Blete-
797 3942 948 3988 ..Luatmoa

244 3998 299 4043 rius.
825 4007 1026 4065 rutupi-erarium
1048 4006 1170 4069 Romam]
1197 4007 1236 4053 Ita
1257 4008 1316 4057 MS·
1378 3998 1383 4007 ¹

251 4090 254 4095 ι
278 4061 387 4123 Gotlrlnl]
405 4064 510 4113 curant
521 4080 611 4129 semper
622 4065 759 4115 Claudiano.
794 4068 873 4117 Turia.
888 4068 939 4115 cod.
951 4068 984 4115 K.
996 4072 1025 4132 (a
1038 4071 1074 4117 ul.
1094 4069 1167 4130 Nor.)
1181 4071 1234 4119 eda
1250 4073 1314 4136 Sp'r.
1377 4081 1386 4093 ·

245 4124 320 4173 Iura.
344 4126 401 4175 Cod.
411 4128 489 4192 Kapp.
499 4136 527 4183 ts·
538 4129 657 4193 adflat.)
669 4132 760 4181 Gottar'.
792 4133 885 4181 Boron.
902 4133 993 4180 Puteal.
1011 4134 1128 4181 Beroald..
1149 4137 1254 4182 Rotnani
1264 4138 1312 4199 pri.

244 4188 305 4238 Mox
317 4190 444 4240 Groslotiur
452 4193 551 4256 uonigit,
561 4197 642 4242 Bartr
660 4197 680 4241 r't
691 4202 760 4257 terga
792 4197 978 4245 mumaditurna
986 4198 1066 4245 uren.
1076 4198 1146 4245 1519.
1154 4199 1314 4262 quodabom-

245 4254 285 4301 Μ.
299 4256 328 4311 Q.
339 4268 358 4301 e.
370 4256 431 4319 quod
443 4272 487 4305 non
499 4260 579 4320 probo,
590 4260 646 4323 qula
656 4274 712 4308 mox
724 4276 759 4309 re·
791 4262 860 4310 tribur
873 4269 927 4310 ante
944 4262 1073 4309 Picheurm
1090 4272 1215 4313 serratum.
1238 4265 1314 4316 Errat.
1389 4308 1391 4312 ,

243 4318 331 4381 quitur,
347 4336 359 4365 r
379 4321 465 4382 quum
500 4322 546 4371 Sal
560 4326 624 4371 Buri
636 4332 712 4373 tamen
724 4326 760 4375 bia
792 4326 837 4375 Ed
850 4328 920 4375 Rom.
933 4326 1050 4372 Romana.
