3059 4975
254 274 403 349 aare]
633 273 960 337 crannoauar.
1060 348 1062 352 ¹
1159 330 1162 337 ,
1270 272 1376 332 roa·

251 446 283 499 et
293 438 637 523 marcentem,.pr0ditio
649 438 764 503 Lucilii
777 440 875 517 Bassi,
887 462 923 503 ac
934 438 1066 505 defectio
1076 436 1179 503 classis
1190 438 1316 499 Raven-

252 522 333 587 natis
353 522 493 610 perculit.
538 524 609 589 Neo
630 524 729 588 multo
742 537 821 611 ,post
838 524 878 589 de
894 524 1019 589 Caecina
1037 524 1178 589 adfertur
1197 522 1314 587 mixtus

250 607 368 692 gaudio
378 608 484 673 dolor:
500 621 532 671 et
543 608 714 688 descivisse,
724 622 757 675 et
768 610 809 673 ab
819 611 957 675 exercitu
970 610 1127 675 vinctum:
1143 608 1215 694 plns
1228 608 1315 694 apud

251 694 410 758 socordem
429 694 570 759 animum
583 694 700 773 laetitia,
715 718 810 781 quam
825 718 900 759 cura
914 696 1029 760 valuit:
1053 693 1152 758 multa
1170 712 1242 757 oum
1260 716 1314 757 ex·

251 777 415 844 sultatione
427 780 464 851 in
482 778 593 845 urbem
613 793 764 857 reuectus,
779 780 934 865 frequenti
949 781 1104 864 concione,
1128 786 1149 817 ⁴⁶
1164 780 1313 865 pictatem

250 862 408 929 militum''
428 863 577 930 laudibus
597 864 747 931 cumulat.
790 872 812 905 “
827 867 865 931 P.
883 866 1045 945 Sabinum,
1064 864 1208 930 Praetorii
1226 866 1312 931 Prae-

248 947 377 1029 fectum,
401 951 443 1016 ob
463 949 630 1027 amicitiam
651 950 794 1029 Caecinae,
815 950 945 1015 vinciri”
962 952 1065 1036 jubet,
1088 950 1257 1019 substituto
1278 949 1312 1016 in

249 1032 354 1112 locum
367 1036 436 1121 ejus
450 1035 597 1121 Alpheno
612 1037 705 1101 Varo.

298 1120 490 1188 XXXVII.
517 1124 599 1192 Mox
623 1122 781 1199 Senatum,
806 1124 976 1211 composita
997 1124 1029 1187 in
1052 1117 1313 1209 magnificentiam

249 1206 398 1285 oratione,
406 1206 579 1286 adlocutus,
589 1208 750 1293 exquisitis
758 1210 890 1273 Petrum
900 1208 1133 1274 adulationibus
1142 1207 1312 1274 adtollitur.

205 1358 208 1361 ,
251 1291 384 1357 Initium
401 1292 513 1359 atrocis
533 1293 567 1357 in
586 1293 744 1359 Caecinam
765 1294 957 1360 sententiare
973 1294 1015 1361 L.
1028 1292 1154 1359 Vitellio
1173 1294 1310 1359 sactum:

249 1377 322 1441 dein
345 1378 449 1457 ceteri,
474 1399 543 1443 com
601 1378 645 1442 ita
668 1379 893 1466 indignatione,
919 1387 941 1419 “
963 1373 1051 1467 quod
1074 1379 1193 1445 Consul
1214 1378 1311 1463 Reru-

248 1462 417 1549 publicam‚
440 1464 520 1528 Dux
561 1480 777 1549 inperatorem,
800 1467 894 1531 tantis
921 1466 1044 1553 opibus,
1068 1476 1115 1530 tot
1141 1464 1311 1529 honoribus

247 1548 434 1627 cumulatus,
455 1548 590 1614 amicum
611 1550 828 1635 prodidisset,”
849 1551 934 1617 velut
977 1574 1013 1617 ro
1027 1550 1155 1617 Vitellio
1175 1572 1310 1636 conque·

245 1646 358 1713 rentes,
381 1656 473 1699 suum
487 1633 626 1699 dolorem
668 1636 855 1705 referebant.
897 1574 998 1701 Nulla
1010 1636 1043 1700 in
1058 1635 1194 1721 oratione
1209 1637 1314 1721 cujus-

269 1742 343 1783 nam
364 1743 439 1807 erga
461 1720 627 1785 Flavianos
682 1745 754 1788 uoes
774 1722 974 1790 obtrectatio:
1006 1728 1029 1763 “
1049 1742 1184 1787 errorem
1205 1720 1313 1807 inpru-

175 1862 177 1866 ,
245 1743 667 1890 dentiumqueexerci'tuum”
675 1807 727 1871 cul
750 1821 846 1885 anus,
856 1807 1040 1894 Vespasiani
1051 1829 1164 1871 nomen
1174 1830 1211 1869 su
1249 1804 1315 1869 ensi

247 1904 280 1953 et
293 1890 456 1955 vitabundi
469 1890 684 1957 circumibant.
760 1916 795 1957 ec
807 1892 919 1970 defuit,
934 1892 990 1979 qui
1009 1914 1107 1955 unum
1123 1828 1313 1955 Comrilatus

248 1975 332 2041 diem
348 1975 390 2057 (is
402 1975 485 2039 enim
498 1976 650 2042 inlocum
663 1978 798 2043 Caeciuae
812 1980 985 2065 supererat)
1000 1999 1114 2061 magno
1127 1998 1199 2040 cum
1213 1975 1312 2042 inrisu

248 2060 413 2125 tribuentis
422 2060 672 2149 accipientisque,
683 2062 912 2130 eblandiretur:
926 2061 1028 2149 pridie
1039 2061 1110 2127 Kal.
1124 2059 1311 2127 Novembris

248 2147 367 2211 Rosius
377 2146 522 2233 Regulus
534 2146 615 2225 iniit,
630 2149 834 2235 ejuravitque.
858 2148 1064 2213 Adnotabant
1077 2146 1169 2235 periti
1183 2153 1204 2187 “
1220 2168 1311 2209 num-

246 2254 345 2319 quam
357 2244 458 2311 antea,
472 2254 536 2300 non
549 2233 699 2320 abrogato
713 2234 914 2322 Magistrum,
929 2256 1032 2320 neque
1044 2231 1113 2319 lege
1126 2230 1199 2312 late,
1215 2231 1312 2297 alium

247 2404 308 2453 etad
318 2406 343 2461 2,
354 2405 394 2454 54.
418 2403 730 2470 Itaquevixantedubitari‚
738 2408 764 2455 in
830 2409 894 2467 Curti
903 2410 980 2457 trrtsu
993 2407 1117 2456 rrttuearts
1127 2406 1185 2469 aea]
1211 2404 1313 2453 Hcc'or·

247 2478 312 2518 tanta
327 2468 450 2532 evidentia,
467 2469 584 2534 corrigere·
618 2470 642 2522 li
658 2472 764 2522 Broterio
796 2471 850 2524 dine
864 2489 904 2522 scr.
917 2481 941 2522 et
956 2470 1007 2522 edd.
1020 2480 1073 2521 ante
1084 2472 1161 2522 Rhen.
1174 2484 1254 2520 ornnes
1269 2484 1310 2518 ex·

247 2533 387 2598 postdidici‚
403 2535 457 2584 MS.
470 2533 531 2598 ch.
541 2535 625 2585 hebere
637 2539 761 2603 persua
794 2535 875 2587 hibent
885 2539 972 2586 verba:
990 2537 1034 2584 nisi
1049 2536 1309 2600 quadrantariam

247 2599 310 2663 quod
320 2599 397 2648 mmet
407 2599 519 2650 udonem
533 2609 645 2660 umnam,
656 2610 680 2650 et
689 2599 762 2650 lenior
793 2601 878 2650 habeta
896 2601 1025 2650 Rhenanus
1034 2615 1081 2649 ccc.
1093 2603 1261 2662 tubarumque
1272 2609 1309 2648 te·

247 2664 354 2713 conectic
369 2673 411 2725 est,
429 2681 482 2740 qna
497 2673 521 2712 et
539 2665 645 2729 sequenti
661 2667 761 2726 apertur
781 2666 837 2714 cite
848 2667 872 2730 (e
882 2664 958 2727 Bud)
969 2664 1049 2726 edidit,
1061 2665 1124 2730 quod
1138 2680 1218 2714 omues
1232 2678 1309 2712 serra-

246 2729 330 2777 melius
338 2737 464 2776 consentit:
481 2727 506 2776 id
516 2728 664 2793 adeorecepi.
689 2731 762 2779 Eur.
793 2740 855 2778 rum.
889 2730 953 2778 lllnd
963 2739 1041 2778 autern
1053 2732 1120 2786 bene,
1131 2729 1307 2793 quadrenniu-

247 2791 302 2857 Bip.
313 2794 373 2841 bene
386 2801 476 2851 notam,
490 2793 586 2840 omnino
598 2792 704 2842 homines
718 2789 772 2857 pa!
793 2801 860 2842 ratur
870 2794 942 2853 dedit,
952 2807 1095 2858 quamquam
1112 2795 1242 2855 conjectura
1256 2799 1308 2839 tan·

247 2872 309 2915 vore,
320 2865 393 2916 metu,
402 2856 490 2914 dolore,
505 2857 594 2904 nuntiis
607 2864 648 2904 etc
660 2857 759 2920 percelli.
792 2866 852 2918 nrm,
864 2874 906 2922 pro
916 2858 1068 2906 blandiretur.
1102 2859 1206 2906 Primam
1216 2856 1308 2905 literam

245 2921 344 2984 Sicipse
354 2928 429 2968 nuder
436 2918 469 2967 A.
480 2919 598 2978 l,28.42.
614 2920 696 2969 Nolim
706 2937 761 2985 ergo
792 2923 905 2986 absorpsit
916 2921 990 2970 linaiis
1001 2926 1039 2968 τοῦ
1064 2937 1101 2981 ue,
1113 2930 1140 2970 ut
1154 2921 1248 2985 soepein
1264 2921 1309 2970 hoc

246 2983 464 3047 salamanca:
481 2983 570 3032 restitui
579 2986 701 3047 paraclite
717 3002 761 3050 pro
793 2985 1032 3036 etsimilibusrerbis.
1049 2938 1120 3034 ilar.
1153 2985 1306 3048 Bichlor.

246 3047 368 3114 quoBud.
376 3049 485 3112 pertulit.
511 3047 570 3097 Eur.
580 3058 695 3112 receperat
702 3065 760 3114 per-
793 3052 950 3114 traiectisque
974 3051 1159 3114 accipimusque.
1192 3048 1238 3098 sen
1263 3049 1307 3097 iste

245 3115 312 3161 eutr.
748 3162 755 3173 ,
793 3115 1092 3178 geminatioccnjunctionis
1102 3114 1229 3164 vixnostro
1237 3115 1306 3161 estin

285 3181 317 3227 P.
335 3178 450 3226 Sabinum
466 3178 583 3225 Praeterii
599 3178 758 3243 Praefectum]
792 3196 851 3228 usu:
874 3181 996 3238 tradentis,
1012 3181 1142 3238 tuleratis,
1159 3176 1254 3243 perinde
1265 3187 1305 3226 est.

245 3242 301 3292 via
313 3242 379 3304 Ilipa.
387 3243 418 3292 ad
429 3243 453 3302 2,
464 3243 503 3292 92·
520 3243 594 3290 Euri.
793 3243 854 3292 Mox
865 3244 928 3292 Bud.
941 3246 1006 3300 iniit,
1016 3246 1126 3308 ejuroml.

286 3309 365 3357 Suum
382 3309 485 3355 dolorem
506 3307 670 3371 prqfcrelont]
693 3305 718 3355 h.
738 3323 758 3355 e.
825 3309 928 3418 Rosiuall
943 3307 981 3356 Sic
992 3307 1063 3356 MSS
1076 3308 1139 3357 Plor.
1151 3306 1213 3356 Bud.
1226 3305 1306 3355 Guelf.

245 3388 316 3436 quem
331 3387 360 3421 ex
376 3369 468 3433 iniuriis
478 3371 576 3420 Caeciuae
591 3371 699 3434 privatim
715 3387 760 3435 pu·
793 3371 844 3420 edd.
860 3387 895 3436 pr.
930 3372 1000 3419 uteol.
1011 3372 1072 3420 unde
1082 3372 1178 3420 restitui.
1212 3369 1306 3417 Primus

242 3437 350 3502 bliccqua
359 3444 472 3500 ceperant.
489 3437 555 3485 lium
565 3449 619 3483 arm
629 3435 687 3484 alias
697 3450 760 3497 pres·
793 3433 921 3484 Beroaldus
937 3434 1008 3484 edidit
1022 3437 1130 3495 Roscius,
1147 3449 1193 3485 non
1210 3449 1223 3482 e
1241 3434 1306 3481 libris

245 3501 334 3561 suseut,
352 3515 424 3560 nunc,
437 3503 482 3548 sub
499 3500 541 3549 illa
554 3500 637 3563 specie,
654 3499 758 3548 edebant.
792 3497 1307 3563 scriptis(namhoslibrosnoneMSS.edi·
1382 3558 1386 3563 .

246 3565 323 3628 lginrr
332 3565 431 3629 graviter
440 3565 525 3614 invecti
534 3565 560 3612 in
568 3565 700 3612 Cacinanrr
712 3579 759 3612 non
790 3563 836 3625 dit)
848 3563 889 3612 sed
896 3579 949 3612 casu
960 3579 987 3612 sc
997 3563 1052 3612 vitio
1062 3577 1192 3627 emtarum,
1204 3562 1267 3626 quod
1277 3563 1308 3610 alr

246 3629 345 3689 Vitellii,
364 3629 405 3678 sed
422 3629 470 3678 suis
487 3628 578 3691 injuriis
595 3628 688 3678 incensi.
720 3627 759 3678 Sic
792 3623 1161 3678 AlciatcetRhenauoserrsnrm
1171 3637 1308 3682 attentare.

246 3693 329 3741 Livius
339 3694 365 3751 7,
375 3692 414 3742 al.
426 3708 489 3742 aare
497 3695 603 3757 priuata
613 3695 639 3740 lu
649 3695 759 3742 artemi-
793 3695 862 3742 Rosa
879 3701 902 3740 et
918 3695 1000 3742 Rerrit
1016 3702 1139 3741 namnum
1159 3693 1183 3740 in
1205 3693 1307 3754 antiquis

245 3757 761 3820 nuuspalacmmpetaerequodforaae
792 3758 962 3808 monumentis:
980 3757 1084 3809 sedlibri
1094 3757 1208 3806 audiendi.
1242 3755 1308 3804 Illud

246 3820 343 3869 Tacitus
349 3821 498 3870 inritatusest
509 3822 580 3871 Bau.
592 3820 759 3881 Ouadata
792 3822 963 3870 autemuollem
970 3821 1187 3886 factumallycltio,
1196 3821 1309 3871 uteMS.

277 3889 306 3934 Ia
316 3888 380 3934 enlm
390 3887 416 3932 iu
427 3887 502 3934 boum
513 3887 612 3935 Coecinae
625 3888 758 3950 repererat]
793 3888 850 3949 Agr.
867 3886 943 3936 edera
959 3887 1068 3947 neam,
1084 3902 1137 3950 qua
1152 3887 1264 3950 scriptura
1279 3886 1308 3940 li,-

247 3950 343 4014 Prcpric
353 3950 402 3998 dies
410 3949 452 3998 ille
461 3964 508 3998 non
518 3950 668 4014 superantia
682 3951 760 3999 locum
792 3950 867 3998 braric
876 3951 980 4011 debetur,
991 3951 1028 3999 vel
1042 3965 1125 4000 nomen
1136 3951 1215 4000 minus
1225 3960 1308 3999 notum

247 4014 351 4070 Cacinre.
363 4013 404 4064 sed
414 4030 427 4062 e
437 4015 557 4063 consulatu
568 4013 674 4063 Caecina.
690 4014 760 4063 Unde
791 4015 817 4072 in
832 4012 909 4062 nodus
922 4023 1075 4076 materiante,
1086 4017 1123 4064 vel
1138 4015 1308 4079 pronunciatio·

246 4094 346 4142 pronum
357 4079 475 4143 suspicari,
485 4081 554 4127 verm
565 4080 591 4125 tu
599 4079 676 4127 neam
685 4081 769 4142 Caci-2
792 4093 847 4128 nem
863 4094 911 4128 susa
921 4079 994 4127 atatis
1003 4087 1119 4144 sequente,
1135 4089 1162 4128 ut
1172 4081 1196 4128 in
1210 4093 1306 4136 scaeuur,

246 4144 403 4201 uoe,esseloco
410 4154 482 4203 mota,
489 4152 512 4190 et
519 4142 637 4206 postdiern
646 4142 760 4206 ponenda,
793 4146 896 4202 ecoeulre,
915 4151 938 4190 et
948 4143 1049 4192 aliisalii
1065 4161 1107 4208 pro
1118 4159 1203 4202 meur,
1216 4144 1307 4190 saevire.

246 4208 303 4264 sive,
322 4216 374 4269 post
392 4215 520 4268 supererat.
554 4207 634 4256 Placet
650 4207 761 4256 Mallem.
795 4207 951 4272 Glandorpius
975 4209 1054 4258 laudat
1075 4209 1115 4256 ille
1133 4206 1228 4270 quidem
1251 4205 1307 4254 hinc

246 4269 379 4334 vulgatum
403 4272 438 4319 sic
457 4271 637 4335 explicandum:
663 4271 762 4320 isenim
794 4273 894 4326 ,limetur
905 4273 1022 4334 Regulus,
1039 4273 1080 4324 sed
1095 4286 1141 4320 non
1157 4270 1257 4327 elibris,
1269 4283 1310 4315 vc-

246 4333 296 4382 dies
306 4344 422 4398 supererat
429 4335 514 4384 volenti
524 4335 642 4385 sumedue
649 4336 674 4384 in
684 4337 763 4384 locum
795 4351 848 4384 rum
859 4352 872 4386 e
882 4338 1021 4397 conjectura,
1036 4346 1063 4384 ut
1079 4336 1104 4382 in
1121 4335 1178 4382 aliis.
1213 4331 1268 4381 vin
1280 4331 1310 4380 ad

248 4398 336 4451 Caes.
347 4397 430 4462 siquis
439 4399 584 4449 sufficientius
593 4400 764 4450 Caecinal'oret.
797 4401 863 4448 Ann.
876 4400 915 4460 ll,
926 4401 965 4446 35.
982 4401 1052 4449 Enu-
1272 4433 1279 4438 -

249 4461 320 4513 Eun.
833 4465 966 4527 Nunquam
974 4464 1053 4524 autea]
1072 4460 1314 4522 Vertraninscorrige·

290 4522 431 4595 vocnt.
1126 4545 1146 4589 o
