3059 4975
210 236 269 295 288
597 236 901 296 HISTORIARUM
1110 238 1153 310 [s.
1169 255 1199 295 u.
1213 238 1283 295 824.

210 412 440 485 prosperarent,
463 400 613 487 sedesque
633 425 714 478 suas,
733 400 848 487 pietate
867 398 1029 466 hominum
1051 399 1219 478 inchoatas,
1234 400 1282 465 di-

211 484 282 547 vina
305 508 365 571 ope
388 485 609 561 adtollerent;”
640 488 744 563 vittae,
768 486 839 573 quis
862 486 977 573 ligatus
999 484 1089 573 lapis,
1113 484 1287 573 innexique

209 569 301 634 funes
314 588 412 649 erant,
427 572 567 657 contigit.
612 572 711 637 Simul
726 572 820 635 ceteri
832 572 1038 658 Magistratus
1052 587 1084 635 et
1099 573 1281 637 Sacerdotes

210 670 242 719 et
258 657 390 721 Senatus
404 667 435 719 et
452 658 557 743 Eques
578 671 609 721 et
624 680 737 743 magna
751 680 824 743 pars
845 656 967 745 populi,
986 656 1091 721 studio
1107 657 1280 744 laetitiaque

208 740 343 818 connixi,
355 764 464 807 saxum
476 742 586 842 ingens
597 756 734 807 traxere:
752 742 929 842 passimque
938 741 1061 829 injectae
1070 743 1280 809 fundamentis

208 826 329 911 argenti
339 828 471 913 aurique
482 844 576 915 stipes
585 842 616 891 et
627 828 823 892 metallorum
832 829 990 914 primitiae,
999 827 1093 891 nullis
1102 829 1279 893 fornacibus

209 912 310 990 victae,
326 912 381 977 sed
400 930 436 977 ut
450 912 635 999 gignuntur.
681 914 860 979 Praedixere
876 912 1080 999 Haruspices,
1095 938 1134 978 ne
1149 929 1278 978 temera-

208 1009 295 1061 retur
308 1021 388 1085 opus
405 1022 480 1063 saxo
494 1022 621 1076 aurove,
636 999 669 1062 in
683 998 770 1063 aliud
784 999 946 1065 destinato.
991 999 1142 1064 Altitudo
1155 1000 1278 1065 oedibus

207 1082 337 1171 adjecta.
382 1084 422 1149 Id
436 1084 536 1149 solum
558 1085 665 1171 religio
678 1084 835 1149 adnuere:
859 1097 891 1149 et
905 1085 1017 1171 prioris
1031 1086 1139 1173 templi
1158 1086 1278 1172 rnagni-

207 1168 338 1234 ficentiae
353 1170 488 1235 defuisse
501 1170 663 1235 creditum.
722 1172 726 1179 '
947 1196 951 1201 ⁴

249 1254 339 1321 LIV.
365 1254 487 1321 Audita
500 1254 624 1319 interim
645 1277 702 1343 per
718 1252 837 1319 Gallias
853 1253 1101 1354 Germaniasque
1119 1280 1202 1321 mors
1217 1258 1276 1323 Vi-

207 1340 283 1404 tellii
297 1340 509 1427 duplicaverat
519 1339 646 1404 bellurn.
669 1342 753 1405 Nam
766 1338 886 1418 Civilis,
896 1338 1009 1403 omissa
1021 1340 1276 1421 dissimulatione,

206 1426 240 1489 in
261 1425 420 1512 Populum
446 1426 626 1489 Romanum
651 1448 751 1490 ruere.
795 1425 974 1492 Vitellianae
991 1424 1129 1523 legiones
1149 1427 1196 1491 vel
1214 1450 1276 1491 ex-

206 1522 331 1574 ternum
354 1511 524 1590 servitium,
548 1534 644 1611 quam
664 1512 888 1599 Imperatorem
908 1511 1149 1598 Vespasianum,
1173 1512 1274 1578 malle.

207 1594 293 1660 Galli
312 1594 500 1663 sustulerant
514 1620 643 1675 ammos,
658 1598 788 1663 eandem
810 1598 928 1685 ubique
942 1597 1135 1682 exercituum
1156 1613 1276 1665 nostro-

205 1704 277 1745 rum
298 1682 458 1747 fortunam
479 1682 554 1747 rati:
579 1680 708 1770 vulgato
721 1705 857 1763 rumore,
881 1690 904 1721 “
917 1706 937 1745 a
952 1683 1100 1748 Sarmatis
1115 1684 1274 1771 Dacisque

206 1766 338 1833 Moesica
348 1792 384 1833 ac
395 1768 575 1833 Pannonica
588 1770 718 1833 hiberna
732 1767 941 1833 circumsideri
951 1768 978 1831 θ’
999 1768 1088 1855 paria
1097 1769 1137 1833 de
1148 1769 1274 1835 Britan·

203 1852 256 1917 nia
269 1854 476 1940 fingebantur.
522 1854 584 1919 Sed
607 1853 684 1919 nihil
698 1876 801 1942 teque,
817 1877 913 1942 quarn
926 1853 1105 1918 incendium
1125 1854 1273 1943 capitolii,

204 1948 242 2003 ut
255 1939 348 2004 finem
359 1939 494 2027 Imperio
508 1940 613 2006 adesse
627 1939 799 2019 crederent,
812 1939 980 2027 inpulerat.
1014 1945 1035 1977 ‘⁴
1052 1940 1099 2004 Ca
1121 1952 1185 2005 tam
1199 1941 1273 2005 olim

204 2048 225 2089 a
239 2024 341 2091 Gallis
355 2027 481 2091 urbem:
506 2026 570 2104 sed,
588 2026 709 2113 integra
722 2028 746 2090 J
747 2025 814 2091 ovis
828 2026 911 2104 sede,
926 2024 1073 2089 mansisse
1089 1964 1273 2113 Ipmperium.

205 2108 308 2175 Fatali
329 2134 414 2176 nunc
427 2111 501 2198 igne
515 2112 639 2199 signum
654 2112 785 2176 coelestis
803 2112 858 2176 iroe
871 2111 990 2189 datum,
1007 2123 1039 2175 et
1052 2113 1273 2199 possessionem

204 2218 310 2260 rerum
334 2198 543 2262 humanarum
566 2197 783 2285 Transalpinis
804 2196 951 2283 gentibus
970 2197 1146 2283 portendi,”
1167 2222 1273 2284 super-

204 2281 329 2347 stitione
352 2306 434 2349 vana
458 2282 591 2349 Druidae
616 2284 776 2348 canebant.
822 2285 1057 2369 Incesseratque
1082 2282 1178 2361 fama,
1207 2285 1271 2368 pri-

203 2390 305 2433 mores
325 2368 512 2447 Galliarum,
533 2370 573 2435 ab
588 2369 713 2435 Othone
726 2369 877 2435 adversus
891 2366 1056 2435 Vitellium
1077 2369 1196 2447 missos,
1216 2391 1272 2432 an-

204 2463 332 2540 tequam
354 2454 387 2519 di
426 2455 602 2534 ederentur,
623 2456 787 2544 pepigisse,
813 2463 835 2495 “
855 2478 895 2520 ne
910 2454 1052 2520 deessent
1074 2454 1222 2534 libertati,
1246 2454 1272 2518 si

204 2540 365 2625 Populum
432 2564 559 2606 nmnum
579 2543 727 2606 continua
740 2541 895 2616 bellorum
914 2537 1052 2606 civilium
1073 2541 1167 2606 series
1180 2554 1213 2606 et
1226 2542 1274 2606 in·
1295 2594 1299 2601 .

204 2638 292 2720 terna
303 2624 385 2690 mala
398 2626 592 2713 fregissent.”
679 2691 680 2694 ,

186 2823 309 2873 dextram
324 2824 721 2886 malmundariensem.
794 2826 1099 2891 Dejtaaecredttmeta]
1130 2826 1186 2876 Non
1196 2828 1272 2887 credo,

203 2889 368 2938 Exlribeteum
377 2891 474 2938 Pediusi
485 2907 515 2940 ex
523 2907 604 2939 museo
613 2891 724 2939 Farneaio
754 2890 805 2940 hec
814 2891 844 2938 ad
854 2890 1006 2954 praecedentia
1015 2892 1148 2940 referendas
1166 2907 1221 2940 nam
1232 2893 1273 2941 illa

202 2961 226 3002 et
241 2953 357 3017 eleganter
372 2955 513 3004 delineatum
530 2955 659 3003 Morellius.
694 2956 723 3002 In
755 2956 785 3002 ad
801 2955 946 3002 altitudinem
964 2956 1038 3018 operis
1055 2966 1165 3020 spectem,
1182 2957 1226 3006 hoc
1243 2958 1273 3005 ad

202 3019 723 3069 nummisAntoniniPiiistaNuminaeodem
755 3021 856 3081 spatium
878 3028 960 3066 etam
988 3020 1107 3068 'ordinem
1139 3022 1195 3069 Non
1217 3023 1272 3069 satis

202 3081 295 3131 honoris
305 3085 436 3134 discrimine
446 3085 556 3143 sedentia,
566 3085 591 3131 in
602 3085 653 3131 aliis
661 3086 723 3146 ejus·
755 3085 882 3147 spatiosum
898 3091 962 3146 temp
972 3100 1013 3132 um
1029 3100 1079 3134 esse
1089 3085 1230 3144 credebatur,
1247 3088 1272 3134 in

202 3146 257 3194 dem
274 3149 380 3210 meiis
392 3150 448 3212 ipsis
463 3149 561 3212 propria
577 3149 721 3209 singulormr
756 3148 820 3211 quod
840 3157 906 3196 tanta
923 3164 984 3212 sepe
1004 3149 1127 3197 hominurn
1147 3151 1274 3199 multitado

202 3213 393 3324 distiti
408 3213 722 3340 {diddiildlll
755 3212 1273 3338 &districtistissima

202 3339 335 3404 Capitolini,
355 3341 426 3390 simili
444 3341 524 3389 ordine
537 3342 616 3389 locatae
629 3357 723 3403 compa·
754 3342 871 3400 credibile,
882 3342 916 3388 nil
926 3342 1028 3405 amplius
1038 3343 1067 3390 de
1078 3343 1225 3394 aedificatione
1234 3359 1272 3390 ca·

201 3413 258 3452 rent.
291 3407 365 3455 Plura
375 3406 440 3455 dabit
450 3421 479 3454 ex
496 3405 721 3454 TitietDomitiani
753 3405 829 3467 pitolii
845 3405 942 3461 dictum,
959 3407 1022 3454 unde
1033 3407 1183 3454 confirmatur
1196 3408 1273 3468 suspi-

201 3471 451 3536 nummisitemqueex
460 3471 548 3520 collatis
556 3471 721 3519 veterumlocis
754 3470 838 3530 cio,ab
853 3471 920 3518 initio
936 3471 1042 3520 indicata
1074 3471 1146 3518 Ean.
1179 3472 1272 3519 Ernesti

201 3534 292 3582 Eckhel
299 3536 324 3583 in
333 3537 414 3585 Doctr.
425 3537 451 3584 N
453 3538 485 3584 N.
496 3545 542 3584 vet.
553 3543 570 3582 t.
582 3536 606 3584 6.
617 3551 641 3598 p.
653 3536 708 3585 327.
754 3544 854 3582 servarat
864 3534 903 3582 bic
913 3538 997 3584 verba:
1014 3551 1059 3598 qno
1069 3541 1135 3583 tanta
1149 3537 1186 3582 nir
1195 3537 1272 3583 homi-

168 3609 170 3614 ’
236 3602 479 3666 Quisligalaslopls]
496 3600 610 3650 SicFlor.
634 3599 687 3647 Alii
698 3609 722 3647 et
754 3615 812 3646 nam
828 3602 1020 3648 retinendoerot.
1053 3600 1099 3648 Sed
1114 3600 1271 3662 rectiusadc.

199 3661 363 3724 Budqaibar.
705 3705 707 3710 ,
753 3665 793 3712 46.
804 3664 950 3719 referuntur3
967 3664 992 3711 id
1003 3665 1094 3727 respice.
1121 3664 1207 3712 Paullo
1217 3674 1271 3713 ante

233 3729 320 3776 Nullis
329 3732 469 3791 fornacibus
481 3731 561 3793 victa]
597 3731 668 3776 Vtere
678 3743 721 3791 pro
754 3729 817 3776 Bud.
824 3730 942 3790 prirnorir
950 3730 1038 3789 templi.
1054 3729 1093 3776 De
1100 3729 1272 3792 magnificentia

200 3797 285 3839 0octae=
303 3807 358 3842 narn
374 3796 434 3858 ignis
445 3797 560 3858 eleganter
571 3792 655 3841 dicitur
666 3796 719 3840 nia·
752 3794 803 3854 eJ‘us
813 3794 864 3839 fuse
873 3793 941 3840 Bmt.
950 3792 975 3838 in
986 3793 1040 3840 edit.
1047 3794 1142 3854 majore.

200 3870 324 3920 ceraque
338 3858 431 3908 duriora
444 3858 593 3921 suntetigni
607 3857 648 3904 diu
665 3860 720 3906 resi-
790 3858 833 3905 Vel
857 3858 993 3921 rammam]
1031 3861 1074 3906 Vel
1099 3858 1187 3908 habent
1207 3859 1270 3907 Flor.

200 3928 272 3969 stunt.
306 3921 396 3972 Deinde
411 3933 456 3986 pro·
471 3931 498 3972 nt
511 3925 650 3986 gignantur
663 3922 719 3970 MS.
752 3923 813 3985 Agr.
834 3921 912 3969 Guelf.
931 3921 967 3969 ed.
984 3937 1019 3985 pr.
1036 3923 1128 3971 Puteol.
1144 3925 1198 3983 Ber.
1215 3923 1270 3971 Alc.

199 3986 220 4034 F
221 3985 265 4032 lor.
275 3985 310 4032 ed
322 4001 358 4049 pr.
369 3994 397 4033 at
408 3991 545 4050 signantur,
558 3988 613 4036 MS.
625 3986 684 4050 Agr.
696 3995 719 4036 ct
752 3985 864 4034 Restituit
870 3986 980 4035 Picbcna.
998 3987 1082 4036 Paullo
1088 3997 1199 4051 postcom
1206 3987 1270 4050 Ryc-

198 4052 331 4111 signanter,
351 4051 414 4114 quod
432 4067 478 4098 non
497 4053 602 4116 displicet
619 4052 718 4116 Rycldo,
750 4051 790 4099 laio
801 4061 824 4099 et
834 4051 861 4098 J.
870 4052 972 4100 Gronov.
983 4055 1057 4116 recepi
1063 4055 1143 4115 finem
1153 4054 1270 4112 Imperio,

199 4115 240 4162 sed
261 4124 288 4163 ut
310 4131 363 4164 cum
387 4117 535 4178 sequentibus
557 4117 718 4178 conjungatur,
750 4133 793 4180 pro
812 4118 923 4177 Imperii,
945 4118 1009 4180 quod
1030 4126 1054 4164 et
1076 4117 1111 4164 ed.
1133 4131 1168 4178 pr·
1189 4117 1268 4164 habet·

199 4179 379 4244 sitquediscric.
414 4181 545 4242 Vulgarum
557 4195 637 4228 verum
651 4190 718 4243 puto,
751 4182 823 4228 linit.
856 4181 969 4228 Budvel
982 4188 1120 4229 amomum.
1152 4180 1219 4229 Istud
1234 4182 1272 4227 acl

198 4244 241 4291 etsi
251 4243 276 4290 id
286 4246 405 4294 redundat.
424 4243 495 4292 Ean.
529 4243 584 4305 Bip.
595 4245 719 4307 preferant
751 4247 777 4292 in
794 4245 912 4308 Lipsiauis
930 4245 1048 4293 omissum.
1081 4247 1188 4307 Imperio
1206 4245 1269 4293 Flor.

198 4315 226 4355 at
242 4310 378 4370 signantur,
397 4309 471 4358 sciLa
486 4316 570 4356 natura
580 4317 604 4355 et
620 4308 720 4371 insignes
752 4311 813 4372 Agr.
831 4310 871 4357 sed
889 4309 957 4367 Bud.¹
974 4312 1085 4372 Imperii.
1124 4310 1187 4358 Mox
1205 4309 1269 4358 idem

199 4381 260 4479 {unt
266 4373 312 4484 hlaq)
317 4375 425 4438 equidem
439 4372 568 4438 nuncapio.
586 4371 719 4452 Vulgarum
751 4389 832 4430 aaran
848 4377 978 4436 Vitelliam.
1009 4374 1071 4424 Dein
1082 4371 1238 4440 Agr-eoepit.

216 4449 258 4482 ene
313 4448 342 4486 et.
708 4469 710 4472 -
929 4475 933 4481 .
