3059 4975
215 252 274 312 254
600 240 905 303 HISTORIARUM
1115 245 1286 325 [tasas.

215 413 391 501 Statimque
408 409 512 477 accitis
528 410 635 477 Frisiis
654 407 891 495 (tramrhenana
907 428 985 493 geos
1003 412 1064 487 est)
1078 408 1214 475 duarum
1233 432 1284 475 co-

213 500 353 565 hortium
375 498 514 576 hiberna,
529 496 674 582 proxima
687 503 853 581 occupatu,
868 492 997 562 Oceano
1009 495 1171 583 inrumpit.
1215 498 1283 561 Nec

212 585 421 673 praeviderant
434 584 477 647 im
518 594 586 647 tum
607 582 744 646 hostium
763 578 893 654 militen
919 602 986 659 nec,
1009 580 1034 645 si
1056 582 1282 668 praevidissent,

212 672 287 737 satis
315 670 428 735 virium
457 606 518 733 nde
526 668 695 733 arcendum
724 680 799 731 erat
847 666 949 752 Capta
975 665 1072 753 igitur
1100 680 1132 732 et
1160 669 1282 755 direpta

210 770 328 821 castra:
352 757 426 821 dein
440 778 547 842 vagos,
562 768 593 819 et
607 754 692 841 pacis
715 752 810 817 modo
823 752 949 830 effusos,
963 750 1041 816 lixas
1062 754 1282 840 negotiatores-

210 866 275 929 que
290 846 450 909 Romanos
470 840 632 904 invadunt.
680 837 782 905 Simul
800 837 928 902 excidiis
942 837 1137 903 castellorum
1151 839 1280 903 inmine-

212 929 305 1003 bant3
329 952 401 1015 quae
419 952 439 993 a
453 926 613 991 Praefectis
627 926 803 991 cohortium
823 924 947 989 incensa
967 938 1052 1004 sunt,
1066 925 1141 1011 quia
1154 926 1281 989 defendi

210 1014 393 1100 nequibant.
438 1013 535 1101 Signa
548 1012 724 1099 vexillaque
737 1024 770 1075 et
783 1010 869 1095 quod
890 1009 1025 1075 militum
1044 1012 1075 1075 in
1091 1012 1279 1099 superiorem
1383 1040 1390 1060 ν

209 1100 320 1165 insulae
348 1110 469 1187 partem
497 1111 738 1196 congregantur,
767 1097 861 1159 Duce
886 1095 1041 1193 Aquillio,
1071 1097 1277 1185 Primipilari3

210 1207 322 1251 nomen
346 1186 445 1273 magis
467 1197 632 1261 exercitus,
658 1204 755 1269 quam
777 1182 885 1247 robur.
930 1184 1069 1269 Quippe,
1090 1184 1210 1249 viribus
1231 1208 1281 1248 co-

209 1271 348 1337 hortium
368 1271 522 1349 abductis,
537 1269 691 1346 Vitellius,
706 1292 723 1331 e
737 1266 887 1353 proximis
901 1267 1091 1333 Nerviorum
1108 1271 1281 1337 Gennano-

209 1380 345 1443 rumque
358 1358 457 1453 pagis,
475 1380 506 1420 se
530 1378 601 1419 nem
615 1378 782 1419 numerum
797 1353 891 1417 armis
904 1366 1098 1419 oneraverat.

253 1444 348 1507 XVI.
373 1442 492 1521 Civilis,
506 1380 581 1506 dolo
594 1440 800 1527 grassandum
813 1452 912 1518 ratus,
926 1439 1080 1504 incusavit
1095 1440 1178 1505 ultro
1193 1441 1279 1506 Proe-

207 1526 316 1606 sectos,
342 1535 363 1566 “
386 1528 474 1614 quod
498 1527 623 1592 castella
645 1526 861 1592 deseruissent.
907 1528 1043 1589 Secum
1066 1528 1203 1605 cohorte,
1226 1528 1279 1592 cui

206 1626 349 1698 praeerat,
361 1613 595 1679 Canninefatem
608 1613 781 1678 tumultum
792 1634 1058 1697 compressurum:
1074 1612 1119 1675 illi
1130 1637 1187 1676 sua
1196 1614 1280 1699 quis

205 1722 269 1783 que
282 1700 413 1764 hiberna
425 1702 628 1786 repeterent.”
662 1700 796 1763 Subesse
808 1696 953 1760 fraudem
966 1697 1103 1775 consilio,
1116 1712 1148 1761 et
1161 1699 1279 1785 disper-

205 1806 255 1849 sas
279 1786 421 1851 cohortes
443 1785 566 1850 facilius
589 1785 736 1872 opprimi,
766 1807 822 1848 nec
847 1782 1038 1847 Brinnonem
1060 1784 1183 1847 Ducem
1208 1786 1279 1871 ejus

204 2004 286 2053 tlroeus
304 2003 377 2052 Illum
386 2002 439 2052 vide
450 2002 626 2061 Subseeivor.2,
638 2004 661 2051 6.
679 2002 725 2052 Sed
756 2000 821 2049 Bud.
840 2001 978 2049 admutilato
994 2000 1071 2050 codice
1086 2004 1170 2060 turbat,
1189 2002 1275 2051 miscet

204 2069 273 2129 addo,
285 2069 356 2118 etiam
367 2068 455 2117 Grecis
471 2070 609 2117 levationem
623 2068 684 2115 hanc
700 2068 725 2115 in
757 2066 869 2115 Vitellius
879 2066 974 2129 quidem
990 2080 1036 2114 non
1050 2066 1152 2115 cohortes
1165 2068 1226 2131 ipsas
1237 2077 1278 2116 aut

205 2142 300 2195 acptum
314 2142 459 2197 usurpatam,
471 2134 530 2181 inter
541 2134 643 2181 solennia
655 2134 724 2207 Prin3
756 2130 859 2206 legiones
881 2145 961 2179 omnes
983 2147 995 2205 e
1014 2132 1141 2206 Germania
1162 2133 1279 2180 abduxits

204 2198 725 2322 dhiddtdffiiidillliduisslll
757 2196 1276 2324 tl.llamtt⁰¹2,tlt⁸,tt⁰t⁰t.trzttz

204 2328 238 2375 ἐπὶ
258 2329 349 2381 desidat
366 2327 428 2373 αὐτὸν
445 2327 561 2390 μιτάρσιον
573 2328 670 2393 ἄραντες,
688 2328 724 2373 sir-
756 2325 842 2372 traxit:
859 2324 884 2371 id
901 2333 943 2383 est,
954 2324 1014 2373 vires
1024 2325 1154 2373 cohortium
1165 2324 1273 2384 abduxit,

203 2492 299 2584 γορεύί..
314 2522 329 2566 r
342 2520 428 2584 tang..
442 2521 548 2578 aeaut,
564 2522 615 2582 ...ρ’
633 2521 722 2567 asma
755 2520 825 2579 rexit,
835 2522 914 2576 ratur,
927 2491 1186 2579 consttutionem,
1204 2523 1275 2569 vaer-

202 2591 247 2632 τῶν
254 2585 352 2638 ὑπηκόων
361 2585 472 2642 ἁπάντων,
484 2582 642 2637 retraetata·
654 2584 722 2630 ἆττί-
756 2584 803 2628 ltus
820 2592 862 2630 etc.
896 2583 987 2630 Eadem
1006 2587 1076 2632 verba
1094 2586 1179 2631 absunt
1191 2602 1206 2632 a
1218 2586 1273 2632 MS.

201 2649 244 2707 δας,
265 2648 324 2696 κατὰ
343 2649 369 2696 τὸ
389 2648 408 2692 iv
426 2648 510 2699 τούτοις
528 2648 653 2714 ἓπικςατοῦν
671 2646 721 2700 ἔθος.
756 2647 834 2694 Guelf.
845 2648 887 2710 qui
902 2647 997 2708 insuper
1007 2648 1078 2695 habet
1088 2650 1221 2707 modum,
1238 2665 1275 2697 re-

202 2713 353 2778 Gnropalstes
367 2712 397 2760 de
411 2710 491 2760 officiis
505 2711 609 2760 Aulaec.
628 2711 666 2766 17.
694 2711 721 2759 ‘0
754 2710 844 2774 fertque
862 2711 892 2758 ad
910 2727 1043 2760 arsnscram.
1076 2712 1122 2760 Ed.
1140 2729 1176 2776 pr.
1191 2716 1274 2776 quibas

202 2778 246 2832 νέος
263 2779 372 2830 βασιλεὺς
391 2777 424 2822 ἐπὶ
444 2777 571 2837 τκουταρίου
595 2775 721 2829 καθεσθεὶς,
755 2777 847 2822 viribus
863 2791 882 2822 c.
895 2776 1008 2823 adductis.
1043 2777 1134 2825 Puteol.
1149 2781 1235 2841 quippe
1251 2796 1272 2826 v.

201 2842 256 2888 ἔπαί
264 2861 311 2889 πται
324 2844 345 2896 ἐς
359 2841 423 2897 ὕψος.
456 2840 487 2888 In
497 2839 619 2904 Excerptis
627 2837 722 2902 Georgii
754 2855 775 2887 c.
786 2842 895 2888 mactis
905 2855 960 2888 cum
970 2857 1033 2905 seqq.
1043 2843 1155 2906 usquead
1165 2843 1275 2892 Rhenan.

202 2864 351 2970 Pachymerii
366 2907 391 2965 2,
409 2905 432 2954 t.
465 2899 625 2966 Imperatorio
642 2906 722 2966 clypco
754 2920 825 2968 quern
836 2905 904 2954 ceteri
915 2905 998 2954 deinde
1007 2907 1080 2954 secuti
1095 2918 1149 2956 sunt
1159 2909 1274 2973 usquead

202 2972 487 3033 §asidonaqallmpcrio
495 2972 635 3018 destinatur.
650 2969 721 3016 Adde
754 2969 821 3032 Irips.
831 2971 873 3034 qni
881 2969 1192 3034 ediditquodestintextu
1211 2974 1273 3021 Mox

201 3035 323 3085 Zosimum
350 3037 376 3098 3,
402 3037 425 3083 9.
444 3035 469 3082 in
494 3034 602 3083 electione
621 3033 720 3082 Juliani.
753 3049 796 3097 pro
802 3035 1010 3097 proximampr.
1015 3038 1114 3098 primis,
1122 3038 1272 3087 solennicon·

202 3099 279 3148 lares.
427 3124 429 3130 r
752 3099 849 3147 fusione.
866 3101 940 3148 Ena.

149 3203 152 3206 .
233 3168 351 3212 Proximo
367 3171 478 3228 occupato
492 3164 595 3227 Oceano]
629 3163 721 3226 hagam
791 3165 932 3212 Tumultam
942 3165 1143 3231 conpressorum]
1166 3167 1205 3216 Sic
1214 3170 1273 3216 bene

196 3231 311 3292 prosimu
330 3236 453 3290 occupata,
475 3229 566 3276 Oceano
588 3229 719 3289 irrumpit.-
753 3243 766 3276 e
781 3228 836 3277 MS
852 3229 916 3278 Bud.
934 3229 1006 3278 edidit
1023 3231 1101 3278 Rhen.
1119 3232 1151 3279 sic
1166 3240 1221 3280 ante
1234 3233 1271 3280 ed.

199 3293 344 3350 hacmente;
356 3302 383 3340 ut
392 3292 475 3340 Brinio
482 3292 582 3339 duarum
592 3292 721 3340 cohortium
753 3307 790 3354 pr.
807 3294 840 3342 sic
857 3295 914 3343 MS.
929 3294 991 3358 Reg.
1023 3295 1101 3343 Ceteri
1122 3304 1176 3343 ante
1194 3297 1272 3343 Rhen.

200 3367 282 3418 castra,
295 3374 348 3422 quoe
358 3357 458 3405 finitima
468 3356 667 3418 Canninefatibus,
679 3373 721 3420 per
753 3358 837 3406 dedere
858 3373 959 3422 oppress.
980 3359 1045 3423 quod
1065 3368 1100 3407 est
1121 3361 1190 3408 etin
1212 3360 1269 3407 MS.

200 3423 324 3473 Oceanum
334 3422 448 3486 irruperit.
472 3422 720 3485 Etaccedit‚quodin
754 3423 834 3471 Guelf.
868 3424 952 3471 Paullo
968 3431 1022 3486 post
1038 3423 1094 3472 MS.
1109 3425 1168 3488 Reg.
1185 3424 1220 3472 ed.
1234 3439 1269 3486 pr.

200 3487 263 3536 Flor.
275 3497 309 3536 est
316 3491 429 3550 proximo
438 3494 558 3549 occupata.
576 3487 652 3535 lars.
669 3487 718 3534 Re·
753 3489 835 3536 dacem
845 3503 893 3536 erse
903 3489 965 3547 belli,
973 3489 1013 3534 red
1022 3490 1132 3548 Civilem
1142 3492 1175 3536 eis
1182 3491 1270 3550 potuit.

200 3553 377 3616 cepitPichena.
389 3552 532 3616 Mssngr.
544 3550 631 3617 (Bud.)
640 3553 718 3600 Guelf.
753 3552 887 3616 Invulgata
896 3553 1157 3616 lectionecjmlanguet,
1166 3553 1190 3600 in
1198 3554 1272 3600 altera

196 3619 308 3678 proximo
319 3624 430 3680 occupata
444 3619 551 3666 Oceano.-
569 3616 605 3666 ed.
616 3632 652 3680 pr.
666 3631 721 3664 con·
752 3620 805 3676 σᾶμ’
838 3618 885 3666 uod
901 3617 1043 3676 sideleatnr,
1057 3620 1139 3664 ducem
1154 3633 1202 3665 erse
1218 3620 1271 3666 aeut

200 3682 270 3730 sentit
280 3696 334 3729 cum
343 3683 405 3730 Flor.
438 3683 526 3732 Oeterae
533 3681 718 3746 usqueadPich.
753 3635 900 3746 praetuierim.
918 3682 991 3730 Ean.
1019 3682 1271 3732 Budlevierroreta-

195 3748 309 3807 proximo
321 3753 430 3809 occupato
443 3749 540 3796 Oceano.
558 3748 630 3796 Enn-
648 3746 718 3795 Acid.
752 3750 845 3795 mamm
858 3747 928 3794 habet
942 3761 986 3807 pro
1002 3749 1142 3808 tumultum,
1157 3748 1199 3797 sed
1212 3750 1271 3798 bene

199 3810 292 3858 volebat
300 3825 346 3871 qua
353 3815 465 3872 prosimu
474 3819 597 3874 occupatu,
608 3819 631 3860 et
637 3810 720 3860 deinde
752 3827 947 3874 compressurum.

199 3876 297 3922 adscitis
315 3890 358 3938 pro
375 3879 462 3924 scottis.
496 3876 622 3925 Dotteville
639 3893 652 3924 e
669 3875 719 3923 cod.
792 3879 847 3926 Nec
858 3876 1017 3943 Brinnonem]
1050 3877 1106 3927 MS.
1115 3879 1177 3943 Agr.
1187 3877 1224 3927 ed.
1234 3893 1269 3940 pr.

200 3956 244 3990 suo
258 3939 299 3988 dat
313 3941 356 3986 ursi
371 3940 468 3989 hiberno
479 3943 593 4004 proatavo
608 3948 720 4004 occupata
752 3958 794 3990 occ
809 3944 855 3990 Br.
866 3957 914 3990 csse
926 3945 1020 3991 Ducem
1035 3945 1096 4004 seut,
1113 3947 1153 3992 sed
1168 3944 1270 3992 etaiam

202 4008 300 4056 Oceano.
752 4009 883 4069 sapatum
915 4007 978 4056 Mox
992 4010 1096 4068 indictis,
1108 4025 1158 4070 qua
1169 4008 1270 4054 orcada-

234 4071 432 4134 Cosigrcgaatur]
450 4069 495 4118 Ed
502 4087 538 4134 pr.
546 4073 720 4135 cmgregaboa-
753 4080 845 4131 verant,
857 4088 899 4136 pro
908 4074 1003 4120 indiciis
1012 4075 1187 4136 conjurationis,
1198 4085 1269 4132 quam

201 4144 251 4198 tur,
267 4151 314 4184 non
331 4134 399 4182 male.
422 4135 495 4182 Ean.
526 4139 559 4184 Ia
576 4141 721 4200 superiorem
754 4146 796 4186 etc.
824 4137 966 4185 VidadA.
979 4138 1002 4197 1,
1017 4139 1042 4185 4.
1074 4136 1269 4185 DeindeinMS.

200 4203 285 4253 imula
292 4208 394 4262 portem.
422 4199 461 4248 Sic
470 4198 547 4248 Rhen.
559 4216 572 4248 e
582 4201 645 4250 Bud.
657 4203 721 4265 prius
753 4201 833 4250 (laeli.
842 4204 912 4250 rerba
922 4203 1031 4263 propriis
1041 4204 1120 4249 camir
1130 4201 1155 4249 in
1165 4201 1270 4264 margine

200 4266 500 4329 {aemeriorctmporta
750 4276 806 4316 sunt
826 4283 841 4315 a
861 4281 935 4314 manu
956 4280 1001 4316 sea
1026 4267 1098 4317 Ena.
1131 4266 1195 4316 Bud.
1207 4266 1270 4319 male

237 4333 333 4380 Viribus
344 4331 475 4380 cohortium
484 4328 600 4392 obductis]
617 4331 686 4378 Bona
695 4340 718 4380 et
749 4336 800 4398 lpas
810 4347 853 4396 pro
862 4333 896 4380 eir
902 4333 991 4395 potuit.

201 4394 247 4442 fida
268 4395 335 4444 lectio
352 4411 366 4446 e
386 4395 458 4448 libris·
492 4395 588 4447 Frustra
609 4395 718 4446 Rheae
