3059 4975
219 255 280 312 aos
592 249 879 312 arsronranuu
1117 251 1203 325 [ιι.
1217 252 1286 309 aar.
1369 295 1375 308 ,

271 411 426 480 LXXII.
454 411 583 479 Cerialis
611 427 734 512 postero
754 413 806 478 die
827 413 979 511 coloniam
1005 413 1218 478 Treverorum
1240 412 1289 476 in·

222 523 347 590 gressus
374 512 431 580 est,
460 497 552 564 avido
579 498 676 564 milite
704 498 850 564 eruendae
877 499 1029 564 civitatis:
1066 507 1088 538 “
1114 500 1196 564 hanc
1223 521 1290 563 esse

224 585 361 663 Classici,
376 585 456 650 hanc
469 583 607 662 Tutoris,
622 585 772 671 patriam:
795 583 909 648 horum
924 584 1035 649 scelere
1049 584 1169 650 clausas
1181 607 1289 648 oaesas·

223 696 286 760 que
307 671 451 757 legiones.
495 669 581 747 Quid
604 682 726 734 tantum
748 670 935 734 Cremonam
959 671 1123 745 meruisse;
1152 693 1248 756 quam
1269 693 1288 732 e

223 758 342 846 gremio
357 756 455 821 ltaliae
468 769 601 853 raptam,
613 756 689 842 quia
700 755 795 820 unius
808 756 906 821 noctis
919 779 1038 820 moram
1051 756 1220 821 victoribus
1233 753 1289 818 ad-

224 843 353 909 tulerit?
399 845 487 907 Stare
501 864 533 906 ιιι
548 840 680 905 confinio
696 841 875 906 Germaniae
886 843 951 906 inte
1054 841 1167 915 sedem,
1183 839 1288 927 spoliis

224 928 416 994 exercituum
430 939 462 991 et
474 929 603 992 Ducum
617 927 755 992 caedibus
768 939 921 992 ovantem.
992 928 1168 1014 adigeretur
1181 927 1289 1023 pracda

224 1016 256 1080 in
270 1016 397 1080 fiscum:
421 1012 495 1100 ipsis
517 1012 656 1078 sufficere
669 1013 756 1100 ignes
771 1026 803 1077 et
815 1013 937 1078 rebellis
950 1014 1078 1078 coloniae
1091 1014 1206 1091 ruinas,
1219 1033 1289 1112 qur·
1396 1049 1398 1055 ·

222 1101 283 1166 bus
298 1112 345 1164 tot
358 1113 531 1164 castrorum
545 1098 664 1162 excidia
677 1100 909 1185 pensarentur.”
953 1097 1093 1178 Cerialis,
1107 1123 1127 1163 a
1140 1110 1225 1163 metu
1241 1119 1290 1160 rn-

222 1186 336 1266 famia,
346 1185 371 1250 i
381 1185 504 1250 licentia
514 1183 693 1270 saevitiaque
703 1184 831 1247 inbuere
841 1184 970 1249 militem
981 1184 1169 1264 crederetur,
1180 1177 1292 1272 pressit

224 1272 302 1338 iras:
326 1285 357 1336 et
370 1292 511 1358 paruere,
526 1268 627 1354 posito
640 1267 755 1334 civium
776 1268 869 1347 bello,
884 1269 925 1333 ad
939 1280 1066 1333 externa
1080 1270 1291 1334 modestiores.

186 1413 190 1422 .
226 1357 389 1423 Convertit
410 1354 482 1418 inde
501 1353 619 1418 animos
641 1355 809 1420 accitarum
826 1377 844 1419 e
865 1353 1109 1418 Mediomatricis
1130 1354 1289 1440 legionum

226 1440 407 1506 nriserabilis
433 1439 607 1528 adspectus.
653 1440 784 1506 Stabant
812 1439 996 1504 conscientia
1022 1439 1131 1526 flagitii
1159 1453 1289 1519 moestae,

226 1528 297 1592 fixis
320 1527 354 1590 in
378 1539 493 1590 terram
517 1525 622 1591 oculis.
667 1525 765 1591 Nulla
787 1525 868 1590 inter
881 1538 1026 1591 coeuntes
1046 1527 1199 1592 exereitus
1219 1548 1291 1589 ron-

227 1612 388 1678 salutatio:
420 1634 522 1699 neque
546 1611 716 1676 solantibus
738 1612 971 1676 hortantibusve
995 1635 1142 1698 responsa
1162 1610 1290 1689 dabant,

226 1698 326 1764 abditi
347 1721 403 1784 per
417 1699 548 1763 tentoria
563 1709 595 1761 et
607 1697 709 1762 lucem
732 1697 831 1784 ipsam
845 1698 994 1762 vitantes:
1018 1720 1074 1761 nec
1095 1696 1223 1783 perinde
1236 1720 1291 1782 pe-

226 1783 362 1848 riculum
380 1795 436 1848 aut
453 1796 565 1860 metus,
586 1806 679 1870 quam
700 1783 805 1870 pudor
816 1807 853 1846 ac
865 1782 1011 1861 dedecus,
1026 1783 1291 1870 obstupefecerat:

228 1867 375 1936 adtonitis
388 1870 482 1934 etiam
496 1869 675 1947 victoribus,
690 1868 745 1956 qui
759 1891 866 1932 vocem
885 1891 1053 1955 precesque
1067 1868 1215 1932 adhibere
1229 1891 1292 1932 non

228 1956 308 2034 ausi,
330 1955 464 2020 lacrimis
483 1979 520 2020 ac
542 1954 662 2020 silentio
681 1955 804 2018 veniam
832 1955 1017 2052 poscebant:
1046 1953 1144 2018 donec
1164 1953 1293 2017 Cerialis

229 2041 379 2106 mulceret
396 2041 525 2122 animos,
548 2048 571 2080 “
584 2041 650 2105 fato
664 2042 753 2105 acta”
768 2041 923 2118 dictitans,
946 2048 969 2078 “
983 2063 1056 2126 quae
1074 2039 1209 2104 militum
1222 2041 1294 2103 Du-

230 2125 365 2214 cumque
380 2127 544 2206 discordia,
558 2127 608 2190 vel
629 2125 740 2190 fraude
760 2126 907 2201 hostium,
925 2126 1106 2191 evenissent.
1150 2123 1293 2189 Primum

229 2212 319 2277 illum
344 2211 568 2299 stipendiorum
592 2223 624 2276 et
647 2212 828 2275 sacramenti
850 2211 933 2276 diem
958 2210 1123 2274 haberent:
1152 2210 1294 2297 priorum

229 2298 402 2364 facinorum
423 2321 524 2385 neque
544 2300 770 2385 Imperatorem
788 2318 890 2384 neque
903 2319 936 2361 se
954 2296 1155 2361 meminisse.”
1198 2298 1294 2361 Tunc

262 2512 380 2559 Eruenda
388 2511 505 2575 civitatis]
521 2510 537 2557 i.
546 2526 566 2559 e.
577 2508 681 2559 delenda
690 2508 745 2555 fun·
776 2508 834 2556 dum
842 2508 935 2557 curavit
952 2508 1015 2584 quod
1023 2508 1295 2558 imitatusestBroterius

229 2576 298 2623 ditus.
314 2577 424 2623 sumtum
439 2574 570 2637 evigilo,
587 2574 643 2621 AEn.
656 2575 679 2632 2,
691 2573 748 2619 611.
775 2572 904 2632 (etherii).
930 2572 1140 2621 Emmaliislocis
1152 2574 1295 2622 substantivo

231 2640 287 2687 612.
299 2646 415 2700 totamque
431 2639 459 2684 ab
474 2639 565 2685 sedibus
581 2638 661 2684 urbem
677 2638 749 2683 enta.
777 2651 820 2698 pro
833 2636 945 2696 adjectivo
960 2636 996 2683 uti
1011 2636 1130 2694 Tacitum,
1147 2645 1175 2685 ut
1191 2639 1298 2699 Canum

231 2704 303 2753 Ena.
777 2701 879 2756 Marta,
888 2698 998 2759 vidimus,
1009 2709 1033 2748 et
1041 2700 1146 2748 librarios
1156 2700 1297 2762 adjectivum

265 2769 407 2832 Hauserat]
432 2765 610 2816 Bud.Aorsee.
729 2778 732 2791 ·
777 2764 919 2812 subsituisse.
934 2763 1006 2812 Earv.
1038 2764 1120 2828 Vulgo
1130 2767 1204 2813 aaut.

273 2834 431 2893 Redlgeretar
443 2832 526 2894 prada
545 2834 571 2879 tn
581 2828 682 2897 staram]
709 2829 748 2877 Sic
812 2828 981 2891 Cmuolatatio]
1004 2828 1067 2877 Bud
1079 2828 1296 2878 malecomottatto.

233 2900 296 2947 Flor.
308 2896 372 2945 Bud.
386 2896 539 2959 Agnedpr.
554 2895 600 2944 nisi
610 2894 674 2959 quod
684 2894 748 2943 Flor.
778 2892 1141 2958 Moxprotndautsaepeuin.
1165 2895 1296 2944 Priusood.

232 2964 366 3024 redigetur.
392 2960 455 3009 Edd.
465 2960 556 3009 Puteal.
568 2968 592 3009 et
602 2969 683 3019 ceterae
694 2966 748 3007 ante
778 2960 837 3021 Agr.
849 2960 933 3017 mett,
944 2959 1011 3016 bene,
1022 2966 1049 3005 ut
1060 2973 1115 3005 mox
1127 2960 1209 3007 abditi.

233 3028 361 3075 Pichenam
372 3028 488 3087 redigeret
494 3026 602 3087 pedam
616 3026 642 3071 ιἰι
652 3025 677 3085 s.
688 3031 716 3069 ut
726 3029 749 3071 et
813 3023 1089 3086 Qutvoeemprecaquc]
1115 3022 1224 3071 Muretus
1234 3025 1297 3073 dele-

234 3093 313 3140 Gnelf.
335 3092 407 3139 Enrv.
439 3089 502 3138 Bud.
514 3088 593 3137 vitiose
603 3089 749 3147 redigeretur
779 3096 831 3135 tum
852 3087 872 3133 it
893 3088 949 3148 qai:
975 3086 1097 3134 Acidalius
1119 3088 1211 3155 corrigit
1232 3093 1296 3150 quta.

228 3158 344 3219 padam.
547 3158 550 3163 '
596 3158 600 3165 '
637 3170 639 3175 ’
677 3156 682 3164 ’
779 3149 1297 3215 Ryclriusoccurritsimtintaprmetionem

269 3222 445 3268 Cerialirmetu
458 3218 565 3279 infamiae
606 3214 750 3279 vulgariter
780 3224 872 3263 mutate
896 3217 1083 3279 obawpefieerat,
1102 3219 1209 3264 attonitis
1225 3220 1297 3265 etlam

234 3284 309 3342 Bud.)
322 3285 423 3333 Cerialis
433 3298 447 3329 a
458 3288 529 3329 metu
577 3280 664 3328 ihivox
672 3279 753 3344 aliqua
781 3282 925 3327 aramum
946 3283 988 3342 qul
1005 3297 1027 3327 v.
1036 3297 1063 3343 p.
1074 3280 1204 3344 mfaaque
1218 3282 1243 3328 sl
1255 3286 1297 3343 qai

234 3346 345 3397 excidisse
359 3348 498 3407 videtne-et
511 3346 634 3395 alternasse
650 3358 749 3401 caumas,
779 3344 810 3391 ad
823 3345 997 3393 exercitumvel
1010 3344 1103 3392 milites.
1135 3345 1181 3393 Sed
1196 3345 1300 3408 sicque.

234 3423 261 3461 ut
277 3414 342 3473 solet,
361 3412 472 3461 Tacitusz
495 3413 596 3460 Cerialis
611 3416 702 3471 emptas
718 3424 750 3455 art
781 3409 1087 3473 quedurisrimastructura.
1113 3408 1298 3471 EgoMuretnm

234 3474 498 3541 awtaiosomioersive,
509 3474 749 3530 Ceriollrelementia
780 3488 872 3538 equor.
908 3476 956 3531 Qui
970 3472 1178 3521 temereetalienia
1191 3474 1247 3521 locis
1259 3475 1299 3521 in.

234 3549 348 3589 cometa:
364 3542 438 3589 lars.
467 3540 645 3603 Prepesitioest
654 3538 679 3586 in
687 3538 750 3585 Flor.
780 3547 872 3586 trumm
893 3553 940 3587 non
959 3552 1007 3585 nno
1025 3538 1074 3585 loco
1091 3536 1197 3585 vidimus.
1223 3538 1297 3593 Earr.

235 3606 321 3671 (Bud.)
330 3606 408 3654 Guelf.
418 3605 452 3653 ed.
462 3620 497 3667 pr.
508 3620 570 3668 seqq.
580 3612 633 3651 ante
641 3602 749 3665 Iripsium
780 3604 845 3651 Brst
864 3602 926 3649 hall.
959 3601 1093 3658 Dotteville,
1110 3600 1233 3663 augeam
1250 3619 1300 3651 ser·

233 3670 348 3717 omnibus.
375 3669 501 3732 Exempla,
513 3666 750 3733 quibusearndefen·
780 3676 844 3728 rant,
853 3667 947 3714 virtores
957 3664 1017 3729 ipsos
1028 3664 1119 3712 veniam
1129 3666 1301 3732 proistispeti·

234 3734 268 3782 dit
290 3735 423 3792 Salmasius,
443 3742 498 3782 sunt
514 3734 597 3781 aliens.
629 3732 675 3780 Sed
696 3739 750 3779 suut
780 3730 895 3792 isse,rati.
928 3730 983 3793 Bip.
993 3729 1107 3793 probabili
1121 3732 1298 3792 conjecturale-

232 3799 349 3862 permulta
369 3798 433 3860 apud
454 3798 550 3846 Livium
571 3798 660 3845 mensa.
694 3795 749 3844 virt
780 3805 840 3859 grint
858 3796 911 3857 quir
930 3809 973 3857 pro
992 3794 1082 3855 quibus,
1101 3794 1150 3843 scil.
1165 3795 1297 3845 victoribus.

233 3862 381 3911 virosdoctos
395 3862 426 3911 sd
439 3864 479 3923 at,
494 3864 533 3910 30.
546 3863 585 3919 26,
600 3863 620 3909 l.
632 3859 747 3924 etqniad
779 3863 875 3923 Sequor.
907 3858 1032 3921 Brulqal.

231 3928 309 3975 locum
327 3928 473 3990 posteriorem
489 3943 504 3975 a
518 3926 637 3975 Drakenb.
649 3925 747 3973 landan-
789 3960 793 3967 .
811 3928 876 3972 Fato
884 3931 938 3971 octa
948 3925 1073 3989 dictitam]
1099 3924 1197 3985 Vereor,
1206 3939 1237 3972 ns
1246 3924 1297 3973 Ta·

232 4001 278 4039 tur.
311 3992 342 4039 In
357 3991 399 4038 illo
414 3989 748 4053 lorodsfutditbenelaipa'us
780 3988 938 4038 dmsderluit
948 3990 1099 4052 fotosoetae
1115 3989 1297 4053 idqueestper.

232 4058 341 4106 adversus
355 4070 395 4104 eos
410 4055 489 4116 libros,
500 4056 542 4121 qui
556 4056 578 4105 ei
593 4052 750 4120 propositioni
780 4063 878 4119 petuam
895 4054 922 4101 in
939 4070 966 4102 ea
982 4055 1094 4102 scammis
1107 4054 1211 4101 verbum.
1243 4053 1295 4103 Cir.

231 4124 258 4169 ab
268 4121 444 4181 substitueram,
455 4136 509 4169 cum
519 4136 534 4167 o
544 4128 692 4197 propropter
701 4132 748 4167 non
782 4118 876 4178 Pium,
887 4119 1018 4180 harma
1026 4120 1083 4182 sato
1091 4119 1209 4181 meofim‘
1216 4118 1297 4195 dicam

232 4194 406 4299 utitur
433 4184 749 4312 {stlitibus
781 4180 1298 4311 tmmltiffitllt:

233 4321 278 4361 mm
289 4330 322 4362 m.
334 4317 379 4376 las.
751 4330 756 4349 ι
782 4312 845 4360 Item
860 4326 918 4358 mox
934 4312 1014 4360 vitiose
1024 4310 1077 4359 edd.
1086 4318 1140 4358 ante
1154 4311 1231 4361 Rhen-
1244 4314 1297 4359 tuo·

265 4380 348 4425 Posito
358 4381 447 4426 alvum
463 4379 532 4442 lello]
563 4378 660 4427 Cinium
675 4376 748 4425 MSS.
779 4392 835 4423 ram
850 4385 933 4439 prata
943 4376 1079 4440 priusque
1091 4375 1162 4425 habet
1173 4377 1249 4438 mom,
1267 4384 1295 4425 ut

232 4439 293 4487 Flor.
306 4441 368 4489 Bud.
379 4442 440 4506 Agr.
448 4441 484 4492 sd.
496 4459 531 4506 pr.
542 4443 605 4507 quod
615 4442 747 4507 sxprimen·
779 4441 893 4492 auueu
914 4442 987 4494 Ean.
1019 4440 1126 4491 usaue.
