3059 4975
241 251 299 308 352
532 244 566 302 C.
589 241 824 304 CORNELIUS
846 243 1026 304 ramnus

243 411 304 476 illis
327 411 395 474 haec
420 431 547 557 quopue
567 409 712 485 carmina,
739 431 875 495 quorum
902 360 1012 486 relatu,
1036 433 1132 496 quem
1154 412 1309 476 barritum

246 510 368 576 vocant,
391 517 482 559 accen
507 505 563 557 unt
581 495 709 572 animos,
729 495 908 579 futuraeque
924 517 1043 592 pugnae
1061 495 1220 561 fortunam
1242 498 1311 583 ipso

243 598 337 646 cantu
359 594 573 666 augurantur:
606 590 721 643 terrent
745 581 827 641 enim
854 581 1059 665 trepidantve,
1086 595 1180 668 prout
1206 585 1309 647 sonuit

243 669 332 733 acies.
389 666 457 731 Nec
485 677 547 728 tam
577 665 660 728 vocis
687 664 748 742 ille,
780 687 876 749 quarn
907 665 1038 743 virtutis,
1067 682 1234 732 concentus
1261 671 1307 731 vi-

243 754 343 818 detur.
374 751 577 816 .Adfectatur
595 751 752 835 praecipue
766 749 914 834 asperitas
937 751 1003 814 soni
1026 765 1058 816 et
1073 753 1207 817 fractum
1222 777 1308 821 mur-

243 861 325 918 mur,
347 837 476 924 objectis
497 836 538 898 ad
559 859 594 898 os
623 837 725 912 senne,
748 858 812 921 quo
836 835 957 921 plenior
977 847 1009 899 et
1030 838 1154 924 gravior
1174 862 1236 902 vox
1256 864 1306 903 re·

241 947 389 1011 percussu
409 922 600 985 intumescat.
647 921 793 985 Ceterum
808 934 840 984 et
862 927 882 959 ‘⁸
898 921 1077 1008 Ulyssem‚''
1098 924 1225 1011 quidam
1240 927 1306 1010 opi-

242 1021 366 1087 nantur,
398 1007 530 1093 “longo
552 1005 605 1069 illo
631 1021 661 1070 et
690 1006 832 1070 fabuloso
852 1029 955 1070 errore
979 1009 1012 1070 in
1041 1009 1124 1073 hunc
1146 1013 1304 1074 Oceanum

240 1095 388 1172 delatum,
407 1092 506 1156 adisse
528 1091 705 1155 Germaniae
724 1105 830 1168 terras,
847 1093 1145 1180 Asciburgiumque,
1167 1097 1252 1182 quod
1270 1097 1303 1160 in

240 1180 307 1267 ripa
323 1179 428 1245 Rheni
448 1179 541 1244 situm
557 1176 712 1263 hodieque
731 1177 885 1256 incolitur,
900 1178 940 1242 ab
960 1178 1013 1242 illo
1032 1181 1236 1245 constitutum
1250 1182 1307 1246 no-

238 1415 367 1464 ’lbracibus
375 1413 471 1475 aliisque
478 1410 580 1460 barbaris
588 1410 667 1468 fuisse,
676 1409 754 1457 notavi
785 1416 878 1457 crutam
888 1409 957 1468 dixit,
968 1411 1009 1458 sed
1024 1412 1070 1460 alio
1080 1425 1156 1470 sensu
1170 1421 1198 1459 ut
1208 1427 1303 1459 conun-

240 1481 269 1528 ad
285 1480 317 1525 Α.
331 1481 353 1533 4,
366 1479 404 1533 47.
423 1477 496 1524 Isins.
529 1475 661 1540 Antiquam
672 1474 754 1523 distin-
786 1477 1116 1535 rememoreramus.
1126 1477 1196 1525 Ean.
1210 1478 1303 1524 Mentis

241 1544 340 1592 ctionem
351 1544 463 1590 revocavit
474 1541 582 1587 Pichena
600 1541 672 1588 Ean.
785 1541 867 1601 probat
878 1539 979 1588 Colerus.
1261 1560 1265 1570 ·

241 1625 245 1630 ·
272 1604 505 1669 Baratrumvoemu]
519 1605 653 1652 ltaFarnes
665 1604 752 1661 etacio,
811 1605 1300 1668 Ulyaacmquidomssnterqueeosstrabo,

239 1673 329 1722 Bardos
337 1672 417 1720 Gallos
424 1670 496 1716 dictos
504 1677 604 1716 cantores
612 1668 660 1715 aive
668 1676 752 1730 poetas.
785 1667 864 1729 magni
875 1678 899 1714 et
914 1668 993 1716 directi
1006 1670 1088 1729 judicii
1102 1670 1204 1732 scriptor,
1221 1671 1261 1716 libr
1274 1672 1299 1727 3,

239 1738 322 1796 Placet
330 1745 406 1783 tamen
417 1748 479 1782 nunc
487 1733 562 1795 magis
571 1734 690 1780 baritum.-
703 1746 755 1795 qua
786 1731 1066 1794 p149.quiadfirmate
1083 1733 1160 1793 tradit,
1175 1734 1299 1796 [llysseam

237 1815 302 1849 mera
310 1815 354 1848 vox
362 1798 544 1861 nostras‚quibus
552 1799 661 1844 &renent
669 1799 752 1856 boren,
787 1795 913 1842 lusitania
922 1795 1102 1860 (Ulyasiponem
1112 1798 1178 1845 aliter
1188 1798 1299 1858 dicimus)

238 1867 345 1919 clamare,
362 1879 441 1912 rocem
457 1862 542 1910 tollere.
571 1861 665 1908 Errabit
680 1861 751 1920 enim,
785 1859 903 1907 Horret-ici
928 1861 1017 1924 Ulyssia
1041 1872 1219 1910 monumentum
1242 1878 1295 1910 csse.

237 1931 279 1994 qui
289 1933 318 1978 ab
333 1929 460 1991 elephantis
470 1925 557 1974 barritu
571 1924 675 1986 deducet,
693 1925 751 1973 Ger-
784 1923 830 1972 sal
846 1934 869 1972 ct
884 1925 909 1970 in
925 1927 1071 1973 Britanniam
1087 1942 1140 1974 enm
1157 1928 1252 1984 venisse,
1270 1942 1299 1974 cx
1315 1974 1326 1994 x

236 1995 312 2042 manis
319 2003 374 2041 tunc
385 1991 464 2056 ignmi
481 1991 633 2038 Althamerus
641 1993 752 2036 baritum
783 2003 823 2036 ara
832 1989 918 2036 Graecis
928 1989 1009 2038 litteris
1019 1991 1128 2054 iuscripta
1138 1992 1228 2054 collegit
1238 1991 1297 2038 Soli-

237 2059 315 2118 vellet,
325 2057 463 2106 Germanico
473 2055 528 2102 item
537 2056 612 2102 verbo.
629 2055 752 2117 Quidquid
784 2066 828 2100 uus
844 2069 864 2100 c.
875 2056 914 2100 25.
931 2055 1033 2118 itemque
1044 2055 1115 2104 Mela
1144 2056 1298 2102 Cuimiraeet

236 2123 266 2171 de
276 2123 369 2170 nomine
380 2122 417 2179 sit,
426 2118 637 2175 Ammianushunc
646 2119 751 2167 describit
783 2117 915 2165 blandiendi
922 2120 1052 2182 opinioniai
1062 2120 1217 2182 indulgemus,
1229 2120 1297 2182 quid-

236 2185 749 2248 16,12(30).clamoremfuisremuaimom,
784 2181 808 2227 ui
832 2182 957 2256 Ulyssinga
978 2194 1056 2231 nostra
1074 2185 1098 2231 in
1125 2185 1243 2241 Zelandia,
1268 2186 1298 2231 ab

234 2251 750 2377 attramentarium
782 2245 1297 2374 dimittimini&

233 2383 355 2429 extollitur
369 2382 490 2439 fluctuum
508 2378 610 2424 cautibus
626 2379 749 2424 illitorum.
782 2389 835 2421 rum
844 2386 909 2423 sunta
924 2377 1094 2440 quibustamen
1104 2376 1172 2424 hodie
1182 2391 1297 2424 nonnemo

236 2446 310 2493 lars.
344 2446 474 2492 Barditom
495 2442 563 2490 etiam
586 2441 640 2490 MS.
660 2443 748 2489 Arund.
782 2453 806 2485 ae
822 2448 920 2489 ostentat
935 2451 958 2489 et
976 2443 1085 2506 superbit.
1127 2441 1167 2489 Jo.
1184 2441 1296 2489 Brodaus

235 2510 284 2557 cod.
298 2509 377 2572 Kapp.
390 2512 419 2572 (s.
432 2508 467 2555 ed.
477 2508 548 2564 Nor.)
559 2507 634 2554 Ceteri
642 2506 695 2553 libri
702 2507 749 2554 mei
781 2503 830 2550 haec
841 2504 870 2551 de
881 2507 971 2568 Ulyssis
981 2523 1055 2555 errore
1066 2509 1091 2554 in
1103 2506 1260 2554 Miscellaueis
1269 2507 1294 2565 3,

234 2587 313 2621 omncs
324 2575 433 2619 ioricam.
467 2572 579 2617 Relatum
590 2580 655 2617 vocat
670 2570 749 2633 ipsum
781 2568 804 2612 4.
814 2569 869 2615 scite
874 2570 991 2630 coarguit:
1004 2572 1124 2628 Brodaeus,
1134 2572 1178 2629 vir,
1187 2571 1233 2618 sive
1241 2570 1295 2617 ado-

234 2646 338 2693 cantum,
349 2644 375 2683 nt
386 2642 459 2698 poeta
470 2636 558 2695 referre
565 2634 594 2679 de
602 2648 748 2695 quocumque
780 2630 866 2678 lescens
876 2634 960 2692 potius,
969 2634 1026 2680 acris
1034 2635 1126 2697 ingenii,
1136 2636 1201 2697 probi
1208 2633 1295 2695 judicii,

234 2717 316 2764 genere
332 2699 440 2747 orationis
456 2698 541 2744 dicunt.
560 2697 630 2744 Eun.
659 2698 749 2743 Bardi.
779 2692 883 2742 lectionis
893 2694 992 2755 diffusa,
1001 2714 1070 2761 quem
1078 2714 1125 2745 non
1136 2703 1211 2762 magis
1222 2700 1295 2747 in'orc

234 2776 286 2814 tum
297 2774 319 2814 et
335 2765 393 2813 liber
404 2761 513 2824 Artolphi
528 2777 545 2807 s.
564 2760 599 2807 ed.
618 2761 674 2809 Nor.
692 2760 747 2807 item
780 2758 849 2806 fama
859 2775 907 2807 esse
917 2760 994 2815 miror,
1007 2762 1079 2811 imino
1089 2764 1203 2825 indignor.
1221 2763 1294 2810 lars.

233 2832 268 2879 ed.
282 2831 351 2878 Rom.
381 2828 521 2876 Ammianus
538 2828 662 2885 barritum,
672 2826 712 2883 26,
725 2827 747 2880 7.
781 2823 841 2869 Mox
851 2827 927 2871 odisee
934 2835 989 2873 vett.
998 2827 1050 2874 edd.
1059 2843 1105 2875 non
1114 2830 1205 2875 adiisse.
1223 2829 1293 2875 Ean.

233 2902 256 2943 et
264 2895 304 2951 31,
314 2895 335 2949 7.
350 2902 372 2940 et
382 2892 462 2955 Veget.
480 2891 504 2949 3,
517 2890 553 2937 18.
564 2891 656 2937 habent.
676 2889 748 2937 Vero·
781 2887 847 2935 Mela
856 2890 917 2937 male
926 2889 965 2937 hic
974 2892 1064 2939 citatur.

232 2958 330 3008 similius
345 2959 415 3005 etiam
431 2956 493 3020 apud
508 2954 615 3001 Tacitum
632 2956 663 3002 sic
678 2954 748 3002 fuisse
813 2954 935 3015 Hodieque
946 2957 1069 3020 incolitur]
1083 2956 1137 3004 MS.
1150 2958 1228 3006 Turio.
1241 2957 1295 3008 odd.

232 3024 350 3087 scriptum.
367 3024 471 3084 Etymon
481 3020 602 3067 incertum.
612 3019 663 3066 Car.
674 3019 747 3065 Gottl.
781 3017 841 3080 Spir.
859 3019 949 3065 Puteal.
969 3020 1045 3081 Rbag.
1063 3023 1135 3068 bodie.
1153 3022 1223 3069 Ean.
1244 3022 1290 3068 nd

231 3090 319 3136 Anton.
327 3087 387 3134 notis
395 3086 423 3131 ad
430 3100 488 3133 uere.
499 3085 579 3131 Germ.
593 3082 668 3129 Taciti
676 3083 748 3130 libelli
781 3082 850 3128 Rom.
858 3092 881 3128 et
889 3082 947 3129 Nor.
955 3085 1011 3131 item
1020 3086 1097 3134 Rhen.
1105 3088 1220 3149 hodieque.
1237 3086 1292 3133 Mc-

231 3153 301 3200 ducat
316 3167 346 3199 ex
362 3152 487 3207 war-ned,
504 3147 567 3211 quod
583 3147 638 3193 belli
653 3155 747 3194 cantum
780 3145 849 3192 minit
855 3147 994 3208 Asciburgii
1002 3150 1137 3199 Marcianus
1148 3152 1291 3209 Heracleote,

232 3216 352 3278 significat.
397 3213 531 3261 Perizonius
552 3212 608 3274 legit
635 3213 746 3265 baritum,
779 3210 836 3256 item
847 3211 996 3270 Ptolemaeus,
1007 3215 1118 3263 licctloco
1128 3216 1209 3262 alieno.
1230 3216 1292 3262 Con.

231 3280 305 3345 quasi,
317 3295 331 3325 a
342 3280 403 3336 boor,
415 3279 480 3333 boor,
491 3291 596 3323 ursorum
608 3290 720 3323 murmur.
779 3276 849 3322 nain
865 3275 957 3323 Tabula
967 3277 1055 3326 'lbeod
1072 3281 1169 3327 occurrit
1184 3279 1215 3325 ad
1228 3280 1292 3327 Rhe·

265 3347 377 3392 Nectum
389 3356 451 3388 voces
462 3338 519 3400 tlte]
531 3340 569 3388 Sic
580 3340 635 3387 MS.
653 3341 712 3387 Tur.
725 3348 747 3388 et
779 3353 837 3385 num
854 3338 912 3387 inter
929 3342 1056 3391 Novesium
1072 3352 1096 3390 et
1111 3343 1203 3400 Vetera,
1225 3344 1293 3405 eique

232 3409 282 3458 cod.
293 3408 372 3471 Kapp.
383 3406 435 3455 edd.
449 3406 570 3468 Spirensis,
583 3404 656 3468 Pogg.
669 3405 745 3467 Rhag.
778 3403 898 3466 respondet
909 3403 977 3453 hodie
987 3408 1051 3455 vicus
1061 3408 1166 3468 Aeburg.
1186 3407 1223 3454 Sic
1236 3407 1291 3454 Oel-

231 3476 285 3521 Put
304 3474 395 3520 Bonou.
414 3471 468 3517 Ber.
484 3470 561 3517 Rhen.
577 3470 644 3517 1519.
662 3479 685 3516 at
695 3478 746 3531 post
778 3466 856 3522 larius,
868 3468 1006 3530 D'Anville,
1017 3472 1064 3519 alii
1080 3472 1167 3519 Contra
1174 3471 1199 3518 J.
1210 3472 1243 3518 H.
1252 3472 1292 3519 Μ.

229 3538 308 3594 edidit,
326 3544 427 3584 nectam
443 3537 503 3581 vocis
515 3536 569 3581 ille.-
588 3532 650 3596 quod
666 3548 746 3581 onmes
777 3532 871 3580 Ernesti
893 3533 917 3580 in
942 3534 1050 3584 hodierno
1071 3538 1203 3595 Essenberg
1219 3551 1292 3599 prope

229 3611 282 3650 ante
291 3602 417 3649 Pichenaru
425 3599 475 3647 edd.
485 3607 587 3646 servanti
604 3597 674 3661 idque
687 3614 745 3661 prae-
777 3594 842 3643 Mors
853 3598 935 3645 rectius
946 3601 1018 3662 quari
1028 3608 1140 3647 autumat.

230 3666 323 3725 ferrern,
335 3664 448 3712 sialibris
455 3663 591 3710 firmaretur.
603 3662 675 3709 Eun.
698 3663 744 3709 Ed.
809 3662 1011 3723 Nominatumqae
1027 3664 1172 3724 denaripym]
1191 3664 1246 3725 Vel,
1264 3676 1291 3714 ut

229 3732 300 3779 Rom.
318 3729 410 3777 etNor.
426 3729 553 3775 ooccsilloe.
581 3728 670 3774 Verum
687 3729 744 3774 mire
776 3725 910 3784 Rhenanus,
929 3728 1079 3794 icwuipyio:
1098 3729 1141 3775 etsi
1156 3732 1235 3778 abesse
1245 3746 1289 3778 vox

228 3795 348 3843 ‘blanditur
362 3794 429 3842 lectio
445 3792 608 3840 istaRhenani
625 3793 742 3851 doctrine,
775 3805 802 3836 ea
817 3798 900 3854 potest,
922 3790 1032 3838 incolumi
1053 3792 1128 3840 seniu.
1173 3795 1289 3843 Praecessit

229 3866 316 3923 quaet
327 3858 423 3905 Heinsio
438 3857 532 3931 placuit,
544 3857 585 3919 qui
600 3866 676 3903 tamen
690 3872 742 3918 per·
775 3854 844 3902 enim.
877 3857 913 3903 At
931 3855 984 3902 libri
1000 3856 1096 3920 quidam
1111 3858 1186 3921 magis
1201 3860 1239 3906 bic
1254 3860 1289 3906 di-

227 3938 308 3987 peram
319 3922 349 3969 ad
364 3930 494 3969 vetustiores
506 3922 615 3968 editiones
625 3930 741 3983 provocat,
774 3920 841 3979 versi,
858 3920 899 3982 qni
915 3921 1042 3983 ἀκρινίπριω
1058 3923 1173 3970 referunt:
1196 3939 1225 3969 ex
1241 3937 1289 3985 quo

228 3998 251 4037 et
262 3994 351 4051 recepta
361 3994 395 4033 est
405 4000 419 4030 a
430 3985 484 4047 Bip.
497 4001 555 4048 quos
566 4000 654 4049 sequor.
774 3982 848 4044 placet
865 3983 1005 4045 quibusdam
1017 3987 1155 4048 ἁκρινῆριπν,
1172 4003 1186 4033 a
1197 3986 1287 4046 Neruo,

266 4056 343 4111 Quom
373 4050 469 4096 virtutis
490 4056 610 4097 concentus
638 4051 729 4097 videtur
773 4055 801 4092 ut
812 4049 901 4107 volunt,
914 4048 1000 4096 Ithacae
1010 4060 1103 4097 montet
1120 4051 1183 4097 locus
1193 4051 1288 4113 quidem

227 4120 351 4178 Bambcrg.
362 4128 432 4176 quom
439 4115 522 4159 nanta
531 4121 667 4161 concentus.-
679 4130 712 4177 qu
774 4110 879 4174 bicipite,
892 4128 962 4175 quem
976 4113 1073 4161 indicari
1088 4123 1205 4177 putamus,
1217 4115 1288 4163 clivo·

224 4182 288 4229 haud
299 4180 418 4243 praeferam
427 4176 533 4239 vulgata.
546 4177 620 4224 Ltus.
648 4181 741 4225 Montis
774 4190 813 4223 sua
828 4185 872 4234 est,
893 4176 957 4223 baud
978 4178 1057 4238 procul
1075 4172 1197 4226 Veteribus
1213 4180 1286 4237 ricus,

226 4246 296 4293 etiam
307 4242 741 4304 MS.Arund.quaevoxsanebonum
773 4241 920 4303 Asclulborg
942 4256 1004 4289 nunc
1024 4240 1105 4289 dictus.
1128 4242 1202 4290 ers.
1232 4245 1286 4292 MS.

226 4324 318 4355 sensum
334 4308 403 4354 facit:
422 4306 461 4355 sed
475 4314 498 4353 et
509 4307 604 4352 uirtutis
620 4314 740 4354 concentus
772 4303 864 4353 Arund.
893 4306 1044 4363 ἁστυτεάγιον.
1085 4306 1143 4355 Cod.
1168 4306 1285 4370 Artolphi,

225 4372 283 4419 bene
292 4370 368 4419 habet.
385 4370 465 4419 Etiam
474 4369 554 4419 Cicero
563 4372 679 4419 virtutum
687 4384 739 4419 con·
774 4367 850 4435 Kapp
869 4372 899 4437 (s.
916 4370 951 4418 ad.
970 4370 1042 4436 Nor.)
1062 4372 1097 4420 ed.
1115 4372 1191 4421 Rben.
1217 4374 1286 4422 1519.
