3059 4975
221 282 287 359 132.
572 272 876 351 HISTORIABUM
1109 281 1155 354 [A.
1172 294 1204 335 u.
1217 278 1286 333 823.

219 440 334 504 runtii:
363 460 435 501 eum
457 437 607 504 Tiberius
631 438 739 506 Caesar
758 439 800 503 ob
823 437 1117 517 metum‘Vitellius
1132 439 1291 505 ¹Cluvium

221 524 307 589 nulla
321 523 485 589 formidine
498 524 659 590 retinebat.
704 526 778 589 Nou
799 523 894 589 idem
903 524 1062 600 Trebellio
1076 524 1221 603 Maximo
1235 518 1291 587 ho·

222 634 299 675 nos:
350 610 509 696 refugerat
523 610 696 688 Britannia,
717 611 759 673 ob
777 609 970 673 iracundiam
993 610 1146 674 militum:
1176 614 1298 676 missus

228 708 275 761 est
287 633 436 760 inlocum
451 695 519 782 ejus
529 694 657 760 Vettius
670 692 809 759 Bolanus
822 718 840 758 e
853 696 1066 781 praesentibus
1111 746 1113 751 .
1356 767 1358 773 ,
1385 740 1388 747 =

277 782 404 847 LXVI.
428 781 577 866 Angebat
595 780 755 845 Vitellium
776 779 930 845 victarum
950 780 1108 868 legionum
1127 780 1290 867 haudqua-

224 891 320 955 quam
339 866 456 931 fractus
477 866 613 930 animus:
640 888 753 953 sparsoe
772 887 828 952 per
842 864 965 931 Italiam
984 879 1017 931 et
1029 866 1198 932 victoribus
1218 888 1290 953 per-

224 953 341 1031 mixtae,
366 950 490 1016 hostilia
509 950 735 1038 loquebantur:
768 952 926 1039 praecipua
947 952 1289 1039 quartadecimanorum

226 1038 353 1116 ferocia,
378 1037 434 1124 qui
459 1044 480 1075 “
503 1060 535 1101 se
556 1036 671 1101 vict0s”
692 1037 889 1101 abnuebant:
914 1045 935 1075 “
955 1038 1074 1125 quippe
1093 1036 1290 1101 Bedriacensi

225 1124 301 1201 acie,
324 1123 489 1187 vexillariis
514 1135 636 1187 tantum
660 1120 768 1210 pulsis,
792 1122 872 1187 vires
893 1122 1022 1210 legionis
1045 1146 1108 1188 non
1126 1121 1290 1187 adfuisse.''

226 1209 359 1274 Remitti
377 1221 430 1273 eos
450 1208 483 1272 in
499 1208 703 1286 Britanniam,
721 1206 807 1271 unde
825 1231 843 1271 a
859 1208 985 1273 Nerone
999 1209 1092 1275 exciti
1106 1221 1204 1288 erant,
1220 1208 1289 1295 pla-

225 1296 291 1359 cuit
300 1300 425 1444 3'a1que
442 1294 565 1359 interim
581 1295 773 1358 Batavorum
792 1293 931 1358 cohortes
952 1318 1017 1359 uua
1030 1294 1167 1373 tendere,
1182 1293 1290 1369 obvveff

223 1392 321 1445 terem
345 1404 364 1443 a
386 1402 495 1445 versus
517 1379 806 1466 quartadecimanos
830 1378 1026 1448 discordiam.
1070 1382 1137 1444 Nec
1158 1379 1234 1457 diu,¹
1253 1379 1286 1441 in

223 1467 318 1530 tantis
338 1478 528 1530 armatorum
546 1465 637 1544 odiis,
681 1465 747 1529 uiea
767 1463 838 1528 fuit.
883 1469 1042 1553 Augustae
1064 1465 1287 1543 Taurinorum,

223 1552 300 1616 dum
322 1551 463 1639 opificem
486 1550 643 1638 quendam
657 1487 799 1615 batavus
821 1562 857 1615 ut
878 1552 1089 1617 fraudatorem
1109 1551 1288 1628 insectatur,

225 1637 414 1724 legionarius
436 1650 472 1702 ut
485 1636 639 1734 hospitem
658 1648 775 1714 tuetur,
798 1636 846 1699 sui
866 1638 979 1723 cuique
993 1636 1288 1702 commilitonesad-

223 1722 355 1810 gregati,
378 1747 398 1787 a
419 1722 563 1787 conviciis
583 1723 625 1787 ad
645 1722 762 1786 oaedem
784 1722 947 1787 transiere:
979 1735 1010 1787 et
1029 1722 1176 1810 proelium
1190 1735 1288 1801 'auor

223 1808 395 1886 exarsisset,
417 1808 449 1872 ni
463 1808 536 1872 duae
551 1807 711 1873 Praetoriae
724 1806 876 1886 cohortes,
892 1831 1031 1873 caussam
1043 1806 1289 1895 quartadecima-

222 1917 334 1959 norum
362 1906 487 1972 secutae,
516 1893 565 1957 his
592 1894 739 1959 fiduciam
767 1904 799 1956 et
826 1906 945 1958 metum
971 1894 1098 1959 Batavis
1123 1893 1283 1971 fecissent:

224 1987 246 2018 “
261 1981 361 2066 quos”
377 1979 521 2044 Vitellius
536 1987 558 2019 “
573 1978 689 2066 agmini
704 2000 762 2043 suo
773 1980 899 2066 jungi?
911 1993 948 2043 ut
962 1980 1061 2053 fidos:
1086 1987 1107 2019 “
1121 1978 1284 2065 legionem,

223 2064 329 2130 Graiis
344 2064 482 2151 Alpibus
494 2066 681 2145 traductam,
696 2089 734 2129 eo
748 2063 833 2129 flexu
847 2065 966 2131 itineris
980 2065 1047 2143 iref'
1065 2065 1168 2152 jubet,
1186 2071 1206 2102 “
1221 2087 1286 2150 quo

222 2151 374 2215 Viennam
383 2151 518 2215 ritarent
527 2152 555 2214 :”
568 2173 703 2237 namque
711 2163 743 2214 et
753 2149 944 2215 Viennenses
955 2151 1153 2215 timebantur.
1174 2150 1285 2227 Nocte,

221 2259 285 2323 qua
294 2236 546 2323 proficiscebatur
555 2235 648 2322 legio,
658 2235 773 2300 relictis
784 2236 897 2321 passim
908 2235 1042 2321 ignibus,
1053 2258 1126 2323 pars
1136 2234 1287 2299 Taurinae

222 2321 361 2386 Colonia:
383 2321 543 2385 ambusta:
573 2321 662 2407 quod
683 2321 846 2401 damnum,
868 2334 906 2386 ut
950 2320 1076 2408 leraque
1099 2318 1172 2385 belli
1194 2319 1285 2398 mala,

221 2406 392 2494 majoribus
417 2406 548 2471 aliarum
575 2406 703 2471 urbium
729 2406 871 2472 cladibus
895 2345 1103 2472 obliteratum.
1148 2404 1287 2478 Quarta·

221 2492 372 2557 decimani
400 2504 567 2581 postquam
594 2493 734 2580 Alpibus
761 2494 897 2582 degressi
926 2506 1010 2572 sunt,
1040 2491 1287 2559 seditiosissimus

221 2579 355 2677 quisque
378 2579 467 2665 signa
485 2579 637 2643 Viennam
657 2579 815 2645 ferebant:
844 2602 995 2644 consensu
1020 2579 1183 2643 meliorum
1203 2601 1285 2651 com-

221 2685 318 2750 pressi
332 2674 363 2727 et
376 2663 458 2751 legio
470 2663 504 2726 in
518 2664 713 2728 Britanniam
728 2676 909 2729 transvecta.
942 2701 943 2706 κ

268 2749 413 2814 LXVII.
436 2748 606 2814 Proximus
620 2749 750 2816 Vitellio
766 2773 784 2814 e
803 2749 962 2814 Praetoriis
981 2747 1160 2812 cohortibus
1184 2757 1285 2812 m'etus

219 2846 303 2901 erat:
325 2835 459 2922 separati
496 2834 621 2915 simum,
633 2833 756 2913 deinde,
771 2835 879 2900 addito
894 2835 1030 2900 honestae
1044 2833 1196 2898 missionis
1210 2833 1285 2914 leni-

219 2937 335 3000 mento,
350 2943 437 2985 arma
511 2919 673 2986 Tribunos
694 2944 766 2986 suos
784 2920 984 2996 deferebant:
1007 2921 1106 2985 donec
1126 2929 1250 2983 motum
1266 2942 1286 2982 a

219 3005 412 3095 Vespasiano
424 3004 541 3072 bellum
556 3008 777 3074 crebresceret:
792 3018 870 3087 tum,
885 3017 1044 3094 resumpta
1057 3004 1176 3084 militia,
1189 3005 1286 3069 robur

164 3327 167 3331 ¹
219 3266 463 3331 adpartrunttum:
480 3267 670 3331 utfadlequirir
680 3283 733 3318 aar·
800 3269 995 3333 Atroaarrtaet]
1018 3265 1285 3332 Nondisplioetquode

219 3329 266 3379 tiet.
284 3331 355 3379 ΕΜ.
387 3332 552 3381 Flor.invooe
563 3334 685 3381 maritarat
700 3349 736 3382 ae·
768 3331 823 3381 MS.
840 3333 901 3398 Agr.
921 3333 1027 3398 Ryckius
1047 3331 1134 3396 profert
1153 3333 1284 3378 eamcam.

218 3411 283 3458 quor.
301 3395 363 3444 Dein
372 3396 435 3445 Bud.
443 3397 692 3462 Aristum-Cam.
768 3397 839 3446 Ena.
873 3397 1033 3462 Reripiocum
1043 3396 1099 3460 Bip.

263 3462 354 3509 Vettius
375 3462 488 3509 Bonam.
520 3464 546 3510 Ε
567 3464 735 3526 premittur]
765 3482 769 3488 ·
803 3463 916 3510 Cladibus
934 3463 1094 3524 obliteratam]
1129 3463 1175 3508 Eat
1194 3459 1287 3507 additur

218 3524 339 3588 Distingui
352 3526 443 3585 malin,
460 3527 567 3574 Bolanus
583 3541 596 3574 a
609 3529 737 3589 precem-
768 3525 819 3574 edd.
831 3535 885 3575 aaa
894 3527 971 3576 men.
979 3528 1047 3575 'abest
1057 3527 1087 3573 ab
1098 3525 1154 3574 MS·
1167 3523 1240 3578 (Bud.
1252 3531 1285 3581 et)

219 3590 610 3653 tucAngetaaetcutngnffioet,
618 3591 736 3638 Bolanum
769 3589 850 3639 Guelt.
881 3592 943 3640 Mox
962 3592 1065 3654 degreau
1083 3605 1173 3645 verum,
1192 3603 1205 3636 e
1222 3587 1284 3635 Flor.

219 3669 233 3701 e
242 3654 354 3701 comitatu
365 3653 480 3718 Principis
489 3655 515 3702 in
523 3654 669 3702 Britanniam
679 3655 736 3702 mir-
768 3653 857 3703 editum
867 3671 882 3703 a
891 3655 1000 3716 Pichena,
1008 3670 1050 3718 pro
1059 3655 1240 3702 woerdaraut:
1257 3651 1287 3698 de

219 3733 279 3764 sum.
297 3717 371 3766 Iura.
405 3718 444 3767 Sic
461 3719 530 3782 plane
546 3717 696 3781 munguiur
711 3719 736 3766 in
784 3719 926 3769 nodutum
936 3719 1006 3769 adA.
1015 3721 1041 3778 4,
1049 3721 1089 3768 49.
1099 3727 1123 3766 et
1133 3717 1195 3766 utbt
1213 3715 1285 3764 Eur.

219 3781 282 3828 Flor.
297 3789 320 3828 et
336 3782 370 3830 ed
385 3798 420 3845 pr.
438 3786 570 3832 Preceatcr
587 3791 737 3846 opponantur
768 3734 830 3832 bad.
843 3785 949 3846 digressi.

218 3845 540 3910 iis,quisuntinprovinciia.
569 3849 737 3910 Vattmporro
801 3851 911 3912 separati
926 3847 1048 3912 primam]
1074 3845 1113 3896 Sic
1130 3845 1203 3894 MSS.
1222 3843 1284 3892 Flor.

168 3930 170 3933 v
219 3925 272 3957 vera
293 3909 336 3957 scri
378 3926 404 3958 ra
424 3913 534 3972 nominis,
561 3927 608 3959 non
635 3913 736 3960 Vettius.
767 3911 830 3960 uua
843 3913 921 3962 Guelf.
931 3912 982 3960 add,
994 3911 1225 3975 Rhea-sqqomnes
1248 3907 1287 3956 At

219 3973 317 4022 Vidrd
352 3975 413 4034 .1a,
424 3975 447 4022 3.
464 3976 536 4025 Bau.
568 3975 630 4024 Buri
642 3977 734 4024 natas.
766 3975 877 4025 addenti
894 3978 1286 4038 uiorasseparctoe,utgenereooo·
1337 3972 1342 3981 ‘

218 4037 272 4086 Alc
281 4038 358 4087 auen.
375 4041 475 4086 vectam.
501 4042 555 4089 Put.
567 4044 671 4090 Becttaa.
697 4040 736 4090 De
766 4041 890 4089 veniretco
906 4042 1001 4090 ortibus.
1027 4041 1135 4104 separata·
1146 4039 1188 4086 int·
1199 4037 1285 4085 milites

217 4103 408 4166 eor.Agr.8et
422 4103 458 4150 16.
768 4104 909 4154 Pretoriani.
942 4105 1004 4153 Mox
1020 4105 1167 4170 deferebant.-
1191 4101 1286 4167 quode

255 4168 406 4232 Venturae]
432 4168 736 4219 Exhoclodemmde
768 4168 830 4216 Flor-
843 4169 914 4218 edidit
925 4170 1034 4218 Pichena-
1069 4169 1107 4218 ste
1123 4167 1193 4216 etiam
1205 4166 1284 4214 Guelf.

215 4232 389 4281 militam:
397 4233 494 4296 probare
503 4233 593 4293 nititur,
604 4234 735 4283 vexillarios
766 4233 849 4298 ati-pr.
878 4232 1094 4298 eearaepassud.)
1106 4233 1223 4296 serebant.
1251 4229 1286 4278 11.

217 4300 262 4345 sub
272 4297 351 4362 Impp
362 4296 432 4345 fuisse
442 4297 499 4345 levis
509 4307 632 4347 armature
641 4299 733 4348 milites
765 4297 810 4345 lud
830 4313 885 4348 rane
902 4300 1021 4364 proprium
1037 4299 1061 4346 in
1080 4297 1124 4346 hac
1141 4297 1284 4346 revertam

216 4360 604 4437 Reuaturasrhelioadttygtn.
615 4365 689 4430 1236.
766 4362 838 4412 Bau.
