3059 4975
237 306 389 379 sem]
598 304 677 365 nm.
699 298 759 363 111.
779 304 872 364 cnr.
892 305 942 365 ee.
1241 307 1307 371 eor

239 472 268 533 ·J
271 469 354 534 nlius
370 468 522 555 Agrestis,
542 480 611 557 post
632 469 748 535 multos
770 488 935 549 sermones,
952 468 1069 555 quibus
1086 468 1247 535 Vitellium
1269 472 1310 536 ad

243 556 391 621 virtutem
415 554 532 618 frustra
553 556 750 634 accendebat,
773 554 921 643 perpulit,
946 567 984 618 ut
1007 554 1049 618 ad
1069 554 1150 619 vires
1171 556 1310 622 hostium

241 640 434 728 spectandas,
452 663 586 728 quaeque
609 642 695 739 apud
716 642 903 705 Cremonam
925 654 994 705 ncta
1014 640 1128 718 forent,
1151 642 1219 729 ipse
1241 644 1312 707 mit-

242 737 369 791 teretur.
413 727 480 789 Nec
494 727 705 815 exploratione
718 726 840 791 occulta
852 725 958 790 fallere
972 726 1149 791 Antonium
1169 728 1310 806 tentavit,

243 811 298 875 sed
326 811 473 876 mandata
498 810 699 899 Imperatoris
728 834 884 898 suumque
908 812 1047 876 animum
1075 812 1243 899 professus,
1272 830 1311 879 ut

243 911 356 962 cuncte
368 897 491 974 viseret,
511 897 657 986 postulat.
702 897 804 973 Missi,
819 897 875 983 qui
894 896 998 961 locum
1019 896 1131 987 proelii,
1148 902 1312 963 Cremonae

244 982 386 1071 vestigia,
406 995 512 1069 captas
530 982 665 1083 legiones
685 982 890 1063 ostenderent.
935 985 969 1047 A
1008 983 1080 1047 estis
1093 984 1133 1046 ad
1150 983 1313 1049 Vitellium

245 1069 407 1147 remeavit,
422 1070 641 1156 abnuentique,
658 1073 680 1107 “
692 1090 766 1133 vera
776 1090 852 1146 esse,
863 1092 936 1155 quae
946 1006 1110 1146 afferret?
1123 1082 1219 1155 atquc
1229 1070 1313 1134 ultro

248 1162 271 1193 “
285 1156 495 1241 conruptum''
509 1152 669 1241 arguenti3
692 1158 715 1193 ²⁶
729 1154 1016 1241 quandoquidem,”
1029 1153 1141 1241 inquit,
1163 1162 1185 1193 “
1199 1178 1314 1243 magno

248 1240 437 1305 documento
448 1262 528 1329 opus
546 1255 603 1318 est,
625 1262 682 1305 nec
695 1236 774 1304 ilius
794 1240 863 1326 jam
880 1240 938 1305 tibi
956 1252 1013 1305 aut
1025 1238 1109 1318 vitae,
1129 1253 1185 1303 aut
1206 1242 1316 1305 mortis

246 1348 327 1390 mem
340 1348 426 1403 usus,
443 1325 535 1405 dabo,
550 1327 602 1391 cui
616 1323 722 1390 credas
731 1327 758 1389 :”
780 1340 875 1413 atque
893 1326 938 1390 ita
955 1325 1125 1413 digressus,
1140 1325 1315 1392 voluntaria

248 1426 349 1476 morte¹
361 1411 444 1475 diets
457 1412 599 1475 firmavit.
645 1411 786 1483 Quidam
807 1418 829 1449 ‘⁶
841 1412 933 1499 jussu
947 1410 1064 1475 Vitellii
1077 1411 1275 1476 interfectum
1286 1412 1316 1487 ;”

250 1497 290 1561 de
305 1504 325 1535 ‘⁸
338 1496 401 1560 fide
412 1496 662 1584 constantiaque*
677 1497 796 1572 eadem,
809 1496 973 1561 tradidere.

293 1582 367 1647 LV.
391 1581 543 1661 Vitellius,
567 1596 639 1647 ute
664 1604 772 1646 somno
785 1582 916 1662 excitus,
937 1590 961 1622 ‘⁶
974 1582 1100 1646 dulium
1119 1582 1262 1647 Priscum
1284 1598 1316 1647 et

249 1667 432 1756 Alphenum
444 1664 566 1733 Verum
581 1690 653 1733 cum
668 1670 755 1732 XIV
768 1667 926 1733 Praetoriis
939 1668 1118 1733 cohortibus
1131 1679 1163 1731 et
1172 1668 1318 1735 omnibus

246 1754 392 1840 equitum
407 1752 463 1817 alis
476 1754 617 1819 obsidere
630 1754 858 1841 Apenninum”
879 1754 982 1841 jubet.
1027 1755 1140 1819 Secuta
1154 1777 1172 1817 e
1185 1753 1318 1819 classicis

250 1839 341 1936 legio.
386 1838 452 1902 Tot
474 1839 571 1903 millia
594 1853 796 1916 armatorum,
818 1837 898 1903 lecta
916 1840 1005 1939 equis
1025 1839 1173 1925 virisque,
1196 1840 1222 1903 si
1238 1840 1317 1903 Dux

252 1922 331 1987 alius
353 1922 444 2001 foret,
466 1923 627 1988 inferendo
642 1947 768 2010 quoque
786 1922 868 1987 bello
890 1938 963 1988 setis
1025 1924 1152 2006 llebant.
1197 1925 1318 1989 Ceterae
1423 2000 1426 2004 ‚

252 2008 393 2072 cohortes
414 2009 454 2072 cd
478 2008 626 2073 tuendam
653 2010 763 2073 urbem
787 2007 827 2071 L.
842 2007 967 2087 Vitellio
1000 2009 1076 2072 ratri
1096 2009 1188 2073 datae.
1233 2011 1317 2097 Ipse,

252 2094 330 2159 nihil
344 2118 361 2157 e
375 2092 464 2159 solito
478 2094 559 2159 luxu
579 2094 747 2173 remittens
763 2092 798 2157 et¹
808 2092 980 2158 diffidentia
1020 2117 1159 2191 roperus,
1174 2095 1320 2159 festinare

251 2179 385 2258 comitia,
398 2179 514 2266 quibus
529 2180 679 2245 Consules
692 2180 726 2243 in
739 2178 857 2244 multos
874 2198 973 2244 annos
986 2116 1176 2244 ‹iistinabatz
1200 2181 1320 2245 foedera
1369 2248 1373 2254 ,

252 2266 352 2345 sociis,
368 2265 497 2330 Latium
518 2267 664 2346 externis,
679 2264 836 2352 dilargiri:
859 2266 909 2329 his
928 2264 1047 2330 tributa
1060 2265 1225 2345 dimittere,
1243 2266 1321 2330 alios

251 2350 490 2417 inmunitatibus
506 2351 635 2438 juvare:
662 2350 810 2438 denique,
827 2350 915 2415 nulle
932 2350 967 2415 in
1046 2364 1149 2416 terum
1170 2375 1256 2431 cura,
1275 2351 1321 2414 ln

250 2460 353 2502 cerere
365 2437 547 2526 Imperium.
587 2436 649 2502 Sed
658 2436 774 2524 vulgus
788 2435 830 2502 ed
843 2436 985 2525 magnitu
1010 2437 1017 2451 ’
1041 2460 1091 2502 em
1101 2437 1320 2503 beneficiorum

250 2675 307 2726 Oen
320 2689 339 2724 c
353 2676 390 2724 10.
401 2676 433 2724 in*
443 2677 513 2740 priori
528 2691 582 2726 cum
599 2675 694 2726 Othone
705 2676 767 2726 bello
831 2678 931 2737 Latirme
941 2677 1059 2740 externis]
1087 2674 1186 2724 Tirones
1200 2675 1318 2734 monendi,

250 2740 307 2788 huic
317 2740 425 2789 eccidisse
435 2741 566 2801 traduntur,
577 2749 604 2789 ut
617 2741 667 2803 jem
678 2739 768 2788 notavit
798 2750 826 2790 nt
832 2743 873 2803 jus
878 2738 1013 2790 miniteris
1023 2739 1162 2803 intelligant,
1171 2755 1218 2788 non
1230 2749 1319 2804 partem

252 2805 359 2853 SeriJius.
376 2805 433 2852 Post
444 2812 479 2864 et,
491 2805 628 2852 aRhenano
638 2805 766 2864 subletum,
794 2806 949 2868 'imiimquae
960 2806 1156 2852 Intiumvocete.
1172 2805 1246 2852 Eme.
1306 2805 1308 2810 ’

250 2871 311 2916 hene
321 2869 420 2916 restituit
430 2867 532 2929 Pichene
544 2871 567 2930 (e
575 2867 661 2929 Flos),
669 2869 732 2932 quod
742 2867 768 2914 in
838 2871 939 2916 Tribnte
953 2869 1086 2932 dimittere]
1103 2869 1143 2916 Sic
1156 2884 1236 2918 omnes
1249 2869 1320 2917 libii:

252 2931 361 2980 omuibus
374 2933 432 2980 meis
446 2931 582 2995 reperiente
593 2931 671 2980 Rhen.
694 2933 768 2980 Enni.
798 2932 824 2980 id
834 2948 881 2981 non
892 2932 1039 2992 tentandum,
1048 2932 1246 2996 docuitexenplis
1254 2934 1321 2981 Gru·

258 2995 465 3044 UideestinBud.
481 2995 768 3059 Subeudiriputatllhen.
800 3005 863 3045 tems
879 2997 905 3044 in
920 2996 1045 3060 suspicion.
1057 2996 1129 3044 limis
1163 2997 1201 3044 sic
1215 3006 1239 3045 et
1253 3006 1319 3044 vetus

254 3059 316 3108 Mox
326 3060 389 3108 Bud.
399 3061 461 3108 mele
471 3062 654 3109 ostenderentur.
802 3061 836 3109 N.
849 3061 880 3110 Τ.
891 3061 1004 3124 interpres
1014 3061 1109 3108 dimitte
1119 3062 1184 3108 nobis
1195 3063 1272 3108 dedite
1279 3077 1321 3108 eo-

294 3125 352 3182 Qeae
369 3125 472 3188 adferret
519 3125 557 3173 Sic
573 3125 645 3172 MSS.
657 3124 694 3173 Fi
705 3125 767 3188 Agr.
801 3133 860 3174 stra.
891 3126 926 3174 Et
936 3125 1017 3174 Cicem
1027 3141 1120 3188 quoque
1131 3140 1191 3188 saepe
1202 3126 1321 3173 dimittere

255 3189 335 3237 Guelf.
347 3189 398 3236 edd.
409 3196 462 3236 ante
497 3188 608 3236 hennon
624 3191 731 3252 referret,
743 3198 771 3237 ut
819 3205 845 3239 ro
854 3192 974 3246 remittere
983 3189 1050 3250 dixit,
1062 3189 1088 3236 in
1098 3189 1149 3236 aliis
1160 3190 1230 3237 etiam
1240 3189 1321 3238 formis

254 3251 293 3302 hic
308 3253 417 3314 (eBud)
433 3253 511 3301 dedite
529 3252 642 3316 ceterique
658 3253 689 3301 ed
705 3253 770 3316 Ryc·
801 3207 922 3320 loquendi.
957 3255 1019 3303 Mox
1033 3269 1076 3319 pro
1094 3269 1164 3313 ctera„
1177 3255 1214 3304 ed.
1229 3270 1264 3318 pr.
1279 3270 1321 3302 ce-

254 3317 413 3380 kiumusque.
428 3315 488 3366 Mox
499 3323 532 3365 cet
542 3331 622 3365 omnes
634 3333 674 3366 scr.
684 3327 707 3366 et
718 3317 770 3365 edd.
803 3335 874 3368 rare:
897 3319 965 3366 male.
999 3319 1116 3366 Lacerare
1132 3320 1259 3381 imperitam
1274 3319 1320 3368 elc-

272 3390 338 3430 raeter
362 3383 452 3431 Puteol.
473 3380 586 3444 Beroen.
610 3382 678 3438 Alc.
697 3381 771 3430 ERN.
803 3382 1321 3446 ganterdicuntur,quiejuspntrimoniumet

255 3397 333 3495 lihen.
344 3447 433 3494 addidit
447 3463 460 3494 e
474 3445 538 3495 Bud.
570 3447 686 3510 Adfimret
701 3445 771 3494 etiam
802 3449 865 3495 bone
880 3446 1007 3510 dissipanti
1025 3455 1053 3495 ut
1066 3449 1170 3494 lacerare
1182 3447 1212 3494 de
1224 3447 1322 3510 dissipe-

256 3509 318 3560 Lau.
329 3528 341 3560 e
352 3512 428 3576 Regio
439 3527 487 3559 sno.
802 3512 866 3559 tione
878 3512 913 3560 tei
928 3509 1048 3558 familiaris
1063 3524 1087 3560 ct
1098 3509 1209 3574 pecuniae.
1244 3511 1319 3561 Cicer.

287 3579 373 3625 Secuta
389 3591 401 3624 e
417 3577 520 3624 classicis
536 3577 625 3688 legio}u
643 3573 703 3624 Haec
718 3591 773 3624 vera
803 3575 888 3636 Quint.
901 3577 938 3625 15.
972 3575 1042 3624 Verr.
1062 3575 1144 3634 3,70.
1161 3575 1203 3623 ubi
1219 3576 1321 3627 lacerate

254 3640 322 3688 lectio
333 3641 465 3705 (quentin
477 3639 560 3702 Bud).
628 3641 653 3690 S.
663 3642 723 3704 Agr.
735 3657 773 3689 re·
798 3646 911 3704 pecunie,
922 3641 1143 3704 cujusparsevema
1153 3648 1196 3688 est.
1214 3641 1288 3689 Enii.

220 3747 222 3750 .
256 3711 315 3752 cetoe
334 3707 435 3754 ctaestcae
454 3707 562 3768 legiones,
577 3713 604 3752 ut
621 3703 695 3754 voluit
712 3705 771 3752 Mu·
840 3707 932 3768 Vulgus
949 3707 981 3752 ad
996 3705 1186 3767 mgnitndieem
1204 3706 1322 3767 beneficie-

256 3777 325 3843 retns.
352 3769 412 3828 Quae
423 3770 551 3834 corruptele
562 3768 623 3817 unde
634 3777 692 3848 orte,
704 3769 771 3848 docet
803 3767 963 3846 remederet]
985 3769 1254 3820 innotescentem.
1276 3771 1323 3820 Vi·

231 3832 771 3961 *tttttdlttettl'titttit
801 3834 1322 3963 ittitinfdtltnttlttt:

254 3961 711 4091 uniscunt-:nm
736 3963 771 4012 ..
801 3963 1176 4092 ..cenenum
1195 3967 1323 4094 ese

255 4091 361 4152 destrem,
373 4098 400 4141 ut
408 4091 584 4151 honoratiorem,
593 4089 699 4139 traducti
758 4109 771 4141 e
803 4091 911 4140 exhibet:
928 4092 954 4140 id
970 4109 1024 4142 cum
1041 4063 1123 4142 'ederat
1140 4109 1199 4157 saepe
1214 4093 1239 4139 in
1256 4091 1322 4140 libris

255 4156 353 4204 classicis
365 4155 415 4204 dixi
431 4155 486 4204 satis
501 4164 524 4204 et
536 4154 641 4204 distincte
656 4155 686 4204 ed
699 4157 733 4206 H.
747 4157 770 4218 l,
803 4157 959 4204 confunditur.
993 4157 1062 4205 Aliae
1073 4159 1154 4205 hiabat
1169 4166 1252 4220 aptum
1266 4155 1320 4204 hl.
1343 4165 1346 4171 '

254 4219 294 4268 36.
322 4220 414 4268 Moxri
425 4222 566 4282 Dercetius,
578 4219 769 4284 quodlibrivett.
802 4221 868 4270 foret.
887 4223 961 4270 ΕΒΗ.
996 4222 1051 4274 Hoc
1068 4221 1093 4268 in
1112 4228 1203 4268 textum
1219 4235 1322 4282 recepere

250 4299 297 4340 scr.
310 4293 332 4330 et
346 4284 396 4332 edd.
408 4293 461 4333 ante
472 4285 548 4334 Rhen.
563 4285 658 4345 hebent,
677 4285 773 4334 mollius
805 4286 861 4350 Bip.
874 4295 897 4334 et
912 4303 942 4334 ex
959 4285 995 4334 H.
1009 4287 1032 4344 l,
1047 4287 1085 4332 12.
1097 4285 1189 4332 firmare
1204 4283 1320 4332 nituntur.

254 4357 297 4408 est,
315 4363 387 4411 qnam
405 4351 427 4396 si
445 4351 507 4396 elim
522 4353 589 4398 Due.
613 4349 685 4398 Enri-
719 4349 773 4398 Hoc
804 4350 851 4400 Sed
866 4349 1065 4408 vixeredendum,
1082 4347 1181 4397 inFlor.
1195 4363 1225 4395 ex
1241 4348 1321 4397 tuear

253 4413 429 4462 RheneBud.
465 4413 503 4462 De
514 4417 617 4463 classicis
628 4414 771 4475 mede,
804 4413 893 4464 factum
911 4430 961 4464 esse
978 4415 1080 4461 haberet.
1114 4410 1175 4475 Agr.
1192 4411 1244 4460 cod.
1261 4412 1322 4462 clare

253 4477 345 4526 3Ἰ.36.
802 4480 894 4540 ederat,
906 4477 954 4527 scil.
965 4473 1260 4542 pronoanimnsvirioque.
