3059 4975
232 274 270 333 88
426 272 431 277 ’
616 272 917 331 HlS‘l'OlilAllUM
1129 274 1176 347 [a.
1187 291 1216 333 υ.
1232 277 1298 333 623.

237 436 396 499 snsianus
411 433 651 522 Rempuhlicam
662 437 842 524 susciperet,
852 434 1095 500 obliviscendum
1111 436 1299 501 offensarum

237 460 374 585 debello
387 520 605 607 agitantibus.”

246 637 250 643 ·
282 608 327 670 ll.
360 607 422 670 His
443 630 479 670 ac
500 608 614 673 talibus
634 609 715 679 inter
736 614 822 696 spem
844 620 1025 695 metumque
1043 609 1207 695 jactatum,
1232 632 1302 696 spes

237 693 321 757 vicit.
366 695 479 769 Fuere,
498 694 566 780 qui,
582 701 779 758 “accensum
800 692 951 758 desiderio
973 694 1135 758 Berenices
1157 695 1301 781 Reginae,

239 778 365 842 vertisse
377 778 454 841 iter”
472 779 640 844 arderent.
685 782 798 867 Neque
816 780 1001 845 abhorrebat
1015 803 1034 843 a
1049 780 1194 845 Berenice
1212 780 1303 867 juve-³

239 864 309 927 nilis
323 865 464 928 animus:
488 864 542 928 sed
563 864 706 952 gerendis
727 866 821 929 rebus
843 864 964 929 nullum
987 890 1025 929 ex
1048 889 1084 928 eo
1100 865 1304 953 impedimen-

240 964 324 1014 tum:
346 949 452 1014 laetam
465 950 679 1036 voluptatibus
692 951 929 1015 adolescentiam
941 951 1014 1039 egit,
1026 974 1082 1015 suo
1097 974 1190 1037 quam
1207 952 1303 1037 patris

239 1036 369 1122 imperio
385 1034 582 1101 moderatior.
627 1037 729 1123 Igitur
747 1060 833 1100 oram
855 1037 987 1101 Achaiae
1007 1050 1037 1101 et
1056 1037 1153 1114 Asiae,
1171 1060 1207 1100 ac
1226 1037 1303 1101 laeva

240 1123 334 1185 maris
347 1135 530 1219 praevectus,
549 1122 701 1200 Rhodum
721 1138 752 1186 et
768 1123 910 1209 Cyprum
927 1122 1053 1201 insulas,
1074 1122 1147 1186 inde
1169 1123 1303 1209 Syriam,

239 1206 473 1272 audentioribus
492 1207 598 1293 spatiis
620 1209 753 1294 petebat.
799 1209 908 1307 Atque
926 1208 1015 1273 illum
1033 1207 1148 1305 cupido
1169 1208 1303 1287 incessit,

240 1293 377 1358 adeundi
396 1292 576 1379 visendique
595 1309 657 1358 tem
681 1293 747 1357 lum
766 1294 896 1380 Paphiae
912 1294 1054 1368 Veneris,
1073 1293 1224 1381 mclytum
1247 1317 1303 1381 per

240 1378 401 1465 indigenas
414 1378 621 1465 advenasque.
658 1316 758 1443 llaud
773 1379 869 1443 fuerit
883 1380 1022 1465 longum,
1036 1378 1123 1443 initia
1136 1379 1303 1465 religionis

240 1463 348 1551 templi
371 1464 476 1542 situm,
505 1465 637 1529 formam
661 1465 750 1542 Deae,
774 1488 874 1551 neque
897 1461 978 1528 enim
1001 1464 1074 1529 alibi
1096 1464 1138 1529 sic
1159 1466 1302 1544 habetur,

240 1550 347 1637 paucis
361 1550 517 1614 disserere.
1151 1560 1153 1566 “

284 1637 350 1701 ΙΙΙ.
372 1643 395 1676 “
411 1635 611 1700 Conditorem
627 1636 734 1724 templi
753 1636 873 1723 Regem
892 1637 1020 1700 AErian”
1035 1650 1124 1701 vetus
1144 1636 1301 1715 memoria,

238 1720 367 1807 quidam
384 1721 515 1808 “ipsius
528 1722 607 1785 Deae
621 1744 732 1786 nomen
752 1721 803 1786 id”
858 1720 990 1785 rhibent.
1036 1724 1135 1785 Fama
1153 1721 1304 1786 recentior

239 1806 345 1887 tradit,
362 1815 383 1847 ‘⁶
397 1831 417 1871 a
431 1807 491 1871 Ciu
514 1830 550 1871 ra
563 1821 717 1873 sacratum
738 1820 824 1893 temp
836 1830 901 1885 um,
921 1808 1086 1894 Deumque
1105 1806 1215 1894 ipsam,
1231 1814 1304 1870 con*-

239 1906 361 1980 ceptam
382 1892 471 1971 mari,
489 1831 553 1957 linc
573 1893 748 1982 adpulsam.
793 1892 855 1956 Sed
875 1893 1032 1957 scientiam
1052 1906 1213 1979 artemque
1236 1894 1304 1956 Ha-

239 1978 398 2067 ruspicum
416 1978 569 2054 adcitam3
594 1993 625 2044 et
643 1980 771 2045 Cilicem
793 1978 953 2043 Tamiram
971 1977 1128 2047 intulisse:
1152 1994 1246 2064 atque
1260 1978 1303 2041 ita

281 2080 378 2145 ctum,
390 2078 427 2129 ut
440 2064 566 2129 familia
580 2067 743 2152 utriusque
754 2063 869 2151 posteri
880 2063 1063 2128 caerimoniis
1073 2064 1302 2149 praesiderent.”

239 2088 333 2231 hicn,
359 2175 399 2217 ne
420 2151 538 2215 honore
558 2149 646 2214 nullo
673 2151 796 2237 regium
822 2172 922 2237 genus
950 2148 1146 2237 peregrinam
1176 2150 1302 2235 stirpem

239 2237 444 2315 antecelleret,
464 2236 542 2322 ipsa,
559 2258 655 2321 quam
674 2234 853 2310 intulerant,
874 2234 999 2301 scientia
1016 2234 1151 2321 hospites
1168 2258 1303 2301 cessere:

240 2337 362 2387 tantum
378 2320 551 2410 Cinyrades
571 2320 719 2386 Sacerdos
735 2319 917 2385 consulitur.
961 2320 1094 2399 Hostiae,
1115 2319 1304 2407 utquisque

240 2556 264 2596 et
276 2549 329 2596 Pul.
341 2549 394 2597 Alc.
407 2549 469 2598 Dein
480 2549 544 2599 Bud.
555 2551 710 2612 infensorum,
726 2567 755 2599 ex
820 2551 909 2612 Regem
919 2549 1020 2612 AErion]
1038 2546 1105 2596 Libri
1116 2545 1194 2610 scripti
1204 2553 1245 2594 aut
1261 2547 1303 2594 Ve-

241 2628 289 2676 quo
305 2613 383 2661 Rhen.
402 2630 432 2663 ex
450 2615 543 2678 iugenio
561 2619 710 2676 (mensarum,
729 2625 757 2664 ut
787 2616 884 2662 rincum
911 2613 974 2661 hunc
995 2612 1116 2659 nominant
1137 2613 1176 2674 (ut
1198 2611 1259 2658 Flur.
1281 2619 1305 2659 et

243 2677 305 2724 Plor.
322 2689 345 2726 et
361 2679 417 2727 Vat.
433 2689 490 2728 teste
512 2679 620 2741 Plebens.
662 2680 715 2728 Ura
733 2688 757 2727 et
788 2679 917 2740 Bud.)sut
932 2678 1089 2726 Veneriancm
1100 2675 1230 2791 (phgr).
1257 2675 1303 2724 Pro

242 2743 338 2790 Grotius
348 2744 455 2794 volebant
466 2745 617 2808 infimorum.
788 2745 883 2808 vulgata
897 2742 995 2789 lectione
1010 2749 1088 2788 tamen
1127 2739 1200 2788 scitus
1216 2740 1264 2804 ipse
1279 2741 1304 2787 iu

273 2809 399 2855 Joctntum
417 2824 467 2873 sper
488 2809 559 2875 viat]
592 2808 657 2857 Ferri
675 2816 756 2878 potest.
788 2810 854 2857 Anu.
872 2814 906 2855 est
921 2809 945 2867 3,
963 2807 1004 2853 62.
1040 2806 1108 2852 Euan
1126 2807 1213 2866 Cyprii
1229 2806 1306 2852 tribas

242 2871 289 2918 Sed
300 2881 377 2920 tamen
385 2887 438 2936 spes
449 2873 540 2938 proprie
546 2888 593 2922 non
600 2873 655 2922 vicit
666 2873 758 2932 Titum,
789 2874 899 2931 delubris,
907 2878 1006 2934 ‘quorum
1014 2870 1196 2918 vetustissimum
1205 2865 1308 2931 Paprnoe

243 2935 389 2984 sedmetum.
415 2937 758 3002 Etillamformulamspesui-
795 2939 880 2986 Veneri
896 2937 980 2984 AErius
995 2941 1085 2992 asertor,
1104 2940 1159 2996 post
1171 2935 1241 2994 filins
1257 2937 1307 2996 rjus

242 3001 276 3048 cit
285 3001 418 3066 similesque
427 3003 531 3051 absolute
541 3003 606 3065 poni,
619 3003 696 3050 sciunt
707 3017 758 3049 om·
789 3001 916 3056 Amathus,
934 3009 975 3046 etc
1009 2999 1141 3061 AEgyptum
1157 2997 1231 3060 ipsam
1248 2997 1304 3046 olim

243 3079 291 3123 nes,
314 3074 342 3112 ut
361 3068 449 3131 opinor.
482 3068 567 3132 ltaque
585 3067 627 3114 diu
644 3076 685 3125 cst,
705 3081 759 3113 cum
790 3065 882 3113 AEriam
893 3064 978 3112 dictam
993 3063 1071 3122 fuisse,
1087 3061 1175 3110 Isidoro
1188 3065 1212 3120 9,
1224 3063 1247 3108 2.
1259 3072 1306 3110 tra·

243 3130 329 3191 conjeci
350 3131 474 3194 legendum
492 3133 599 3194 jactatis.
642 3130 760 3178 Dicuntur
791 3128 866 3176 ditum
884 3137 918 3176 est
934 3135 957 3176 et
973 3127 1068 3190 Agellio
1087 3127 1124 3186 ll,
1141 3127 1164 3173 6.
1197 3126 1306 3174 Alciatus

243 3203 322 3240 autern
344 3196 365 3242 el
424 3204 459 3243 ter
481 3205 505 3243 et
528 3212 588 3258 sepe
606 3199 709 3258 jactata,
730 3193 760 3242 de
790 3194 1063 3241 hicmarultUroniam.
1082 3191 1307 3254 DeCiuyraautem,

243 3258 329 3320 quibus
339 3274 380 3306 mu
391 3268 423 3317 ta,
435 3262 520 3319 crebra,
539 3261 616 3322 longa,
630 3259 693 3308 varia
702 3258 760 3306 deli·
791 3258 854 3323 quod
865 3258 975 3323 sequitur,
984 3257 1100 3304 Homerus
1109 3256 1137 3303 Il.
1150 3255 1187 3314 ll,
1196 3257 1235 3302 2⁰.
1249 3253 1306 3302 Plu-

242 3321 331 3370 beratio
340 3321 393 3382 fuit,
401 3323 425 3370 in
432 3323 513 3387 primis
520 3325 583 3388 apud
594 3323 696 3373 Livium.
703 3323 761 3372 vin.
779 3323 892 3381 teuchus,
903 3322 1033 3372 Auenaeus
1043 3320 1058 3367 l.
1074 3319 1110 3367 10.
1121 3321 1146 3367 iu
1158 3319 1210 3367 line.
1222 3320 1306 3367 Arno·

244 3387 270 3434 J.
282 3387 310 3435 F.
322 3387 617 3438 GronoviusetDralreub
628 3389 709 3447 stll,
721 3390 761 3435 26.
791 3387 870 3436 biusb
885 3389 908 3435 6.
922 3386 961 3434 alii
978 3401 1008 3432 ue
1022 3384 1154 3432 meminere.
1172 3384 1245 3432 bras.
1263 3385 1305 3432 Gr.

244 3451 387 3500 Aliasetiam
388 3452 481 3515 jactari
489 3455 621 3518 interspem
629 3461 762 3515 maremque
792 3453 884 3516 Κινύρας.
910 3451 960 3500 AEl·
999 3449 1151 3505 .Αῐ1.9,36.
1170 3448 1194 3495 Η
1235 3447 1306 3497 chin

196 3529 205 3550 “
244 3517 358 3579 eleganter
368 3517 458 3577 (licitur,
467 3533 510 3581 pro
519 3519 761 3587 interspemmetum·
791 3512 1306 3583 nttvpssat.nygu.nsn2m0vi·n1a

244 3596 291 3643 que
299 3581 420 3640 incertum,
435 3583 572 3646 ambiguum
589 3598 645 3642 esse,
661 3591 689 3629 ut
704 3581 761 3630 alibi
793 3579 831 3638 10,
843 3581 898 3628 260.

245 3654 335 3693 nosters
353 3654 381 3692 ut
392 3661 465 3710 prope
478 3648 569 3705 malim,
584 3649 623 3694 bis
636 3662 665 3693 oc
673 3648 761 3694 talibus
825 3646 924 3694 Cilicem
936 3645 1071 3708 Tamiram]
1089 3643 1149 3694 Hac
1158 3643 1225 3691 lectio
1236 3642 1306 3691 debe-

245 3711 308 3756 intcr
315 3725 379 3772 spem
386 3718 520 3773 metumque
519 3716 636 3775 jactatur,
643 3709 761 3771 valjau.
790 3715 829 3756 tur
840 3708 968 3757 Rhenum:
980 3709 1004 3756 iu
1017 3709 1071 3758 MS.
1083 3707 1146 3756 Bud.
1158 3707 1306 3756 erstcils'ccn.

246 3781 290 3820 tus.
319 3777 378 3836 Spes
389 3778 462 3823 sacar
480 3775 568 3840 siquid
578 3775 717 3824 mutandum
726 3775 761 3822 ri-
792 3775 932 3820 amiram.-
949 3773 1166 3837 etplanesicFlor.
1180 3771 1258 3820 nunt
1271 3771 1306 3820 ed.

244 3837 320 3886 detur.
334 3839 405 3886 Ean.
791 3853 826 3901 pr.
870 3838 940 3886 Unde
957 3837 1105 3886 confirmatur
1122 3837 1193 3886 etiam
1211 3838 1308 3900 probata

276 3903 439 3966 Moderatior]
455 3906 494 3953 Sic
504 3904 571 3954 Med
581 3912 604 3953 et
614 3904 673 3968 Agr.
686 3903 759 3952 Rece-
791 3901 864 3950 doctis
880 3903 992 3966 scriptura
1012 3903 1159 3962 Thamirom,
1177 3915 1224 3949 non
1241 3902 1307 3949 Tha-

244 3969 364 4031 pereBip.
393 3970 489 4033 Sequor.
791 3983 893 4028 myram.
913 3967 984 4015 Eun.
1016 3968 1140 4015 Tamiram
1160 3965 1306 4015 scribendum

277 4035 450 4081 Prcrternectns
480 4035 534 4083 MS.
550 4035 658 4082 Picheuae
666 4047 759 4099 proevt·
791 4030 1150 4096 MeursiusdocetexHesychii
1159 4029 1289 4090 Ταμιράδαι.

243 4104 311 4145 clas.-
327 4098 382 4146 item
400 4099 439 4145 Gu
463 4098 532 4146 fied.
550 4116 585 4162 pr.
597 4099 659 4148 unde
668 4097 760 4162 recepi:
828 4097 862 4144 Ut
872 4098 968 4159 quisque
979 4095 1089 4158 uouisset]
1107 4093 1208 4142 Pichena
1222 4107 1252 4139 ex
1266 4108 1307 4141 ve·
1331 4108 1334 4113 ·

241 4161 272 4210 de
287 4164 357 4210 verbo
375 4162 530 4224 jamdictum
547 4164 593 4211 alio
608 4163 668 4223 loco,
688 4171 712 4210 et
727 4161 760 4210 sic
791 4160 864 4224 stigiis
875 4161 1002 4209 Florentini
1012 4161 1080 4208 libri:
1093 4161 1223 4221 utquisque
1234 4159 1309 4218 nouit,
1352 4213 1356 4216 ,

241 4228 333 4275 volebat
349 4226 422 4274 Gron.
438 4227 468 4274 ad
485 4227 539 4275 Lis.
555 4230 597 4288 29,
613 4229 652 4275 32.
685 4228 757 4276 Eun.
774 4227 831 4272 'sed
841 4239 924 4272 mares.
937 4226 1011 4273 Lrns.
1030 4223 1195 4288 quuerecepit
1205 4221 1309 4270 Pichens

240 4291 304 4340 Bud.
312 4296 488 4354 praetervectus.
790 4299 813 4338 et
827 4305 890 4354 seqq.
905 4303 992 4338 ornnes.
1006 4290 1061 4338 MS.
1074 4287 1151 4338 Guelf.
1167 4287 1202 4336 ed.
1217 4301 1252 4350 pr.
1267 4301 1309 4334 no-

274 4358 360 4417 Neqsoe
374 4356 437 4402 enim
452 4357 511 4403 olibi
524 4357 559 4404 sic
572 4355 681 4424 habetur]
698 4356 756 4406 Dea
790 4356 866 4402 vacet.
899 4353 969 4402 Unde
985 4353 1144 4416 corrigendum
1162 4361 1219 4401 esset
1232 4353 1308 4411 acolt,

237 4419 514 4470 sinulacrumetforme.
530 4421 601 4470 Ean.
789 4420 829 4467 κά
848 4433 931 4466 mares.
977 4419 1056 4479 Novit,
1080 4418 1094 4466 i.
1115 4435 1135 4466 e.
1162 4427 1243 4482 potest,
1266 4431 1307 4479 per
