<?xml version="1.0" encoding="UTF-8"?>
<!DOCTYPE html PUBLIC "-//W3C//DTD XHTML 1.0 Transitional//EN"
    "http://www.w3.org/TR/xhtml1/DTD/xhtml1-transitional.dtd">
<html xmlns="http://www.w3.org/1999/xhtml" xml:lang="en" lang="en">
 <head>
  <title>
</title>
<meta http-equiv="Content-Type" content="text/html;charset=utf-8" />
  <meta name='ocr-system' content='tesseract 3.04.00' />
  <meta name='ocr-capabilities' content='ocr_page ocr_carea ocr_par ocr_line ocrx_word'/>
</head>
<body>
  <div class='ocr_page' id='page_1' title='image "./ccorneliitaciti00grongoog/ccorneliitaciti00grongoog_0313.png"; bbox 0 0 3059 4975; ppageno 0'>
   <div class='ocr_carea' id='block_1_1' title="bbox 203 313 1271 393">
    <p class='ocr_par' dir='ltr' id='par_1_1' title="bbox 203 313 1271 393">
     <span class='ocr_line' id='line_1_1' title="bbox 203 313 1271 393; baseline 0.004 -18"><span class='ocrx_word' id='word_1_1' title='bbox 203 335 272 380; x_wconf 65' lang='lat' dir='ltr'>mc.</span> <span class='ocrx_word' id='word_1_2' title='bbox 288 319 349 393; x_wconf 90' lang='lat' dir='ltr'>7l.]</span> <span class='ocrx_word' id='word_1_3' title='bbox 550 315 625 374; x_wconf 79' lang='lat' dir='ltr'>mu.</span> <span class='ocrx_word' id='word_1_4' title='bbox 643 313 694 372; x_wconf 91' lang='lat' dir='ltr'>IV.</span> <span class='ocrx_word' id='word_1_5' title='bbox 715 313 801 372; x_wconf 82' lang='lat' dir='ltr'>CAP.</span> <span class='ocrx_word' id='word_1_6' title='bbox 823 315 870 384; x_wconf 81' lang='lat'>73,</span> <span class='ocrx_word' id='word_1_7' title='bbox 891 314 938 376; x_wconf 77' lang='lat'>74.</span> <span class='ocrx_word' id='word_1_8' title='bbox 1213 319 1271 381; x_wconf 74' lang='lat'>307</span> 
     </span>
    </p>
   </div>
   <div class='ocr_carea' id='block_1_2' title="bbox 151 472 1269 2460">
    <p class='ocr_par' dir='ltr' id='par_1_2' title="bbox 200 472 1269 718">
     <span class='ocr_line' id='line_1_2' title="bbox 200 472 1267 568; baseline 0 -22"><span class='ocrx_word' id='word_1_9' title='bbox 200 479 315 568; x_wconf 80' lang='lat' dir='ltr'>recepti</span> <span class='ocrx_word' id='word_1_10' title='bbox 335 481 368 546; x_wconf 89' lang='lat' dir='ltr'>iu</span> <span class='ocrx_word' id='word_1_11' title='bbox 383 479 489 546; x_wconf 85' lang='lat' dir='ltr'>eadem</span> <span class='ocrx_word' id='word_1_12' title='bbox 503 489 603 544; x_wconf 87' lang='lat' dir='ltr'>castra</span> <span class='ocrx_word' id='word_1_13' title='bbox 616 487 648 542; x_wconf 93' lang='lat' dir='ltr'>et</span> <span class='ocrx_word' id='word_1_14' title='bbox 662 475 800 540; x_wconf 86' lang='lat' dir='ltr'>edictum</span> <span class='ocrx_word' id='word_1_15' title='bbox 819 498 875 563; x_wconf 89' lang='lat' dir='ltr'>per</span> <span class='ocrx_word' id='word_1_16' title='bbox 888 472 1075 564; x_wconf 84' lang='lat' dir='ltr'>manipulos,</span> <span class='ocrx_word' id='word_1_17' title='bbox 1088 478 1212 565; x_wconf 88' lang='lat' dir='ltr'>nequis</span> <span class='ocrx_word' id='word_1_18' title='bbox 1232 480 1267 546; x_wconf 93' lang='lat' dir='ltr'>in</span> 
     </span>
     <span class='ocr_line' id='line_1_3' title="bbox 200 562 1269 654; baseline 0.001 -24"><span class='ocrx_word' id='word_1_19' title='bbox 200 568 367 632; x_wconf 84' lang='lat' dir='ltr'>certamine</span> <span class='ocrx_word' id='word_1_20' title='bbox 387 565 532 654; x_wconf 85' lang='lat' dir='ltr'>jurgiove</span> <span class='ocrx_word' id='word_1_21' title='bbox 557 563 741 628; x_wconf 77' lang='lat' dir='ltr'>seditionem</span> <span class='ocrx_word' id='word_1_22' title='bbox 767 576 824 627; x_wconf 87' lang='lat' dir='ltr'>aut</span> <span class='ocrx_word' id='word_1_23' title='bbox 847 562 967 628; x_wconf 86' lang='lat' dir='ltr'><strong>cladem</strong></span> <span class='ocrx_word' id='word_1_24' title='bbox 989 563 1190 631; x_wconf 81' lang='lat' dir='ltr'>commilitoni</span> <span class='ocrx_word' id='word_1_25' title='bbox 1211 566 1269 634; x_wconf 89' lang='lat' dir='ltr'>ob·</span> 
     </span>
     <span class='ocr_line' id='line_1_4' title="bbox 202 653 338 718; baseline 0.007 -1"><span class='ocrx_word' id='word_1_26' title='bbox 202 653 338 718; x_wconf 76' lang='lat' dir='ltr'>‘estaret</span> 
     </span>
    </p>

    <p class='ocr_par' dir='ltr' id='par_1_3' title="bbox 151 677 1267 2460">
     <span class='ocr_line' id='line_1_5' title="bbox 195 677 1266 820; baseline 0.002 -18"><span class='ocrx_word' id='word_1_27' title='bbox 195 677 210 738; x_wconf 82' lang='lat' dir='ltr'>J</span> <span class='ocrx_word' id='word_1_28' title='bbox 249 737 416 802; x_wconf 87' lang='lat' dir='ltr'>LXXIII.</span> <span class='ocrx_word' id='word_1_29' title='bbox 440 739 522 802; x_wconf 88' lang='lat' dir='ltr'>Mox</span> <span class='ocrx_word' id='word_1_30' title='bbox 541 735 697 801; x_wconf 87' lang='lat' dir='ltr'>Treveros</span> <span class='ocrx_word' id='word_1_31' title='bbox 717 756 752 798; x_wconf 85' lang='lat' dir='ltr'>ac</span> <span class='ocrx_word' id='word_1_32' title='bbox 768 733 938 820; x_wconf 84' lang='lat' dir='ltr'><strong>Lingones,</strong></span> <span class='ocrx_word' id='word_1_33' title='bbox 955 734 998 799; x_wconf 91' lang='lat' dir='ltr'>ad</span> <span class='ocrx_word' id='word_1_34' title='bbox 1015 734 1191 803; x_wconf 76' lang='lat' dir='ltr'>concionem</span> <span class='ocrx_word' id='word_1_35' title='bbox 1211 760 1266 804; x_wconf 92' lang='lat' dir='ltr'>vo-</span> 
     </span>
     <span class='ocr_line' id='line_1_6' title="bbox 198 819 1264 916; baseline -0.008 -28"><span class='ocrx_word' id='word_1_36' title='bbox 198 838 292 902; x_wconf 86' lang='lat' dir='ltr'>catos,</span> <span class='ocrx_word' id='word_1_37' title='bbox 313 824 359 889; x_wconf 87' lang='lat' dir='ltr'>ita</span> <span class='ocrx_word' id='word_1_38' title='bbox 372 821 563 908; x_wconf 90' lang='lat' dir='ltr'>adloquitur.</span> <span class='ocrx_word' id='word_1_39' title='bbox 607 826 629 858; x_wconf 88' lang='lat'><strong>“</strong></span> <span class='ocrx_word' id='word_1_40' title='bbox 644 821 757 916; x_wconf 80' lang='lat' dir='ltr'>Neque</span> <span class='ocrx_word' id='word_1_41' title='bbox 771 841 830 905; x_wconf 85' lang='lat' dir='ltr'>ego</span> <span class='ocrx_word' id='word_1_42' title='bbox 849 841 988 906; x_wconf 89' lang='lat' dir='ltr'>unquam</span> <span class='ocrx_word' id='word_1_43' title='bbox 1008 819 1187 888; x_wconf 73' lang='lat' dir='ltr'>facundiam</span> <span class='ocrx_word' id='word_1_44' title='bbox 1209 847 1264 890; x_wconf 77' lang='lat' dir='ltr'>ex.</span> 
     </span>
     <span class='ocr_line' id='line_1_7' title="bbox 198 904 1263 994; baseline -0.005 -20"><span class='ocrx_word' id='word_1_45' title='bbox 198 911 303 990; x_wconf 88' lang='lat' dir='ltr'>ercui;</span> <span class='ocrx_word' id='word_1_46' title='bbox 330 922 361 973; x_wconf 90' lang='lat' dir='ltr'>et</span> <span class='ocrx_word' id='word_1_47' title='bbox 386 905 502 994; x_wconf 85' lang='lat' dir='ltr'>Populi</span> <span class='ocrx_word' id='word_1_48' title='bbox 525 904 662 968; x_wconf 90' lang='lat' dir='ltr'>Romani</span> <span class='ocrx_word' id='word_1_49' title='bbox 683 917 832 970; x_wconf 90' lang='lat' dir='ltr'>v1rtutem</span> <span class='ocrx_word' id='word_1_50' title='bbox 855 904 949 969; x_wconf 89' lang='lat' dir='ltr'>armis</span> <span class='ocrx_word' id='word_1_51' title='bbox 972 905 1145 971; x_wconf 87' lang='lat' dir='ltr'>adfirmavi.</span> <span class='ocrx_word' id='word_1_52' title='bbox 1189 910 1263 987; x_wconf 84' lang='lat' dir='ltr'>Sed,</span> 
     </span>
     <span class='ocr_line' id='line_1_8' title="bbox 198 987 1263 1084; baseline 0 -24"><span class='ocrx_word' id='word_1_53' title='bbox 198 997 272 1084; x_wconf 90' lang='lat' dir='ltr'>quia</span> <span class='ocrx_word' id='word_1_54' title='bbox 286 994 373 1083; x_wconf 90' lang='lat' dir='ltr'>apud</span> <span class='ocrx_word' id='word_1_55' title='bbox 385 1017 441 1058; x_wconf 90' lang='lat' dir='ltr'>vos</span> <span class='ocrx_word' id='word_1_56' title='bbox 455 991 550 1056; x_wconf 88' lang='lat' dir='ltr'>verba</span> <span class='ocrx_word' id='word_1_57' title='bbox 566 987 738 1078; x_wconf 90' lang='lat' dir='ltr'>plurimum</span> <span class='ocrx_word' id='word_1_58' title='bbox 752 989 867 1067; x_wconf 82' lang='lat' dir='ltr'>valent,</span> <span class='ocrx_word' id='word_1_59' title='bbox 882 990 1027 1077; x_wconf 90' lang='lat' dir='ltr'>bonaque</span> <span class='ocrx_word' id='word_1_60' title='bbox 1040 1014 1077 1056; x_wconf 89' lang='lat' dir='ltr'>ac</span> <span class='ocrx_word' id='word_1_61' title='bbox 1096 991 1179 1057; x_wconf 89' lang='lat' dir='ltr'>mala</span> <span class='ocrx_word' id='word_1_62' title='bbox 1199 1018 1263 1060; x_wconf 89' lang='lat' dir='ltr'>non</span> 
     </span>
     <span class='ocr_line' id='line_1_9' title="bbox 151 1075 1267 1166; baseline 0.002 -22"><span class='ocrx_word' id='word_1_63' title='bbox 151 1094 157 1107; x_wconf 89' lang='grc'>·</span> <span class='ocrx_word' id='word_1_64' title='bbox 199 1106 255 1146; x_wconf 89' lang='lat' dir='ltr'>sua</span> <span class='ocrx_word' id='word_1_65' title='bbox 265 1097 388 1159; x_wconf 84' lang='lat' dir='ltr'>natura,</span> <span class='ocrx_word' id='word_1_66' title='bbox 399 1078 453 1144; x_wconf 90' lang='lat' dir='ltr'>sed</span> <span class='ocrx_word' id='word_1_67' title='bbox 463 1077 591 1142; x_wconf 90' lang='lat' dir='ltr'>vocibus</span> <span class='ocrx_word' id='word_1_68' title='bbox 601 1075 826 1152; x_wconf 90' lang='lat' dir='ltr'>seditiosorum,</span> <span class='ocrx_word' id='word_1_69' title='bbox 836 1075 1046 1155; x_wconf 81' lang='lat' dir='ltr'>aestimantm3</span> <span class='ocrx_word' id='word_1_70' title='bbox 1061 1078 1155 1142; x_wconf 88' lang='lat' dir='ltr'>statui</span> <span class='ocrx_word' id='word_1_71' title='bbox 1165 1101 1267 1166; x_wconf 85' lang='lat' dir='ltr'>pauca</span> 
     </span>
     <span class='ocr_line' id='line_1_10' title="bbox 197 1160 1265 1252; baseline -0.004 -21"><span class='ocrx_word' id='word_1_72' title='bbox 197 1167 356 1244; x_wconf 86' lang='lat' dir='ltr'>disserere,</span> <span class='ocrx_word' id='word_1_73' title='bbox 367 1188 450 1252; x_wconf 88' lang='lat' dir='ltr'>quae,</span> <span class='ocrx_word' id='word_1_74' title='bbox 487 1162 628 1249; x_wconf 86' lang='lat' dir='ltr'>rolligato</span> <span class='ocrx_word' id='word_1_75' title='bbox 641 1160 734 1241; x_wconf 90' lang='lat' dir='ltr'>bello,</span> <span class='ocrx_word' id='word_1_76' title='bbox 749 1161 857 1226; x_wconf 90' lang='lat' dir='ltr'>utilius</span> <span class='ocrx_word' id='word_1_77' title='bbox 871 1161 911 1226; x_wconf 89' lang='lat' dir='ltr'>sit</span> <span class='ocrx_word' id='word_1_78' title='bbox 920 1162 1009 1226; x_wconf 89' lang='lat' dir='ltr'>vobis</span> <span class='ocrx_word' id='word_1_79' title='bbox 1022 1162 1156 1241; x_wconf 85' lang='lat' dir='ltr'>audisse,</span> <span class='ocrx_word' id='word_1_80' title='bbox 1167 1189 1265 1251; x_wconf 89' lang='lat' dir='ltr'>quam</span> 
     </span>
     <span class='ocr_line' id='line_1_11' title="bbox 198 1247 1263 1348; baseline 0 -32"><span class='ocrx_word' id='word_1_81' title='bbox 198 1251 287 1317; x_wconf 91' lang='lat' dir='ltr'>nobis</span> <span class='ocrx_word' id='word_1_82' title='bbox 301 1251 425 1316; x_wconf 83' lang='lat' dir='ltr'>dixisse.</span> <span class='ocrx_word' id='word_1_83' title='bbox 502 1271 602 1314; x_wconf 89' lang='lat' dir='ltr'>erram</span> <span class='ocrx_word' id='word_1_84' title='bbox 615 1258 761 1326; x_wconf 87' lang='lat' dir='ltr'>vestram,</span> <span class='ocrx_word' id='word_1_85' title='bbox 777 1262 1013 1348; x_wconf 81' lang='lat' dir='ltr'>ceterorumque</span> <span class='ocrx_word' id='word_1_86' title='bbox 1025 1247 1202 1328; x_wconf 75' lang='lat' dir='ltr'>Gallorum,</span> <span class='ocrx_word' id='word_1_87' title='bbox 1216 1251 1263 1316; x_wconf 73' lang='lat' dir='ltr'>im</span> 
     </span>
     <span class='ocr_line' id='line_1_12' title="bbox 197 1332 1263 1433; baseline 0.002 -31"><span class='ocrx_word' id='word_1_88' title='bbox 197 1339 294 1425; x_wconf 79' lang='lat' dir='ltr'>gressi</span> <span class='ocrx_word' id='word_1_89' title='bbox 320 1350 393 1402; x_wconf 90' lang='lat' dir='ltr'>sunt</span> <span class='ocrx_word' id='word_1_90' title='bbox 411 1337 517 1400; x_wconf 88' lang='lat' dir='ltr'>Duces</span> <span class='ocrx_word' id='word_1_91' title='bbox 539 1337 809 1433; x_wconf 86' lang='lat' dir='ltr'>Imperatoresque</span> <span class='ocrx_word' id='word_1_92' title='bbox 830 1332 975 1412; x_wconf 80' lang='lat' dir='ltr'>Romam,</span> <span class='ocrx_word' id='word_1_93' title='bbox 997 1333 1085 1400; x_wconf 88' lang='lat' dir='ltr'>nulla</span> <span class='ocrx_word' id='word_1_94' title='bbox 1103 1336 1263 1423; x_wconf 87' lang='lat' dir='ltr'>cupidine,</span> 
     </span>
     <span class='ocr_line' id='line_1_13' title="bbox 199 1418 1263 1510; baseline -0.001 -21"><span class='ocrx_word' id='word_1_95' title='bbox 199 1423 253 1490; x_wconf 91' lang='lat' dir='ltr'>sed</span> <span class='ocrx_word' id='word_1_96' title='bbox 275 1423 448 1510; x_wconf 88' lang='lat' dir='ltr'>majoribus</span> <span class='ocrx_word' id='word_1_97' title='bbox 460 1420 569 1485; x_wconf 90' lang='lat' dir='ltr'>vestris</span> <span class='ocrx_word' id='word_1_98' title='bbox 588 1418 816 1497; x_wconf 80' lang='lat' dir='ltr'>invocantibus,</span> <span class='ocrx_word' id='word_1_99' title='bbox 831 1442 910 1505; x_wconf 89' lang='lat' dir='ltr'>quos</span> <span class='ocrx_word' id='word_1_100' title='bbox 928 1418 1088 1486; x_wconf 71' lang='lat' dir='ltr'>discordiis</span> <span class='ocrx_word' id='word_1_101' title='bbox 1106 1425 1263 1508; x_wconf 88' lang='lat' dir='ltr'>usquead</span> 
     </span>
     <span class='ocr_line' id='line_1_14' title="bbox 195 1503 1263 1592; baseline 0.002 -20"><span class='ocrx_word' id='word_1_102' title='bbox 195 1509 326 1574; x_wconf 83' lang='lat' dir='ltr'>exitium</span> <span class='ocrx_word' id='word_1_103' title='bbox 344 1505 535 1592; x_wconf 85' lang='lat' dir='ltr'>fatigabant:</span> <span class='ocrx_word' id='word_1_104' title='bbox 562 1517 594 1570; x_wconf 90' lang='lat' dir='ltr'>et</span> <span class='ocrx_word' id='word_1_105' title='bbox 617 1503 706 1569; x_wconf 88' lang='lat' dir='ltr'>acciti</span> <span class='ocrx_word' id='word_1_106' title='bbox 729 1503 844 1568; x_wconf 84' lang='lat' dir='ltr'>auxilio</span> <span class='ocrx_word' id='word_1_107' title='bbox 860 1504 1011 1570; x_wconf 86' lang='lat' dir='ltr'>Germani</span> <span class='ocrx_word' id='word_1_108' title='bbox 1034 1504 1122 1570; x_wconf 90' lang='lat' dir='ltr'>sociis</span> <span class='ocrx_word' id='word_1_109' title='bbox 1189 1508 1263 1575; x_wconf 79' lang='lat' dir='ltr'>riter</span> 
     </span>
     <span class='ocr_line' id='line_1_15' title="bbox 196 1589 1261 1680; baseline 0.002 -22"><span class='ocrx_word' id='word_1_110' title='bbox 196 1607 292 1680; x_wconf 89' lang='lat' dir='ltr'>atque</span> <span class='ocrx_word' id='word_1_111' title='bbox 301 1593 443 1658; x_wconf 89' lang='lat' dir='ltr'>hostibus</span> <span class='ocrx_word' id='word_1_112' title='bbox 458 1590 637 1656; x_wconf 87' lang='lat' dir='ltr'>servitutem</span> <span class='ocrx_word' id='word_1_113' title='bbox 650 1591 859 1678; x_wconf 88' lang='lat' dir='ltr'>inposuerant.</span> <span class='ocrx_word' id='word_1_114' title='bbox 883 1591 970 1668; x_wconf 83' lang='lat' dir='ltr'>Quot</span> <span class='ocrx_word' id='word_1_115' title='bbox 982 1589 1100 1677; x_wconf 90' lang='lat' dir='ltr'>proeliis</span> <span class='ocrx_word' id='word_1_116' title='bbox 1154 1617 1261 1660; x_wconf 87' lang='lat' dir='ltr'>versus</span> 
     </span>
     <span class='ocr_line' id='line_1_16' title="bbox 197 1675 1261 1764; baseline 0.001 -21"><span class='ocrx_word' id='word_1_117' title='bbox 197 1679 341 1744; x_wconf 90' lang='lat' dir='ltr'>Cimbros</span> <span class='ocrx_word' id='word_1_118' title='bbox 356 1678 588 1764; x_wconf 85' lang='lat' dir='ltr'>Teutonesque,</span> <span class='ocrx_word' id='word_1_119' title='bbox 604 1675 729 1764; x_wconf 86' lang='lat' dir='ltr'>quantis</span> <span class='ocrx_word' id='word_1_120' title='bbox 743 1675 937 1740; x_wconf 88' lang='lat' dir='ltr'>exercituum</span> <span class='ocrx_word' id='word_1_121' title='bbox 956 1689 1133 1742; x_wconf 88' lang='lat' dir='ltr'>nostrorum</span> <span class='ocrx_word' id='word_1_122' title='bbox 1147 1677 1261 1744; x_wconf 88' lang='lat' dir='ltr'>labori-</span> 
     </span>
     <span class='ocr_line' id='line_1_17' title="bbox 193 1761 1261 1851; baseline 0.002 -23"><span class='ocrx_word' id='word_1_123' title='bbox 193 1765 264 1844; x_wconf 88' lang='lat' dir='ltr'>bus,</span> <span class='ocrx_word' id='word_1_124' title='bbox 274 1788 376 1851; x_wconf 88' lang='lat' dir='ltr'>quove</span> <span class='ocrx_word' id='word_1_125' title='bbox 387 1777 499 1828; x_wconf 90' lang='lat' dir='ltr'>eventu</span> <span class='ocrx_word' id='word_1_126' title='bbox 510 1762 696 1828; x_wconf 86' lang='lat' dir='ltr'>Germanica</span> <span class='ocrx_word' id='word_1_127' title='bbox 705 1761 787 1826; x_wconf 89' lang='lat' dir='ltr'>bella</span> <span class='ocrx_word' id='word_1_128' title='bbox 795 1761 1038 1840; x_wconf 82' lang='lat' dir='ltr'>tractaverimus,</span> <span class='ocrx_word' id='word_1_129' title='bbox 1050 1761 1122 1828; x_wconf 89' lang='lat' dir='ltr'>satis</span> <span class='ocrx_word' id='word_1_130' title='bbox 1132 1762 1261 1830; x_wconf 89' lang='lat' dir='ltr'>clarum.</span> 
     </span>
     <span class='ocr_line' id='line_1_18' title="bbox 196 1847 1263 1926; baseline 0.002 -13"><span class='ocrx_word' id='word_1_131' title='bbox 196 1852 264 1914; x_wconf 89' lang='lat' dir='ltr'>Nec</span> <span class='ocrx_word' id='word_1_132' title='bbox 282 1851 353 1913; x_wconf 90' lang='lat' dir='ltr'>ideo</span> <span class='ocrx_word' id='word_1_133' title='bbox 367 1850 516 1913; x_wconf 88' lang='lat' dir='ltr'>Rhenum</span> <span class='ocrx_word' id='word_1_134' title='bbox 536 1847 717 1926; x_wconf 87' lang='lat' dir='ltr'>insedimus,</span> <span class='ocrx_word' id='word_1_135' title='bbox 739 1860 776 1913; x_wconf 92' lang='lat' dir='ltr'>ut</span> <span class='ocrx_word' id='word_1_136' title='bbox 793 1847 918 1912; x_wconf 85' lang='lat' dir='ltr'>Italiam</span> <span class='ocrx_word' id='word_1_137' title='bbox 931 1860 1108 1924; x_wconf 82' lang='lat' dir='ltr'>tueremur3</span> <span class='ocrx_word' id='word_1_138' title='bbox 1133 1850 1188 1914; x_wconf 90' lang='lat' dir='ltr'>sed</span> <span class='ocrx_word' id='word_1_139' title='bbox 1208 1873 1263 1916; x_wconf 73' lang='lat' dir='ltr'>ne·</span> 
     </span>
     <span class='ocr_line' id='line_1_19' title="bbox 196 1932 1262 2022; baseline 0.003 -24"><span class='ocrx_word' id='word_1_140' title='bbox 196 1935 267 2022; x_wconf 90' lang='lat' dir='ltr'>quis</span> <span class='ocrx_word' id='word_1_141' title='bbox 292 1935 370 1999; x_wconf 88' lang='lat' dir='ltr'>alius</span> <span class='ocrx_word' id='word_1_142' title='bbox 394 1934 574 1998; x_wconf 86' lang='lat' dir='ltr'>Ariovistus</span> <span class='ocrx_word' id='word_1_143' title='bbox 598 1956 696 2020; x_wconf 89' lang='lat' dir='ltr'>regno</span> <span class='ocrx_word' id='word_1_144' title='bbox 718 1932 895 1998; x_wconf 85' lang='lat' dir='ltr'>Galliarum</span> <span class='ocrx_word' id='word_1_145' title='bbox 922 1935 1083 2019; x_wconf 88' lang='lat' dir='ltr'>potiretur.</span> <span class='ocrx_word' id='word_1_146' title='bbox 1125 1938 1183 2001; x_wconf 91' lang='lat' dir='ltr'>Au</span> <span class='ocrx_word' id='word_1_147' title='bbox 1205 1959 1262 2001; x_wconf 90' lang='lat' dir='ltr'>vos</span> 
     </span>
     <span class='ocr_line' id='line_1_20' title="bbox 194 2018 1261 2106; baseline -0.001 -21"><span class='ocrx_word' id='word_1_148' title='bbox 194 2020 325 2085; x_wconf 87' lang='lat' dir='ltr'>cariores</span> <span class='ocrx_word' id='word_1_149' title='bbox 341 2019 434 2085; x_wconf 90' lang='lat' dir='ltr'>Civili</span> <span class='ocrx_word' id='word_1_150' title='bbox 448 2018 639 2106; x_wconf 87' lang='lat' dir='ltr'>Batavisque</span> <span class='ocrx_word' id='word_1_151' title='bbox 653 2031 684 2082; x_wconf 93' lang='lat' dir='ltr'>et</span> <span class='ocrx_word' id='word_1_152' title='bbox 697 2018 946 2084; x_wconf 86' lang='lat' dir='ltr'>Transrhenanis</span> <span class='ocrx_word' id='word_1_153' title='bbox 965 2021 1113 2106; x_wconf 87' lang='lat' dir='ltr'>gentibus</span> <span class='ocrx_word' id='word_1_154' title='bbox 1125 2022 1261 2101; x_wconf 88' lang='lat' dir='ltr'>creditis,</span> 
     </span>
     <span class='ocr_line' id='line_1_21' title="bbox 193 2104 1261 2193; baseline 0.002 -23"><span class='ocrx_word' id='word_1_155' title='bbox 193 2129 290 2193; x_wconf 90' lang='lat' dir='ltr'>quam</span> <span class='ocrx_word' id='word_1_156' title='bbox 303 2105 472 2193; x_wconf 87' lang='lat' dir='ltr'>majoribus</span> <span class='ocrx_word' id='word_1_157' title='bbox 487 2127 594 2169; x_wconf 90' lang='lat' dir='ltr'>eorum</span> <span class='ocrx_word' id='word_1_158' title='bbox 608 2116 711 2191; x_wconf 90' lang='lat' dir='ltr'>patres</span> <span class='ocrx_word' id='word_1_159' title='bbox 725 2104 839 2190; x_wconf 90' lang='lat' dir='ltr'>avique</span> <span class='ocrx_word' id='word_1_160' title='bbox 852 2106 946 2170; x_wconf 90' lang='lat' dir='ltr'>vestri</span> <span class='ocrx_word' id='word_1_161' title='bbox 960 2107 1111 2170; x_wconf 82' lang='lat' dir='ltr'>fuerunt?</span> <span class='ocrx_word' id='word_1_162' title='bbox 1140 2107 1261 2172; x_wconf 88' lang='lat' dir='ltr'>Eadem</span> 
     </span>
     <span class='ocr_line' id='line_1_22' title="bbox 195 2189 1262 2280; baseline 0.002 -24"><span class='ocrx_word' id='word_1_163' title='bbox 195 2215 316 2278; x_wconf 91' lang='lat' dir='ltr'>semper</span> <span class='ocrx_word' id='word_1_164' title='bbox 326 2213 434 2256; x_wconf 90' lang='lat' dir='ltr'>caussa</span> <span class='ocrx_word' id='word_1_165' title='bbox 445 2189 609 2256; x_wconf 86' lang='lat' dir='ltr'>Germanis</span> <span class='ocrx_word' id='word_1_166' title='bbox 620 2189 856 2254; x_wconf 81' lang='lat' dir='ltr'>transcendendi</span> <span class='ocrx_word' id='word_1_167' title='bbox 869 2189 902 2253; x_wconf 93' lang='lat' dir='ltr'>in</span> <span class='ocrx_word' id='word_1_168' title='bbox 913 2189 1042 2270; x_wconf 88' lang='lat' dir='ltr'>Gallias,</span> <span class='ocrx_word' id='word_1_169' title='bbox 1057 2191 1155 2256; x_wconf 89' lang='lat' dir='ltr'>libido</span> <span class='ocrx_word' id='word_1_170' title='bbox 1165 2205 1262 2280; x_wconf 87' lang='lat' dir='ltr'>atque</span> 
     </span>
     <span class='ocr_line' id='line_1_23' title="bbox 195 2273 1260 2362; baseline 0.001 -20"><span class='ocrx_word' id='word_1_171' title='bbox 195 2277 324 2342; x_wconf 85' lang='lat' dir='ltr'>avaritia</span> <span class='ocrx_word' id='word_1_172' title='bbox 337 2291 369 2342; x_wconf 91' lang='lat' dir='ltr'>et</span> <span class='ocrx_word' id='word_1_173' title='bbox 383 2276 542 2341; x_wconf 86' lang='lat' dir='ltr'>mutandae</span> <span class='ocrx_word' id='word_1_174' title='bbox 556 2274 637 2341; x_wconf 89' lang='lat' dir='ltr'>sedis</span> <span class='ocrx_word' id='word_1_175' title='bbox 650 2297 747 2354; x_wconf 88' lang='lat' dir='ltr'>amor,</span> <span class='ocrx_word' id='word_1_176' title='bbox 765 2286 814 2355; x_wconf 86' lang='lat' dir='ltr'>ut,</span> <span class='ocrx_word' id='word_1_177' title='bbox 828 2273 942 2340; x_wconf 88' lang='lat' dir='ltr'>relictis</span> <span class='ocrx_word' id='word_1_178' title='bbox 962 2275 1131 2362; x_wconf 91' lang='lat' dir='ltr'>paludibus</span> <span class='ocrx_word' id='word_1_179' title='bbox 1144 2291 1177 2343; x_wconf 90' lang='lat' dir='ltr'>et</span> <span class='ocrx_word' id='word_1_180' title='bbox 1190 2279 1260 2344; x_wconf 87' lang='lat' dir='ltr'>soli-</span> 
     </span>
     <span class='ocr_line' id='line_1_24' title="bbox 195 2360 1261 2460; baseline 0 -33"><span class='ocrx_word' id='word_1_181' title='bbox 195 2363 358 2429; x_wconf 88' lang='lat' dir='ltr'>tudinibus</span> <span class='ocrx_word' id='word_1_182' title='bbox 382 2363 457 2441; x_wconf 91' lang='lat' dir='ltr'>suis,</span> <span class='ocrx_word' id='word_1_183' title='bbox 478 2361 735 2426; x_wconf 81' lang='lat' dir='ltr'>fecundissimum</span> <span class='ocrx_word' id='word_1_184' title='bbox 754 2360 815 2425; x_wconf 92' lang='lat' dir='ltr'>hoc</span> <span class='ocrx_word' id='word_1_185' title='bbox 836 2360 936 2425; x_wconf 87' lang='lat' dir='ltr'>solum</span> <span class='ocrx_word' id='word_1_186' title='bbox 948 2385 1067 2460; x_wconf 76' lang='lat' dir='ltr'>vosque</span> <span class='ocrx_word' id='word_1_187' title='bbox 1086 2363 1170 2449; x_wconf 90' lang='lat' dir='ltr'>ipsos</span> <span class='ocrx_word' id='word_1_188' title='bbox 1190 2387 1261 2451; x_wconf 86' lang='lat' dir='ltr'>pus-</span> 
     </span>
    </p>
   </div>
   <div class='ocr_carea' id='block_1_3' title="bbox 80 2446 1260 2546">
    <p class='ocr_par' dir='ltr' id='par_1_4' title="bbox 80 2446 1260 2546">
     <span class='ocr_line' id='line_1_25' title="bbox 80 2446 1260 2546; baseline 0.003 -33"><span class='ocrx_word' id='word_1_189' title='bbox 80 2516 87 2521; x_wconf 64' lang='lat'>,</span> <span class='ocrx_word' id='word_1_190' title='bbox 196 2448 338 2515; x_wconf 89' lang='lat' dir='ltr'>siderent.</span> <span class='ocrx_word' id='word_1_191' title='bbox 384 2449 532 2513; x_wconf 89' lang='lat' dir='ltr'>Ceterum</span> <span class='ocrx_word' id='word_1_192' title='bbox 546 2447 672 2513; x_wconf 87' lang='lat' dir='ltr'>libertas</span> <span class='ocrx_word' id='word_1_193' title='bbox 690 2457 721 2545; x_wconf 81' lang='lat' dir='ltr'>et</span> <span class='ocrx_word' id='word_1_194' title='bbox 736 2446 872 2536; x_wconf 85' lang='lat' dir='ltr'>speciosa</span> <span class='ocrx_word' id='word_1_195' title='bbox 885 2469 1011 2546; x_wconf 81' lang='lat' dir='ltr'>nomina</span> <span class='ocrx_word' id='word_1_196' title='bbox 1024 2463 1260 2536; x_wconf 84' lang='lat' dir='ltr'>praetexuntur:</span> 
     </span>
    </p>
   </div>
   <div class='ocr_carea' id='block_1_4' title="bbox 189 2530 1262 3057">
    <p class='ocr_par' dir='ltr' id='par_1_5' title="bbox 194 2530 1262 2706">
     <span class='ocr_line' id='line_1_26' title="bbox 195 2530 1262 2633; baseline 0.005 -36"><span class='ocrx_word' id='word_1_197' title='bbox 195 2557 252 2600; x_wconf 89' lang='lat' dir='ltr'>nec</span> <span class='ocrx_word' id='word_1_198' title='bbox 270 2535 437 2633; x_wconf 74' lang='lat' dir='ltr'>quisquam</span> <span class='ocrx_word' id='word_1_199' title='bbox 458 2530 594 2599; x_wconf 88' lang='lat' dir='ltr'>alienum</span> <span class='ocrx_word' id='word_1_200' title='bbox 615 2533 775 2598; x_wconf 80' lang='lat' dir='ltr'>servitium</span> <span class='ocrx_word' id='word_1_201' title='bbox 796 2547 828 2598; x_wconf 92' lang='lat' dir='ltr'>et</span> <span class='ocrx_word' id='word_1_202' title='bbox 848 2532 1090 2601; x_wconf 80' lang='lat' dir='ltr'>dominationem</span> <span class='ocrx_word' id='word_1_203' title='bbox 1112 2535 1171 2601; x_wconf 90' lang='lat' dir='ltr'>sibi</span> <span class='ocrx_word' id='word_1_204' title='bbox 1188 2559 1262 2602; x_wconf 87' lang='lat' dir='ltr'>oon-</span> 
     </span>
     <span class='ocr_line' id='line_1_27' title="bbox 194 2618 995 2706; baseline -0.002 -21"><span class='ocrx_word' id='word_1_205' title='bbox 194 2643 233 2691; x_wconf 89' lang='lat' dir='ltr'>cu</span> <span class='ocrx_word' id='word_1_206' title='bbox 257 2621 323 2701; x_wconf 84' lang='lat' dir='ltr'>ivrt,</span> <span class='ocrx_word' id='word_1_207' title='bbox 339 2636 376 2685; x_wconf 88' lang='lat' dir='ltr'>ut</span> <span class='ocrx_word' id='word_1_208' title='bbox 388 2642 450 2685; x_wconf 92' lang='lat' dir='ltr'>non</span> <span class='ocrx_word' id='word_1_209' title='bbox 464 2620 572 2685; x_wconf 88' lang='lat' dir='ltr'>eadem</span> <span class='ocrx_word' id='word_1_210' title='bbox 585 2618 646 2683; x_wconf 91' lang='lat' dir='ltr'>ista</span> <span class='ocrx_word' id='word_1_211' title='bbox 657 2618 808 2684; x_wconf 88' lang='lat' dir='ltr'>vocabula</span> <span class='ocrx_word' id='word_1_212' title='bbox 822 2635 995 2706; x_wconf 86' lang='lat' dir='ltr'>usurparet.</span> 
     </span>
    </p>

    <p class='ocr_par' dir='ltr' id='par_1_6' title="bbox 189 2704 1262 3057">
     <span class='ocr_line' id='line_1_28' title="bbox 270 2704 1262 2793; baseline 0.001 -22"><span class='ocrx_word' id='word_1_213' title='bbox 270 2708 404 2771; x_wconf 84' lang='lat' dir='ltr'>XXIV.</span> <span class='ocrx_word' id='word_1_214' title='bbox 422 2713 443 2746; x_wconf 89' lang='lat'><strong>“</strong></span> <span class='ocrx_word' id='word_1_215' title='bbox 453 2706 565 2790; x_wconf 84' lang='lat' dir='ltr'>Regna</span> <span class='ocrx_word' id='word_1_216' title='bbox 573 2704 911 2791; x_wconf 83' lang='lat' dir='ltr'>bellaqueperGallias</span> <span class='ocrx_word' id='word_1_217' title='bbox 925 2728 1046 2793; x_wconf 89' lang='lat' dir='ltr'>semper</span> <span class='ocrx_word' id='word_1_218' title='bbox 1054 2706 1154 2787; x_wconf 85' lang='lat' dir='ltr'>fuere,</span> <span class='ocrx_word' id='word_1_219' title='bbox 1163 2706 1262 2773; x_wconf 91' lang='lat' dir='ltr'>donec</span> 
     </span>
     <span class='ocr_line' id='line_1_29' title="bbox 194 2789 1261 2879; baseline 0.002 -24"><span class='ocrx_word' id='word_1_220' title='bbox 194 2791 227 2855; x_wconf 92' lang='lat' dir='ltr'>in</span> <span class='ocrx_word' id='word_1_221' title='bbox 241 2805 381 2856; x_wconf 89' lang='lat' dir='ltr'>nostrum</span> <span class='ocrx_word' id='word_1_222' title='bbox 391 2792 446 2878; x_wconf 87' lang='lat' dir='ltr'>jus</span> <span class='ocrx_word' id='word_1_223' title='bbox 456 2789 671 2853; x_wconf 85' lang='lat' dir='ltr'>concederetis.</span> <span class='ocrx_word' id='word_1_224' title='bbox 701 2791 779 2867; x_wconf 90' lang='lat' dir='ltr'>Nos,</span> <span class='ocrx_word' id='word_1_225' title='bbox 790 2812 982 2879; x_wconf 91' lang='lat' dir='ltr'>quamquam</span> <span class='ocrx_word' id='word_1_226' title='bbox 993 2792 1105 2856; x_wconf 85' lang='lat' dir='ltr'>totiens</span> <span class='ocrx_word' id='word_1_227' title='bbox 1117 2791 1261 2872; x_wconf 88' lang='lat' dir='ltr'>lacessiti,</span> 
     </span>
     <span class='ocr_line' id='line_1_30' title="bbox 189 2873 1260 2963; baseline 0.003 -24"><span class='ocrx_word' id='word_1_228' title='bbox 189 2877 264 2963; x_wconf 84' lang='lat' dir='ltr'>jure</span> <span class='ocrx_word' id='word_1_229' title='bbox 274 2875 412 2941; x_wconf 86' lang='lat' dir='ltr'>victoriae</span> <span class='ocrx_word' id='word_1_230' title='bbox 426 2874 459 2938; x_wconf 95' lang='lat' dir='ltr'>id</span> <span class='ocrx_word' id='word_1_231' title='bbox 474 2873 573 2938; x_wconf 90' lang='lat' dir='ltr'>solum</span> <span class='ocrx_word' id='word_1_232' title='bbox 585 2874 673 2937; x_wconf 92' lang='lat' dir='ltr'>vobis</span> <span class='ocrx_word' id='word_1_233' title='bbox 687 2873 875 2953; x_wconf 87' lang='lat' dir='ltr'>addidimus,</span> <span class='ocrx_word' id='word_1_234' title='bbox 890 2898 956 2961; x_wconf 92' lang='lat' dir='ltr'>quo</span> <span class='ocrx_word' id='word_1_235' title='bbox 969 2899 1077 2963; x_wconf 86' lang='lat' dir='ltr'>pacem</span> <span class='ocrx_word' id='word_1_236' title='bbox 1092 2889 1260 2942; x_wconf 90' lang='lat' dir='ltr'>tueremur.</span> 
     </span>
     <span class='ocr_line' id='line_1_31' title="bbox 195 2958 1262 3057; baseline 0.001 -31"><span class='ocrx_word' id='word_1_237' title='bbox 195 2963 280 3026; x_wconf 89' lang='lat' dir='ltr'>Nam</span> <span class='ocrx_word' id='word_1_238' title='bbox 299 2983 401 3047; x_wconf 90' lang='lat' dir='ltr'>neque</span> <span class='ocrx_word' id='word_1_239' title='bbox 415 2958 503 3047; x_wconf 89' lang='lat' dir='ltr'>quies</span> <span class='ocrx_word' id='word_1_240' title='bbox 520 2958 662 3057; x_wconf 77' lang='lat' dir='ltr'>gentium</span> <span class='ocrx_word' id='word_1_241' title='bbox 682 2958 746 3023; x_wconf 90' lang='lat' dir='ltr'>sine</span> <span class='ocrx_word' id='word_1_242' title='bbox 764 2959 869 3037; x_wconf 90' lang='lat' dir='ltr'>armis,</span> <span class='ocrx_word' id='word_1_243' title='bbox 891 2982 994 3046; x_wconf 88' lang='lat' dir='ltr'>neque</span> <span class='ocrx_word' id='word_1_244' title='bbox 1014 2984 1101 3026; x_wconf 88' lang='lat' dir='ltr'>arma</span> <span class='ocrx_word' id='word_1_245' title='bbox 1122 2961 1187 3025; x_wconf 89' lang='lat' dir='ltr'>sine</span> <span class='ocrx_word' id='word_1_246' title='bbox 1208 2964 1262 3027; x_wconf 91' lang='lat' dir='ltr'>sti-</span> 
     </span>
    </p>
   </div>
   <div class='ocr_carea' id='block_1_5' title="bbox 193 3043 1262 3391">
    <p class='ocr_par' dir='ltr' id='par_1_7' title="bbox 193 3043 1262 3391">
     <span class='ocr_line' id='line_1_32' title="bbox 194 3043 1262 3146; baseline 0 -35"><span class='ocrx_word' id='word_1_247' title='bbox 194 3045 326 3146; x_wconf 87' lang='lat' dir='ltr'>pendiis,</span> <span class='ocrx_word' id='word_1_248' title='bbox 341 3068 443 3143; x_wconf 78' lang='lat' dir='ltr'>neque</span> <span class='ocrx_word' id='word_1_249' title='bbox 456 3043 610 3132; x_wconf 80' lang='lat' dir='ltr'>stipendia</span> <span class='ocrx_word' id='word_1_250' title='bbox 625 3043 690 3109; x_wconf 81' lang='lat' dir='ltr'>slus</span> <span class='ocrx_word' id='word_1_251' title='bbox 704 3043 831 3109; x_wconf 89' lang='lat' dir='ltr'>tributis</span> <span class='ocrx_word' id='word_1_252' title='bbox 851 3044 961 3111; x_wconf 89' lang='lat' dir='ltr'>haberi</span> <span class='ocrx_word' id='word_1_253' title='bbox 974 3059 1103 3133; x_wconf 89' lang='lat' dir='ltr'>queunt.</span> <span class='ocrx_word' id='word_1_254' title='bbox 1147 3047 1262 3112; x_wconf 76' lang='lat' dir='ltr'>Cetera</span> 
     </span>
     <span class='ocr_line' id='line_1_33' title="bbox 194 3128 1261 3231; baseline 0.001 -34"><span class='ocrx_word' id='word_1_255' title='bbox 194 3154 228 3197; x_wconf 88' lang='lat' dir='ltr'>m</span> <span class='ocrx_word' id='word_1_256' title='bbox 253 3154 409 3197; x_wconf 88' lang='lat' dir='ltr'>commum</span> <span class='ocrx_word' id='word_1_257' title='bbox 437 3130 495 3195; x_wconf 89' lang='lat' dir='ltr'>sita</span> <span class='ocrx_word' id='word_1_258' title='bbox 520 3142 600 3194; x_wconf 90' lang='lat' dir='ltr'>sunt.</span> <span class='ocrx_word' id='word_1_259' title='bbox 646 3128 713 3217; x_wconf 91' lang='lat' dir='ltr'>Ipsi</span> <span class='ocrx_word' id='word_1_260' title='bbox 741 3130 926 3218; x_wconf 91' lang='lat' dir='ltr'>plerumque</span> <span class='ocrx_word' id='word_1_261' title='bbox 948 3130 1122 3231; x_wconf 77' lang='lat' dir='ltr'>legionibus</span> <span class='ocrx_word' id='word_1_262' title='bbox 1148 3134 1261 3198; x_wconf 91' lang='lat' dir='ltr'>nostris</span> 
     </span>
     <span class='ocr_line' id='line_1_34' title="bbox 193 3214 1261 3307; baseline 0 -24"><span class='ocrx_word' id='word_1_263' title='bbox 193 3216 383 3307; x_wconf 84' lang='lat' dir='ltr'>praesidetis:</span> <span class='ocrx_word' id='word_1_264' title='bbox 406 3215 465 3303; x_wconf 91' lang='lat' dir='ltr'>ipsi</span> <span class='ocrx_word' id='word_1_265' title='bbox 483 3216 539 3280; x_wconf 90' lang='lat' dir='ltr'>has</span> <span class='ocrx_word' id='word_1_266' title='bbox 553 3214 690 3301; x_wconf 86' lang='lat' dir='ltr'>aliasque</span> <span class='ocrx_word' id='word_1_267' title='bbox 709 3215 884 3301; x_wconf 85' lang='lat' dir='ltr'>provincias</span> <span class='ocrx_word' id='word_1_268' title='bbox 903 3216 1020 3302; x_wconf 83' lang='lat' dir='ltr'>regins.</span> <span class='ocrx_word' id='word_1_269' title='bbox 1063 3217 1153 3282; x_wconf 92' lang='lat' dir='ltr'>Nihil</span> <span class='ocrx_word' id='word_1_270' title='bbox 1174 3242 1261 3307; x_wconf 87' lang='lat' dir='ltr'>sepa·</span> 
     </span>
     <span class='ocr_line' id='line_1_35' title="bbox 193 3298 1259 3391; baseline 0.002 -24"><span class='ocrx_word' id='word_1_271' title='bbox 193 3316 297 3369; x_wconf 91' lang='lat' dir='ltr'>ratum</span> <span class='ocrx_word' id='word_1_272' title='bbox 312 3302 498 3367; x_wconf 90' lang='lat' dir='ltr'>clausumve.</span> <span class='ocrx_word' id='word_1_273' title='bbox 543 3300 590 3365; x_wconf 91' lang='lat' dir='ltr'>Et</span> <span class='ocrx_word' id='word_1_274' title='bbox 602 3298 800 3367; x_wconf 86' lang='lat' dir='ltr'>laudatorum</span> <span class='ocrx_word' id='word_1_275' title='bbox 812 3300 994 3389; x_wconf 89' lang='lat' dir='ltr'>Principum</span> <span class='ocrx_word' id='word_1_276' title='bbox 1013 3325 1090 3367; x_wconf 91' lang='lat' dir='ltr'>usus</span> <span class='ocrx_word' id='word_1_277' title='bbox 1103 3326 1143 3368; x_wconf 88' lang='lat' dir='ltr'>ex</span> <span class='ocrx_word' id='word_1_278' title='bbox 1156 3327 1259 3391; x_wconf 85' lang='lat' dir='ltr'>aequo,</span> 
     </span>
    </p>
   </div>
   <div class='ocr_carea' id='block_1_6' title="bbox 187 3476 1262 4186">
    <p class='ocr_par' dir='ltr' id='par_1_8' title="bbox 187 3476 1262 4186">
     <span class='ocr_line' id='line_1_36' title="bbox 225 3476 1261 3545; baseline 0.001 -15"><span class='ocrx_word' id='word_1_279' title='bbox 225 3484 474 3544; x_wconf 78' lang='lat' dir='ltr'>Nequregoarqunm</span> <span class='ocrx_word' id='word_1_280' title='bbox 484 3479 539 3542; x_wconf 79' lang='lat' dir='ltr'>etc]</span> <span class='ocrx_word' id='word_1_281' title='bbox 557 3477 601 3527; x_wconf 82' lang='lat' dir='ltr'>Est</span> <span class='ocrx_word' id='word_1_282' title='bbox 610 3476 709 3527; x_wconf 86' lang='lat' dir='ltr'>imitatio</span> <span class='ocrx_word' id='word_1_283' title='bbox 783 3479 815 3526; x_wconf 84' lang='lat' dir='ltr'>Id</span> <span class='ocrx_word' id='word_1_284' title='bbox 824 3479 900 3527; x_wconf 76' lang='lat' dir='ltr'>solam</span> <span class='ocrx_word' id='word_1_285' title='bbox 914 3480 977 3527; x_wconf 67' lang='lat' dir='ltr'>ooth</span> <span class='ocrx_word' id='word_1_286' title='bbox 987 3479 1133 3545; x_wconf 63' lang='lat' dir='ltr'>mutnus]</span> <span class='ocrx_word' id='word_1_287' title='bbox 1159 3480 1261 3531; x_wconf 79' lang='lat' dir='ltr'>Suavius</span> 
     </span>
     <span class='ocr_line' id='line_1_37' title="bbox 195 3541 1262 3621; baseline -0.002 -26"><span class='ocrx_word' id='word_1_288' title='bbox 195 3544 313 3595; x_wconf 73' lang='lat' dir='ltr'>Ontionis</span> <span class='ocrx_word' id='word_1_289' title='bbox 324 3544 535 3611; x_wconf 72' lang='lat' dir='ltr'>Irivianae28,27.</span> <span class='ocrx_word' id='word_1_290' title='bbox 548 3543 621 3591; x_wconf 75' lang='lat' dir='ltr'>aas.</span> <span class='ocrx_word' id='word_1_291' title='bbox 743 3541 938 3603; x_wconf 69' lang='lat' dir='ltr'>uocantum,</span> <span class='ocrx_word' id='word_1_292' title='bbox 946 3546 1099 3607; x_wconf 78' lang='lat' dir='ltr'>quambonus</span> <span class='ocrx_word' id='word_1_293' title='bbox 1107 3544 1206 3593; x_wconf 80' lang='lat' dir='ltr'>Fulvius</span> <span class='ocrx_word' id='word_1_294' title='bbox 1215 3560 1262 3621; x_wconf 83' lang='lat' dir='ltr'>pn-</span> 
     </span>
     <span class='ocr_line' id='line_1_38' title="bbox 202 3606 1261 3674; baseline 0.004 -19"><span class='ocrx_word' id='word_1_295' title='bbox 202 3646 205 3655; x_wconf 78' lang='lat'>.</span> <span class='ocrx_word' id='word_1_296' title='bbox 227 3611 402 3674; x_wconf 79' lang='lat' dir='ltr'>AErttmaatur]</span> <span class='ocrx_word' id='word_1_297' title='bbox 424 3609 650 3657; x_wconf 73' lang='lat' dir='ltr'>Budcatimentar·</span> <span class='ocrx_word' id='word_1_298' title='bbox 673 3606 713 3657; x_wconf 81' lang='lat' dir='ltr'>Cf.</span> <span class='ocrx_word' id='word_1_299' title='bbox 744 3608 996 3669; x_wconf 60' lang='lat' dir='ltr'>murmuraremus</span> <span class='ocrx_word' id='word_1_300' title='bbox 1004 3608 1123 3671; x_wconf 79' lang='lat' dir='ltr'>malebat).</span> <span class='ocrx_word' id='word_1_301' title='bbox 1140 3608 1261 3673; x_wconf 50' lang='lat' dir='ltr'>Sunium</span> 
     </span>
     <span class='ocr_line' id='line_1_39' title="bbox 193 3670 1260 3736; baseline 0.002 -15"><span class='ocrx_word' id='word_1_302' title='bbox 193 3674 406 3732; x_wconf 61' lang='lat' dir='ltr'>nonusdhlss,</span> <span class='ocrx_word' id='word_1_303' title='bbox 420 3670 636 3731; x_wconf 77' lang='lat' dir='ltr'>17.15,21.H.1‚</span> <span class='ocrx_word' id='word_1_304' title='bbox 650 3671 689 3718; x_wconf 74' lang='lat'>14.</span> <span class='ocrx_word' id='word_1_305' title='bbox 743 3670 808 3719; x_wconf 84' lang='lat' dir='ltr'>enim</span> <span class='ocrx_word' id='word_1_306' title='bbox 828 3671 955 3732; x_wconf 78' lang='lat' dir='ltr'>interdum,</span> <span class='ocrx_word' id='word_1_307' title='bbox 974 3688 1028 3736; x_wconf 82' lang='lat' dir='ltr'>qua</span> <span class='ocrx_word' id='word_1_308' title='bbox 1045 3671 1177 3721; x_wconf 83' lang='lat' dir='ltr'>Menander</span> <span class='ocrx_word' id='word_1_309' title='bbox 1193 3684 1260 3723; x_wconf 76' lang='lat' dir='ltr'>vocat</span> 
     </span>
     <span class='ocr_line' id='line_1_40' title="bbox 187 3734 1260 3801; baseline 0 -16"><span class='ocrx_word' id='word_1_310' title='bbox 187 3782 188 3785; x_wconf 76' lang='grc'>,</span> <span class='ocrx_word' id='word_1_311' title='bbox 234 3738 419 3801; x_wconf 71' lang='lat' dir='ltr'>Saturarum]</span> <span class='ocrx_word' id='word_1_312' title='bbox 453 3738 510 3787; x_wconf 89' lang='lat' dir='ltr'>MS.</span> <span class='ocrx_word' id='word_1_313' title='bbox 524 3735 584 3799; x_wconf 75' lang='lat' dir='ltr'>Agr.</span> <span class='ocrx_word' id='word_1_314' title='bbox 603 3736 638 3798; x_wconf 86' lang='lat' dir='ltr'>(et</span> <span class='ocrx_word' id='word_1_315' title='bbox 650 3734 710 3798; x_wconf 81' lang='lat' dir='ltr'>Reg.</span> <span class='ocrx_word' id='word_1_316' title='bbox 745 3736 838 3781; x_wconf 69' lang='grc' dir='ltr'>ἐπίθετα</span> <span class='ocrx_word' id='word_1_317' title='bbox 848 3736 915 3791; x_wconf 73' lang='lat' dir='ltr'>acal,</span> <span class='ocrx_word' id='word_1_318' title='bbox 925 3744 953 3785; x_wconf 91' lang='lat' dir='ltr'>ut</span> <span class='ocrx_word' id='word_1_319' title='bbox 962 3737 1002 3797; x_wconf 86' lang='lat' dir='ltr'>sit,</span> <span class='ocrx_word' id='word_1_320' title='bbox 1013 3737 1130 3787; x_wconf 65' lang='lat' dir='ltr'>orariam</span> <span class='ocrx_word' id='word_1_321' title='bbox 1189 3737 1195 3749; x_wconf 86' lang='grc'><em>’</em></span> <span class='ocrx_word' id='word_1_322' title='bbox 1222 3754 1260 3799; x_wconf 83' lang='lat' dir='ltr'>us,</span> 
     </span>
     <span class='ocr_line' id='line_1_41' title="bbox 192 3798 1259 3865; baseline 0.002 -15"><span class='ocrx_word' id='word_1_323' title='bbox 192 3801 605 3864; x_wconf 66' lang='lat' dir='ltr'>lull.)ed·pr.rutiscluret=verbo</span> <span class='ocrx_word' id='word_1_324' title='bbox 615 3800 711 3862; x_wconf 88' lang='lat' dir='ltr'>poetico,</span> <span class='ocrx_word' id='word_1_325' title='bbox 743 3798 824 3847; x_wconf 84' lang='lat' dir='ltr'>durius</span> <span class='ocrx_word' id='word_1_326' title='bbox 839 3799 864 3847; x_wconf 89' lang='lat' dir='ltr'>in</span> <span class='ocrx_word' id='word_1_327' title='bbox 879 3815 919 3849; x_wconf 87' lang='lat' dir='ltr'>vos</span> <span class='ocrx_word' id='word_1_328' title='bbox 934 3801 1072 3851; x_wconf 75' lang='lat' dir='ltr'>statuimusr</span> <span class='ocrx_word' id='word_1_329' title='bbox 1089 3812 1117 3850; x_wconf 88' lang='lat' dir='ltr'>ut</span> <span class='ocrx_word' id='word_1_330' title='bbox 1158 3802 1259 3865; x_wconf 72' lang='lat' dir='ltr'>croniti,</span> 
     </span>
     <span class='ocr_line' id='line_1_42' title="bbox 209 3864 1262 3927; baseline 0.003 -12"><span class='ocrx_word' id='word_1_331' title='bbox 209 3865 544 3927; x_wconf 77' lang='lat' dir='ltr'>uod&#39;l&#39;acituunonrefugerit:</span> <span class='ocrx_word' id='word_1_332' title='bbox 557 3864 712 3927; x_wconf 82' lang='lat' dir='ltr'>necdisplicet</span> <span class='ocrx_word' id='word_1_333' title='bbox 743 3865 784 3913; x_wconf 80' lang='lat'>90.</span> <span class='ocrx_word' id='word_1_334' title='bbox 813 3866 911 3913; x_wconf 70' lang='lat' dir='ltr'>Teucris</span> <span class='ocrx_word' id='word_1_335' title='bbox 921 3867 1083 3915; x_wconf 66' lang='lat' dir='ltr'>adamam</span> <span class='ocrx_word' id='word_1_336' title='bbox 1105 3865 1262 3917; x_wconf 65' lang='lat' dir='ltr'>videatne·</span> 
     </span>
     <span class='ocr_line' id='line_1_43' title="bbox 216 3928 1260 3995; baseline 0.003 -16"><span class='ocrx_word' id='word_1_337' title='bbox 216 3931 292 3995; x_wconf 70' lang='lat' dir='ltr'>ydio.</span> <span class='ocrx_word' id='word_1_338' title='bbox 308 3930 342 3979; x_wconf 79' lang='lat' dir='ltr'>m</span> <span class='ocrx_word' id='word_1_339' title='bbox 352 3928 384 3978; x_wconf 84' lang='lat' dir='ltr'>sic</span> <span class='ocrx_word' id='word_1_340' title='bbox 392 3938 618 3991; x_wconf 63' lang='lat' dir='ltr'>eorumquoque</span> <span class='ocrx_word' id='word_1_341' title='bbox 628 3944 712 3977; x_wconf 85' lang='lat' dir='ltr'>manus</span> <span class='ocrx_word' id='word_1_342' title='bbox 742 3942 806 3977; x_wconf 67' lang='lat' dir='ltr'>new</span> <span class='ocrx_word' id='word_1_343' title='bbox 813 3928 1072 3981; x_wconf 66' lang='lat' dir='ltr'>autumnitatem</span> <span class='ocrx_word' id='word_1_344' title='bbox 1081 3930 1150 3987; x_wconf 76' lang='lat'>1237.</span> <span class='ocrx_word' id='word_1_345' title='bbox 1167 3932 1260 3982; x_wconf 75' lang='lat' dir='ltr'>Gnou.</span> 
     </span>
     <span class='ocr_line' id='line_1_44' title="bbox 192 3992 1259 4061; baseline 0 -16"><span class='ocrx_word' id='word_1_346' title='bbox 192 3995 260 4045; x_wconf 82' lang='lat' dir='ltr'>docta</span> <span class='ocrx_word' id='word_1_347' title='bbox 273 3994 298 4043; x_wconf 89' lang='lat' dir='ltr'>in</span> <span class='ocrx_word' id='word_1_348' title='bbox 315 3993 351 4043; x_wconf 75' lang='lat' dir='ltr'>ed.</span> <span class='ocrx_word' id='word_1_349' title='bbox 366 3993 458 4057; x_wconf 85' lang='lat' dir='ltr'>Gryph.</span> <span class='ocrx_word' id='word_1_350' title='bbox 484 3993 556 4041; x_wconf 76' lang='lat' dir='ltr'>Eun.</span> <span class='ocrx_word' id='word_1_351' title='bbox 588 3992 652 4041; x_wconf 88' lang='lat' dir='ltr'>Bud.</span> <span class='ocrx_word' id='word_1_352' title='bbox 665 3995 712 4041; x_wconf 80' lang='lat' dir='ltr'>clu·</span> <span class='ocrx_word' id='word_1_353' title='bbox 777 3993 1100 4061; x_wconf 66' lang='lat' dir='ltr'>manummpmapam}</span> <span class='ocrx_word' id='word_1_354' title='bbox 1115 3995 1259 4061; x_wconf 72' lang='lat' dir='ltr'>Acutugno-</span> 
     </span>
     <span class='ocr_line' id='line_1_45' title="bbox 194 4060 1258 4124; baseline 0.002 -16"><span class='ocrx_word' id='word_1_355' title='bbox 194 4075 258 4108; x_wconf 79' lang='lat' dir='ltr'>rum.</span> <span class='ocrx_word' id='word_1_356' title='bbox 564 4066 570 4089; x_wconf 77' lang='lat'>⁸</span> <span class='ocrx_word' id='word_1_357' title='bbox 743 4071 797 4107; x_wconf 72' lang='lat' dir='ltr'>mes</span> <span class='ocrx_word' id='word_1_358' title='bbox 814 4072 886 4120; x_wconf 83' lang='lat' dir='ltr'>quam</span> <span class='ocrx_word' id='word_1_359' title='bbox 900 4060 1033 4121; x_wconf 70' lang='lat' dir='ltr'>nonabsit,</span> <span class='ocrx_word' id='word_1_360' title='bbox 1047 4060 1202 4124; x_wconf 69' lang='lat' dir='ltr'>quinullide</span> <span class='ocrx_word' id='word_1_361' title='bbox 1216 4062 1258 4109; x_wconf 81' lang='lat' dir='ltr'>ab·</span> 
     </span>
     <span class='ocr_line' id='line_1_46' title="bbox 233 4120 1258 4186; baseline 0.001 -13"><span class='ocrx_word' id='word_1_362' title='bbox 233 4124 344 4173; x_wconf 61' lang='lat' dir='ltr'>mum</span> <span class='ocrx_word' id='word_1_363' title='bbox 364 4122 506 4186; x_wconf 70' lang='lat' dir='ltr'>enauimus]</span> <span class='ocrx_word' id='word_1_364' title='bbox 540 4120 588 4172; x_wconf 72' lang='lat' dir='ltr'>Int·</span> <span class='ocrx_word' id='word_1_365' title='bbox 607 4120 710 4183; x_wconf 86' lang='lat' dir='ltr'>coloniis,</span> <span class='ocrx_word' id='word_1_366' title='bbox 743 4120 838 4171; x_wconf 79' lang='lat' dir='ltr'>ductam</span> <span class='ocrx_word' id='word_1_367' title='bbox 859 4121 969 4172; x_wconf 79' lang='lat' dir='ltr'>Sdluatio</span> <span class='ocrx_word' id='word_1_368' title='bbox 989 4124 1089 4184; x_wconf 75' lang='lat' dir='ltr'>credun,</span> <span class='ocrx_word' id='word_1_369' title='bbox 1111 4125 1137 4174; x_wconf 90' lang='lat' dir='ltr'>in</span> <span class='ocrx_word' id='word_1_370' title='bbox 1156 4124 1258 4173; x_wconf 69' lang='lat' dir='ltr'>maone</span> 
     </span>
    </p>
   </div>
   <div class='ocr_carea' id='block_1_7' title="bbox 193 4184 1374 4252">
    <p class='ocr_par' dir='ltr' id='par_1_9' title="bbox 193 4184 1374 4252">
     <span class='ocr_line' id='line_1_47' title="bbox 193 4184 1374 4252; baseline -0.003 -14"><span class='ocrx_word' id='word_1_371' title='bbox 193 4187 397 4239; x_wconf 71' lang='lat' dir='ltr'>summanus.</span> <span class='ocrx_word' id='word_1_372' title='bbox 743 4184 1046 4252; x_wconf 78' lang='lat' dir='ltr'>SullaadBoochumJug.</span> <span class='ocrx_word' id='word_1_373' title='bbox 1057 4191 1110 4239; x_wconf 78' lang='lat'>1⁰2·</span> <span class='ocrx_word' id='word_1_374' title='bbox 1140 4188 1260 4237; x_wconf 72' lang='lat' dir='ltr'>ttttvero</span> <span class='ocrx_word' id='word_1_375' title='bbox 1372 4203 1374 4206; x_wconf 93' lang='lat'>·</span> 
     </span>
    </p>
   </div>
   <div class='ocr_carea' id='block_1_8' title="bbox 193 4251 1260 4561">
    <p class='ocr_par' dir='ltr' id='par_1_10' title="bbox 193 4251 1260 4561">
     <span class='ocr_line' id='line_1_48' title="bbox 228 4251 1260 4331; baseline -0.003 -30"><span class='ocrx_word' id='word_1_376' title='bbox 228 4253 443 4301; x_wconf 64' lang='lat' dir='ltr'>ceurentium</span> <span class='ocrx_word' id='word_1_377' title='bbox 473 4251 692 4327; x_wconf 40' lang='lat' dir='ltr'>humarum..</span> <span class='ocrx_word' id='word_1_378' title='bbox 743 4251 809 4297; x_wconf 71' lang='lat' dir='ltr'>nuta</span> <span class='ocrx_word' id='word_1_379' title='bbox 818 4252 925 4299; x_wconf 67' lang='lat' dir='ltr'>ameria</span> <span class='ocrx_word' id='word_1_380' title='bbox 935 4255 1088 4331; x_wconf 42' lang='grc' dir='ltr'>φρονίμων</span> <span class='ocrx_word' id='word_1_381' title='bbox 1096 4258 1192 4329; x_wconf 59' lang='lat' dir='ltr'>noum.-</span> <span class='ocrx_word' id='word_1_382' title='bbox 1203 4253 1260 4314; x_wconf 78' lang='lat' dir='ltr'>prt-</span> 
     </span>
     <span class='ocr_line' id='line_1_49' title="bbox 193 4442 983 4561; baseline -0.003 -66"><span class='ocrx_word' id='word_1_383' title='bbox 193 4454 382 4561; x_wconf 51' lang='lat' dir='ltr'>ssfflnuum&#39;</span> <span class='ocrx_word' id='word_1_384' title='bbox 397 4453 487 4539; x_wconf 78' lang='lat' dir='ltr'>peperit</span> <span class='ocrx_word' id='word_1_385' title='bbox 497 4452 577 4497; x_wconf 83' lang='lat' dir='ltr'>notam</span> <span class='ocrx_word' id='word_1_386' title='bbox 589 4442 709 4493; x_wconf 86' lang='lat' dir='ltr'>Rhenano.</span> <span class='ocrx_word' id='word_1_387' title='bbox 743 4444 879 4497; x_wconf 67' lang='lat' dir='ltr'>amamur.</span> <span class='ocrx_word' id='word_1_388' title='bbox 907 4445 983 4494; x_wconf 75' lang='lat' dir='ltr'>hirs.</span> 
     </span>
    </p>
   </div>
   <div class='ocr_carea' id='block_1_9' title="bbox 724 4574 1106 4795">
    <p class='ocr_par' dir='ltr' id='par_1_11' title="bbox 724 4574 1106 4795">
     <span class='ocr_line' id='line_1_50' title="bbox 1049 4574 1106 4651; baseline 0.018 -19"><span class='ocrx_word' id='word_1_389' title='bbox 1049 4574 1106 4651; x_wconf 55' lang='grc' dir='ltr'>κβ</span> 
     </span>
     <span class='ocr_line' id='line_1_51' title="bbox 724 4735 754 4795; baseline 0 0"><span class='ocrx_word' id='word_1_390' title='bbox 724 4735 754 4795; x_wconf 75' lang='grc' dir='ltr'>Ι</span> 
     </span>
    </p>
   </div>
   <div class='ocr_carea' id='block_1_10' title="bbox 0 0 1534 4975">
    <p class='ocr_par' dir='ltr' id='par_1_12' title="bbox 0 0 1534 4975">
     <span class='ocr_line' id='line_1_52' title="bbox 0 0 1534 4975; baseline 0 3"><span class='ocrx_word' id='word_1_391' title='bbox 0 0 1534 4975; x_wconf 95' lang='lat' dir='ltr'> </span> 
     </span>
    </p>
   </div>
  </div>
 </body>
</html>
