3059 4975
227 256 281 313 56*
614 246 918 315 HlSTORIARUM
941 262 943 271 ’
1133 260 1301 336 [muttit.
1323 313 1329 321 .

228 426 412 496 castrorum,
435 414 551 504 quibus
577 420 742 506 praesentia
766 442 807 484 ex
831 420 982 489 adfluenti
1002 432 1033 485 et
1055 427 1146 509 parta
1166 422 1321 489 victoria

229 521 366 589 magnae·
447 529 454 567 ε
478 504 532 568 sed
554 504 704 592 manipuli
717 528 845 593 quoque
858 520 890 571 et
902 508 1062 593 gregarius
1083 507 1171 572 miles
1185 507 1297 573 viatica

231 603 333 653 suaet
404 601 469 653 teos
482 590 696 678 phalerasque,
711 590 844 678 insignia
857 614 1015 657 armorum
1030 606 1159 680 argento
1171 594 1296 673 decora,

231 672 299 738 loco
371 674 454 738 uuiae
468 675 650 751 tradebant3
672 676 822 741 instinctu
836 690 867 741 et
880 676 989 763 inpetu
1004 691 1035 742 et
1048 678 1188 743 avaritia.

279 696 410 824 Lliil.
439 760 553 859 Igitur,
571 762 698 827 laudata
718 760 853 827 militum
872 762 1042 843 alacritate,
1063 762 1216 842 Vitellius,
1240 763 1297 827 mi-

230 843 356 910 nisteria
377 844 585 934 Principatus,
606 870 663 934 per
682 846 810 913 libertos
830 846 882 933 agi
904 847 1001 928 solita,
1021 850 1054 913 in
1075 850 1210 936 Equites
1232 850 1298 913 Ro-

231 952 339 995 manos
355 930 508 1018 disponit:
530 933 704 997 vacauones
718 932 961 999 Centurionibus
981 957 1020 999 ex
1039 935 1114 999 fisco
1133 948 1294 999 numerat:

230 1016 378 1082 saevitiam
393 1016 538 1097 militum,
552 1018 717 1106 plerosque
729 1019 771 1083 ad
786 1040 910 1116 poenam
924 1018 1168 1107 exposcentium,
1183 1018 1298 1107 saepius

231 1101 395 1199 adprobat,
419 1104 533 1190 partim
555 1104 750 1168 simulatione
763 1104 960 1171 vinculorum
979 1106 1159 1169 frustratur.
1203 1108 1297 1171 Pom-

230 1210 320 1274 peius
345 1189 556 1281 Propinquus,
583 1192 774 1255 Procurator
799 1188 944 1276 Belgicae,
972 1190 1077 1255 statim
1104 1190 1295 1257 interfectus.

231 1273 356 1338 Julium
375 1274 568 1354 Burdonem,
590 1274 783 1341 Gemuanicae
802 1274 905 1339 classis
919 1276 1120 1355 Praefectum,
1139 1290 1209 1341 astu
1222 1276 1296 1341 sub-

230 1359 333 1423 traxit.
383 1360 552 1425 Exarserat
581 1362 614 1424 in
646 1382 719 1425 eum
749 1360 911 1425 iracundia
939 1361 1102 1441 exercitus,
1134 1374 1198 1427 tam
1222 1383 1295 1425 uam
1317 1432 1323 1441 ¹

229 1443 346 1509 crimen
367 1467 404 1508 ac
420 1468 498 1510 mox
520 1446 645 1511 iusidias
664 1445 796 1511 Fonteio
816 1446 960 1534 Capitoni
979 1447 1151 1513 struxisset.
1228 1459 1297 1511 reta
1334 1474 1344 1481 ·

229 1541 297 1593 erat
313 1531 461 1595 memoria
481 1532 658 1629 Capitonis:
682 1546 714 1596 et
731 1532 820 1619 apud
841 1532 1000 1597 saevientes
1020 1532 1159 1597 occidere
1179 1531 1294 1683 palam,

228 1613 386 1701 ignoscere
399 1636 462 1680 uon
481 1618 540 1682 nist
554 1617 700 1697 fallendo,
715 1616 835 1681 licebat.
880 1620 933 1683 Ita
946 1618 976 1681 in
991 1618 1132 1683 custodia
1145 1618 1187 1681 ha
1208 1616 1300 1692 itus3·

228 1713 262 1765 et
279 1716 351 1787 post
363 1701 523 1767 victoriam
537 1702 675 1782 demum,
691 1703 795 1768 stratis
810 1704 878 1789 jam
899 1702 1033 1767 militum
1047 1703 1136 1781 odiis,
1150 1702 1294 1767 dimicans

228 1799 283 1850 est.
329 1787 471 1866 Interim,
486 1800 524 1852 ut
536 1788 706 1879 piaculum,
721 1788 869 1875 objicitur
884 1788 1034 1854 Centurio
1049 1788 1222 1876 Crispinus,
1237 1787 1295 1875 qui

229 1894 261 1935 se
283 1873 432 1959 sanguine
447 1873 616 1961 'Capitonis
635 1885 867 1939 cruentaverat:
894 1896 993 1961 eoque
1012 1885 1045 1939 et
1064 1873 1296 1962 postulantibus

227 1958 418 2023 manifestior
431 1973 462 2024 et
474 1959 617 2046 punienti
630 1960 720 2025 vilior
732 1960 804 2026 fnit.

271 2044 370 2108 LIX.
396 2045 504 2111 Julius
523 2046 635 2113 deinde
650 2044 759 2110 Civilis
776 2044 915 2133 periculo
928 2068 1018 2109 exem
1042 2057 1102 2125 tus,
1116 2057 1295 2133 praepotens

115 2147 118 2158 ¹
227 2128 308 2192 inter
322 2130 470 2210 Batavos,
488 2152 528 2193 ne
542 2130 694 2217 supplicio
706 2130 777 2216 ejus
798 2130 886 2193 ferox
907 2152 984 2215 gens
1005 2068 1202 2196 alienaretur.
1246 2132 1293 2197 Et

228 2227 318 2283 eram
338 2215 371 2278 in
392 2214 517 2279 civitate
532 2214 713 2301 Lingonum
731 2226 802 2279 octo
816 2215 1008 2279 Batavorum
1025 2216 1177 2295 cohortes
1199 2238 1293 2301 quar-

230 2299 399 2370 redecimae
413 2299 542 2385 legionis
555 2298 681 2378 auxilia,
694 2312 763 2363 tum
777 2297 929 2364 discordia
943 2314 1120 2387 temporum
1133 2324 1153 2365 a
1171 2301 1292 2389 legione

228 2380 385 2469 digressae,
410 2400 506 2479 prout
529 2384 736 2465 inclinassent,
761 2384 880 2473 grande
902 2398 1106 2451 momentum*
1123 2386 1213 2451 sociae
1236 2400 1293 2451 aut

228 2470 375 2541 adversm.
420 2471 454 2538 N
455 2470 573 2552 onium,
585 2470 770 2551 Donatium,
782 2468 964 2550 Romilium,
979 2469 1196 2572 Calpurnium,
1211 2472 1292 2538 Cen-

228 2555 376 2635 turiones,
396 2556 572 2654 dequibus
594 2555 689 2654 supra
711 2556 885 2637 retulimus,
910 2556 1008 2621 occidi
1033 2557 1138 2644 jussit,
1164 2559 1291 2624 damna-

228 2656 276 2714 tos
300 2642 372 2707 fidei
397 2642 534 2723 crimme,
561 2642 743 2730 gravissimo
766 2642 847 2708 inter
872 2641 1081 2710 desciscentes.
1125 2645 1290 2711 Accessere

259 2906 301 2955 Ec
311 2905 437 3019 adfluens}
447 2905 531 2956 orsa
537 2905 612 2958 forma
621 2905 739 2984 loquuti,
773 2906 831 2955 nihil
840 2873 974 2970 elegantius,
983 2907 1053 2970 idque
1061 2906 1166 2970 juvimus
1176 2903 1291 2970 exemplis

279 2969 364 3018 affluen
398 3003 406 3018 .
438 2986 563 3040 apresens
573 2970 658 3036 copiosi
668 2981 740 3020 aaut.
773 2971 870 3020 Observ-
879 2975 903 3032 3,
915 2975 956 3020 22
971 2973 1061 3020 Guou.
1082 2969 1289 3040 NempeFreiush.

257 3050 289 3083 ox
302 3035 432 3085 Groslotius
447 3036 539 3088 volebam
554 3051 584 3082 er
598 3039 680 3103 parte,
696 3037 741 3091 hoc
772 3045 887 3100 receperat
896 3037 996 3096 saturo,
1009 3036 1167 3096 eronjectura.
1200 3035 1291 3082 Stratis

225 3113 320 3214 sss
334 3099 386 3212 3¹2²
403 3099 542 3153 ”m
567 3100 639 3154 ³⁸³³·
671 3099 703 3153 γ’
720 3109 744 3150 ⁸²
774 3097 1291 3213 Mtt‘tntffltttstrttsr

266 3196 338 3281 Par'i
351 3215 501 3277 limantium
518 3228 667 3281 vinculorum
680 3231 742 3293 sru-
773 3179 835 3276 iano
845 3229 870 3275 ln
881 3229 925 3277 hac
935 3181 1105 3277 voceqhoesisser
1122 3242 1176 3275 cum
1187 3226 1246 3274 nihil
1259 3226 1290 3274 sit

225 3297 317 3340 Mur
361 3292 517 3346 Manifestum
539 3293 666 3342 mendum
696 3310 743 3358 quo
773 3291 916 3356 frequentius
967 3293 999 3344 ud
1017 3293 1101 3340 Poetae
1121 3297 1196 3339 atrato
1217 3292 1289 3350 arari

225 3355 289 3404 enim
340 3354 365 3415 d,
371 3359 438 3422 puri,
448 3356 577 3412 referetur
594 3357 679 3413 Tuvel
689 3373 742 3408 meo
765 3359 853 3418 fluctu,
869 3308 1073 3420 lonniloqumdi,
1086 3355 1156 3410 ducta
1170 3354 1289 3404 semeis

225 3420 396 3495 perieulolege,
404 3424 504 3486 partim
521 3421 620 3472 Senitire
629 3423 740 3484 militum,
773 3422 844 3476 Erre.
867 3421 944 3473 Rhen.
955 3420 1288 3490 conjectabatsrnrtratlajam

224 3485 310 3549 lnquit,
397 3485 510 3550 indulget,
521 3495 545 3534 et
558 3487 590 3539 ad
605 3501 696 3552 poenam
713 3488 742 3537 iis
771 3487 821 3532 mil
833 3487 926 3534 ammo.

153 3547 156 3551 ’
225 3549 346 3613 plerosque
404 3550 589 3615 ’mrzquosdem
597 3551 743 3605 simulatione
805 3551 854 3608 Qui
872 3565 895 3598 ee
910 3547 1036 3617 sanguiue]
1062 3547 1158 3602 Abeunt
1177 3551 1219 3620 pul
1234 3563 1288 3597 rra

180 3647 184 3650 -
224 3613 354 3662 vinclorum
370 3615 491 3670 subtrahit,
523 3615 601 3668 Prisca
614 3615 681 3671 lectio
693 3617 742 3664 suf.
772 3613 836 3662 Flor.
854 3614 936 3678 (Agr.)
958 3623 980 3662 et
1001 3613 1037 3662 ed
1058 3628 1094 3676 pr.
1112 3615 1166 3662 Jac-
1184 3614 1287 3668 Gronov,

225 3677 331 3740 fingatur
345 3677 400 3728 huic
415 3679 555 3740 corroetioni,
572 3695 625 3748 quae
641 3679 740 3742 prefert,
772 3678 862 3742 placet:
888 3681 1005 3746 cenwine
1026 3679 1052 3726 C.
1071 3691 1095 3723 re
1116 3684 1287 3726 cruentaverat.

221 3743 743 3862 dttffttttittttttlttt
769 3741 1249 3870 evxffiffiteomffiapffip
1264 3755 1289 3790 '⁶
1334 3739 1337 3750 ’

227 3883 288 3934 sepe
298 3871 354 3934 pons
368 3858 410 3920 nse
422 3871 535 3934 gennas
550 3868 648 3936 semper,
664 3873 741 3931 noetus
806 3873 861 3922 uus
882 3872 980 3935 crarta]
1009 3872 1035 3919 n
1053 3869 1114 3919 ruat
1132 3873 1157 3931 r,
1177 3872 1215 3919 ra.
1247 3872 1285 3920 ot

224 3940 348 3998 utquam
359 3942 387 3983 ut
396 3936 521 3985 ostendam.
539 3936 613 3987 Iure.
646 3935 742 4000 Recepit
772 3937 865 3985 Civilis.
883 3937 952 3988 Forte
961 3937 1076 3999 integrum
1087 3949 1172 3990 nomen
1184 3937 1221 3984 ct
1231 3937 1286 3984 Jul.

226 3996 656 4060 Pichenaetsicjamvoluitl'eernus.
678 4004 739 4055 Pari
773 4001 876 4058 Civilis.¹
1053 4033 1055 4037 -

224 4061 280 4112 MS·
292 4063 371 4117 Guelf.
381 4063 470 4127 (llud.)
494 4065 741 4119 Videturinhocloco
803 4066 899 4114 Grande
909 4063 1062 4126 manentum]
1084 4063 1173 4114 Justini
1183 4062 1243 4111 illud
1253 4063 1285 4111 si.

224 4127 306 4192 respici
322 4128 353 4185 ed
368 4128 456 4179 factum
472 4129 573 4178 Othonis
589 4145 608 4178 c
626 4131 664 4178 45.
682 4138 739 4184 extr.
767 4129 869 4184 ,mileest
882 4129 920 4188 17,
931 4131 954 4176 2.
987 4129 1078 4192 Ingens
1087 4134 1228 4176 momentum
1238 4129 1285 4189 su·
1314 4148 1316 4153 ·
1390 4140 1392 4143 ’

223 4191 528 4252 Pmmeldautelllren.
554 4197 649 4246 Partim
659 4210 739 4242 verum
770 4201 847 4253 turus,
862 4197 912 4240 utri
925 4196 1138 4255 partineoessisset.
1172 4193 1284 4240 Lucanus

221 4266 264 4306 est
281 4258 352 4307 Enn-
681 4289 683 4291 -
769 4261 794 4316 4,
804 4259 859 4306 819.
882 4261 1085 4320 'Momentumque
1096 4259 1160 4322 snit,
1178 4263 1284 4315 miratatur

258 4325 347 4373 Stratis
359 4325 413 4386 jam
425 4325 529 4371 militum
539 4322 611 4388 odiis]
626 4321 738 4372 Restitui-
769 4326 852 4386 Carrio,
865 4338 952 4380 rerum·
970 4323 1046 4384 lure,

104 4370 116 4440 i,
221 4401 276 4441 ntus
291 4387 316 4438 in
331 4391 409 4443 lorum
423 4403 495 4442 suum
507 4397 572 4438 vetus
584 4391 675 4449 stratis,
690 4404 736 4459 quo

237 4492 243 4525 l
340 4517 342 4521 ,
