3059 4975
247 264 305 324 asc
541 263 574 321 o.
594 235 826 320 conantius
846 257 1023 318 racrrus

309 420 481 490 XXXIV.
506 421 710 508 Angrivarios
729 434 759 484 et
775 419 951 483 Chamavos
971 439 990 482 a
1005 431 1095 504 tergo
1109 417 1275 505 Dulgibini
1291 431 1321 482 et

257 511 409 576 Chasuari
430 507 713 591 cludunt'aliaeque
734 518 854 592 gentes,
876 502 963 567 haud
985 503 1115 588 perinde
1135 517 1321 567 memoratae.

255 597 287 661 A
307 597 408 660 fronte
431 593 524 658 Frisii
542 592 712 678 excipiunt.
757 590 937 673 Majortius
961 587 1186 674 minotidusqroe
1205 591 1320 654 Frisiis

258 679 442 745 vocabulum
457 692 503 742 est
523 699 563 740 ex
582 675 676 738 modo
690 673 821 737 virium:
846 681 988 760 utraeque
1002 673 1141 735 nationes
1163 697 1264 760 usque
1283 673 1322 736 ad

259 770 417 830 Oceanum
434 763 548 828 Rheno
561 771 789 846 praetexuntur,
804 757 1009 844 ambiuntque
1023 757 1175 821 inmensos
1196 758 1324 844 insuper

259 849 344 914 lacus
371 863 403 912 et
433 846 583 912 Romanis
612 843 760 908 classibus
797 842 969 928 navigates.
1014 843 1125 928 Ipsum
1153 842 1323 928 quinetiam

260 937 418 999 Oceanum
444 930 498 995 illa
519 929 723 994 tentavimus:
748 940 779 990 et
805 949 963 1024 superesse
984 925 1088 990 adhuc
1107 926 1253 991 Herculis
1273 949 1323 989 co-

247 1019 381 1082 lumnas
405 1017 488 1080 fama
510 1011 666 1102 vulgavit:
701 1013 765 1076 sive
790 1012 867 1076 adiit
889 1011 1054 1086 Hercules,
1078 1035 1144 1089 seu,
1169 1011 1324 1100 quidquid

260 1102 377 1190 ubique
388 1099 586 1188 magnificum
599 1111 656 1175 est,
671 1098 703 1160 in
717 1097 887 1161 claritatem
902 1097 970 1184 ejus
984 1096 1098 1160 referre
1108 1097 1324 1161 consensimus.

261 1186 328 1252 Nec
342 1186 443 1252 defuit
461 1182 607 1250 audentia
622 1183 730 1246 Druso
746 1181 949 1245 Germanico:
972 1179 1027 1245 sed
1048 1181 1169 1246 obstitit
1183 1184 1325 1245 Oceanus

260 1274 293 1336 in
308 1295 340 1336 se
355 1271 446 1336 simul
460 1284 555 1357 atque
569 1269 600 1332 in
616 1265 785 1331 Herculem
806 1265 930 1352 inquiri.
975 1267 1056 1327 Mox
1070 1263 1162 1328 nemo
1176 1266 1325 1328 tentavit:

261 1358 457 1454 sanctiusque
475 1379 511 1430 ac
532 1353 723 1417 reverentius
743 1349 917 1429 visum‚·de
931 1349 1006 1414 actis
1027 1349 1168 1414 Deorum
1189 1349 1326 1426 credere,

284 1461 355 1506 uam
371 1463 455 1505 scire.
1260 1489 1262 1493 .

260 1463 283 1528 q
312 1527 464 1590 XXXV.
490 1525 651 1587 Hactenus
673 1521 706 1583 in
722 1519 925 1585 Occidentem
948 1516 1148 1583 Germaniam
1170 1518 1325 1580 novimus.

262 1605 300 1672 In
330 1609 585 1698 septemtrionem
614 1605 732 1692 ingenti
760 1603 845 1668 flexu
878 1602 968 1667 redit.
1013 1605 1064 1665 Ac
1093 1601 1195 1688 prim'o
1224 1601 1325 1664 statim

264 1693 464 1758 Chaucorum
487 1713 574 1780 gens,
600 1713 791 1776 quamquam
816 1687 943 1774 incipiat
965 1711 985 1751 a
1006 1685 1124 1763 Frisiis,
1148 1708 1185 1750 ac
1207 1700 1327 1771 panem

264 1777 363 1842 litoris
376 1790 517 1864 occupet,
531 1777 680 1852 omnium,
696 1797 778 1860 quas
789 1771 929 1860 exposui,
946 1771 1088 1858 gentium
1109 1769 1258 1835 lateribus
1272 1771 1328 1833 ob-

265 1863 412 1940 tenditur,
432 1861 530 1926 donec
547 1859 578 1922 in
600 1863 709 1924 Cattos
731 1881 830 1944 usque
850 1857 999 1919 sinuetur.
1045 1857 1129 1918 'Ihm
1153 1855 1329 1918 inmensum

262 1960 414 2010 terrarum
437 1946 571 2031 spatium
593 1966 655 2006 non
671 1954 777 2006 tenent
792 1955 913 2004 tantum
929 1939 1060 2018 Chauci,
1077 1939 1130 2003 sed
1145 1954 1176 2002 et
1190 1939 1326 2024 inplent:

264 2029 400 2118 populns
422 2030 503 2093 inter
518 2031 691 2092 Germanos
712 2026 930 2102 nobilissimus,
945 2026 1063 2112 quique
1083 2023 1330 2112 magnitudinem

266 2134 354 2178 suam
383 2114 469 2178 malit
489 2111 612 2200 justitia
636 2113 735 2176 tueri:
767 2112 832 2174 sine
845 2111 1031 2197 eupiditate,
1058 2105 1122 2173 sine
1147 2108 1329 2206 inpotentia,

266 2199 363 2284 quieti
385 2199 565 2283 secretique,
589 2195 675 2261 nulla
693 2209 862 2282 provocant
885 2195 976 2273 bella,
999 2193 1091 2259 nullis
1112 2194 1254 2279 raptlbus
1275 2207 1332 2256 aut

264 2282 431 2346 latrociniis
453 2281 651 2369 populantur.
698 2281 800 2366 quue
818 2280 1014 2365 praecipuum
1030 2278 1152 2342 vimutis
1165 2300 1201 2340 ac
1215 2278 1332 2339 virimn

266 2379 486 2453 argumentum
506 2379 563 2442 est,
578 2365 675 2450 quod,
690 2376 727 2428 ut
742 2363 913 2450 superiores
926 2376 1032 2449 agant,
1048 2386 1109 2427 non
1131 2385 1187 2461 per
1200 2362 1333 2447 injurias

267 2452 492 2551 adsequuntur.
520 2453 672 2537 Prompta
682 2467 786 2513 tamen
797 2449 942 2513 omnibus
952 2471 1049 2527 arma,
1061 2471 1107 2527 ac,
1120 2468 1203 2512 sires
1211 2460 1332 2533 poscat,

266 2553 437 2611 exercitus;
461 2536 630 2623 plurimum
646 2534 785 2599 virorum
803 2556 1034 2620 equorumque:
1058 2549 1090 2598 et
1104 2532 1333 2620 quiescentibus

266 2620 373 2686 eadem
387 2622 478 2684 fama.

196 2774 201 2782 -
299 2744 599 2807 Datgtttamctaamt]
618 2740 678 2789 istos
689 2742 750 2791 Ptol.
759 2745 783 2802 2,
814 2747 854 2791 bet
872 2759 995 2806 mnam,
1013 2758 1060 2791 non
1078 2746 1238 2806 magaijicam.
1261 2742 1334 2789 linx.

270 2806 788 2870 11.Detgamnicsvocat;hoscaeuartoe,·
818 2810 987 2855 consensimus
1005 2808 1041 2855 ed.
1061 2808 1132 2855 Rom.
1152 2817 1175 2854 et
1197 2808 1255 2855 Nor.
1275 2806 1333 2853 itan

266 2872 376 2923 Snabol.
388 2872 411 2927 7.
423 2887 448 2936 p.
460 2872 517 2920 291.
546 2870 708 2929 Chattuarioa,
719 2870 783 2918 Veli.
817 2871 873 2918 MS.
886 2864 962 2933 Iaong.
987 2871 1075 2919 Contra
1085 2870 1141 2918 MS.
1153 2870 1252 2919 Humm.
1263 2879 1286 2917 ct
1295 2870 1333 2917 aa

268 2938 293 2997 2,
307 2936 360 2985 105.
379 2936 512 2993 Attuarios,
523 2934 645 2981 Ammian.
659 2934 735 2981 Marc.
743 2934 786 2990 20,
817 2943 883 2982 vetus
900 2934 964 2997 apud
975 2934 1077 2983 Groslot.
1088 2937 1255 2994 οοπεκιυίηινε,
1270 2934 1335 2996 quod

271 3000 308 3048 to.
325 3000 451 3048 Attuarios
462 3000 575 3045 Francos.
816 3012 921 3060 recepere
937 2998 993 3060 Bip.
1010 3013 1065 3046 eum
1086 2998 1148 3046 Bem
1242 2996 1245 2999 ’
1272 2998 1334 3044 Μα-

304 3066 414 3125 Utroequc
423 3060 539 3123 nationes]
557 3060 611 3109 MS.
620 3060 701 3109 'iharic
711 3064 786 3109 Jare-
814 3077 893 3123 gaam
903 3061 973 3109 habet
980 3071 1004 3109 et
1012 3062 1048 3109 ed.
1055 3062 1125 3109 Rom.
1136 3069 1159 3109 et
1192 3061 1199 3071 '
1222 3071 1286 3109 vetus
1293 3076 1335 3124 ap.

269 3143 313 3189 quc
321 3128 432 3191 patienia.
448 3124 520 3173 Ean.
818 3124 919 3172 Grodot.
930 3125 986 3173 item
997 3125 1052 3173 MS.
1062 3124 1177 3189 Longolii.
1203 3124 1279 3189 quue
1286 3124 1335 3172 for·

302 3192 372 3239 Rom.
383 3190 492 3237 amatus
503 3190 560 3261 etc]
588 3187 693 3251 Respicit
703 3188 733 3235 ad
744 3202 786 3235 ex·
818 3188 952 3236 sanverius.
1005 3243 1008 3248 ¹
1293 3188 1298 3192 ’

268 3254 409 3331 punitionem
431 3250 571 3309 Germanici,
593 3252 688 3316 deque
709 3252 742 3299 Α.
761 3252 786 3298 2.
850 3251 1338 3317 Ιὶνωοθανωηίοο]1·”ῐοίηι1ιεωίιιεωιι·

269 3316 335 3365 mitio
342 3312 444 3371 tradidit,
453 3314 555 3362 etDrusi
596 3314 641 3361 tris
659 3314 721 3362 Mox
730 3314 786 3362 MS.
816 3314 1147 3375 jicitDruaoetGermaaieo.
1165 3314 1201 3364 At
1212 3316 1337 3364 Germani.

270 3375 350 3429 Turio.
362 3380 424 3427 illac.
447 3378 519 3427 Eun.
576 3378 669 3427 dNor.
681 3387 704 3426 et
714 3378 786 3425 Rom.
818 3393 859 3427 cuc
876 3377 998 3429 Ooeanum
1015 3390 1107 3428 tantum
1126 3379 1230 3439 tentarit,
1250 3391 1277 3427 ut
1292 3378 1338 3447 pei

270 3458 294 3495 ct
304 3446 359 3493 rut.
368 3444 417 3489 illa.
818 3456 873 3489 eum
885 3443 1042 3505 ingrederetur
1051 3444 1153 3491 hostium
1167 3443 1232 3504 fines,
1244 3458 1290 3491 non
1308 3455 1337 3492 ut

301 3508 415 3556 Heraclia
425 3508 555 3571 columnas]
568 3506 609 3555 Ad
617 3506 688 3554 instar
697 3520 790 3566 earum,
817 3505 942 3569 inquireret
963 3508 992 3555 de
1013 3507 1083 3555 fama
1100 3508 1201 3555 veritate.
1237 3506 1337 3555 Obstitit

270 3586 327 3636 quas
344 3570 473 3646 qdfretum
484 3570 628 3645 (inditarum
644 3569 731 3617 flnxeoe
747 3584 788 3615 ve·
817 3570 1019 3643 iaqrciriiortame
1033 3570 1125 3619 defendi
1143 3571 1222 3642 aliquo
1237 3571 1336 3618 alterins

270 3634 790 3763 htahsntttttfflttttt
818 3632 1337 3764 mamistiensis

269 3778 283 3809 v
314 3762 320 3773 '
361 3771 516 3811 memoratum
529 3759 607 3809 Plinio
619 3760 652 3807 Η.
664 3759 697 3806 N.
709 3760 733 3819 d,
747 3759 785 3805 la
818 3775 861 3823 pro
871 3776 916 3823 qao
929 3762 1009 3807 minna
1023 3763 1089 3822 inqu.
1121 3760 1166 3808 Sed
1177 3769 1256 3807 tamen
1266 3761 1337 3815 valde

268 3828 297 3887 <2
313 3825 334 3882 .)
343 3825 382 3874 cui
392 3826 528 3889 respondent
538 3823 597 3871 alius
606 3824 631 3871 in
642 3822 751 3897 Oimbria
817 3838 904 3933 pronus
913 3839 966 3872 mm
976 3824 1001 3872 in
1011 3824 1072 3873 hanc
1079 3834 1177 3887 partem,
1188 3833 1216 3871 nt
1224 3824 1337 3872 Tacitum

302 3887 580 3952 qumcconscmimnr]
604 3888 707 3949 Scriptus
717 3886 785 3942 liber,
835 3887 907 3936 edisse
915 3896 996 3953 putem
1005 3890 1142 3949 inquirenti,
1151 3887 1336 3942 stilludecom7

270 3954 358 4028 referre
381 3954 546 3999 maenianae.
580 3952 655 3999 Lars.
688 3950 786 4013 Recepit
818 3951 901 4012 pendia
911 3951 1025 4000 scribendi
1036 3960 1118 4000 nanim
1128 3966 1185 3999 esse
1202 3952 1273 3999 Ean.

269 4016 379 4065 Prehena.
411 4015 447 4061 At
459 4016 526 4063 ceteri
540 4014 594 4061 libri
607 4024 660 4061 vett.
672 4014 718 4061 mei
733 4030 786 4061 om·
856 4018 893 4061 Ac
902 4014 1004 4142 aigro]
1036 4016 1090 4065 MS.
1107 4016 1182 4077 long.
1200 4031 1216 4061 a
1234 4019 1336 4084 μήπως

268 4095 309 4129 nes
327 4079 497 4131 conceaatmua;
522 4094 580 4139 quos
597 4072 780 4127 nondeserath:
833 4078 880 4125 uod
1000 4082 1089 4143 probat.
1122 4078 1161 4126 De
1183 4078 1286 4126 Chaucis
1315 4096 1335 4127 n.

269 4158 323 4191 cum
338 4141 407 4189 etiam
421 4142 576 4187 conminus
593 4140 712 4189 cornmode
722 4140 785 4189 dica-
868 4141 900 4189 cis
916 4158 947 4192 ex
963 4144 1065 4207 professo
1078 4142 1125 4207 egit
1140 4142 1295 4190 Jonschild.
1309 4145 1335 4191 8.

268 4214 316 4263 tur,
333 4204 468 4266 faciliusque
482 4200 588 4248 librarius
602 4218 615 4249 e
629 4208 785 4256 cmnmaimec
816 4205 910 4253 Aurioe
922 4206 992 4261 1742.

266 4268 644 4328 feeeritcoamvimut,quamex
661 4267 704 4313 hoc
714 4268 799 4320 thud,
854 4271 999 4318 Eaercitus:
1023 4272 1157 4334 plurimam
1181 4268 1240 4334 vta]
1275 4268 1333 4319 MS.

268 4329 325 4377 Ootl.
336 4328 412 4393 Kapp.
423 4337 453 4392 (s.
466 4328 501 4375 ed.
513 4326 585 4390 Nor.)
594 4337 648 4377 anta
659 4330 728 4377 etiam
738 4331 780 4379 ha·
815 4332 894 4380 Turic.
905 4339 1021 4382 exercitur
1027 4336 1148 4399 plurimas
1159 4336 1205 4382 vir.
1212 4350 1232 4382 r.
1250 4333 1333 4381 Oratio
