3059 4975
218 273 365 355 aaran
551 272 628 335 clu.
650 270 692 367 11.
712 272 806 334 cnr.
829 277 873 343 rs,
898 280 942 336 19.
1185 318 1187 331 .
1245 280 1284 335 ss

215 435 396 506 insumens.
418 435 685 507 ulooentissimun
696 434 896 516 Intentus,
905 452 1058 526 quantum
1069 436 1149 517 iulet
1158 438 1282 519 Padum

214 521 378 609 Alpesque
398 544 580 608 camporum
604 535 637 587 et
659 522 796 601 urbium,
821 523 915 591 armis
940 524 1057 592 Vitellii
1082 530 1230 612 (namque
1251 537 1283 589 et

215 607 383 693 premisse
399 632 419 674 a
433 607 718 675 caecina'cohortes
739 609 943 696 advenerant)
965 610 1136 675 tenebatur.
1183 612 1285 697 Capta

216 694 451 761 Pannoniorum
475 693 585 762 cohors
609 693 696 780 apud
722 696 915 763 Cremonam.
960 695 1130 781 Intercepti
1157 712 1284 761 centum

216 777 342 865 equites.
351 804 392 846 'ac
413 779 497 845 mille
516 779 632 846 classici
649 780 730 849 inter
751 780 941 850 Placentiam
963 780 1191 869 Ticinumque:
1218 806 1283 869 quo
1378 826 1380 833 ,

216 887 358 933 successu
369 865 557 933 Vitellianus
571 864 658 932 miles
671 888 734 944 non
743 866 812 951 jam
822 865 950 931 flumine
960 880 1015 931 aut
1025 868 1100 954 ripis
1111 869 1284 935 arcebatur.

211 950 372 1017 laedebat
385 951 464 1037 quin
477 951 569 1020 etiam
585 953 721 1019 Batavos
736 952 1054 1038 Transrhenanosque
1069 954 1177 1027 Padus
1197 954 1282 1041 ipse:

239 1059 311 1103 uem
332 1060 367 1101 re
428 1051 468 1115 te,
484 1051 592 1103 ronna
607 1036 808 1115 Placentiam,
826 1037 1016 1125 transgressi,
1038 1040 1135 1125 raptis
1155 1040 1284 1125 quibus

302 1060 561 1210 expliii'btoribus,
576 1123 620 1188 ita
633 1137 750 1192 ceteros
764 1137 911 1203 terruere,
932 1139 979 1204 ut,
1002 1132 1022 1197 ‘f
1035 1125 1144 1199 adesse
1158 1145 1281 1203 omnem

217 1206 351 1275 Cercinae
365 1208 563 1286 exercitum,''
578 1209 691 1295 trepidi
704 1232 741 1274 ac
754 1208 824 1277 falsi
838 1210 1025 1277 nuntiarent.
1322 1292 1324 1299 y

221 1352 225 1357 .
258 1294 401 1361 XVIII.
420 1298 554 1361 ‘Certum
576 1304 642 1361 erat
665 1295 830 1380 Spurinnae
851 1295 890 1381 (is
911 1297 993 1367 enim
1015 1296 1206 1367 Placentiam
1227 1296 1282 1361 ob·

215 1378 347 1457 tinebat)
368 1380 520 1444 necdum
540 1380 659 1444 venisse
674 1380 841 1458 Caecinam',
863 1396 905 1459 et,
929 1382 954 1446 si
974 1382 1208 1479 propinquaret,
1231 1406 1282 1447 oo-

214 1472 318 1532 ercere
328 1465 410 1532 intra
423 1464 617 1533 nutrimenta
628 1466 768 1543 militem,
781 1489 838 1533 nec
851 1468 906 1535 tris
917 1470 1082 1533 Praetorres
1096 1468 1238 1543 cohortes
1252 1480 1284 1531 et

214 1548 500 1627 mssle'vexillarios,
515 1574 587 1617 cum
601 1551 708 1637 paucis
721 1551 888 1639 equitibus,
903 1566 1048 1617 veterano
1062 1554 1211 1619 exercitui
1225 1554 1283 1617 ob-

209 1635 317 1719 jicere.
364 1636 426 1703 sed
439 1636 610 1704 indomitus
630 1637 718 1707 miles
730 1652 762 1702 et
776 1637 848 1703 belli
868 1638 1006 1726 ignarus,
1021 1639 1175 1727 conreptis
1189 1637 1284 1726 signis
1374 1710 1379 1723 p

214 1720 408 1807 vexillisque,
436 1732 538 1801 ruere,
563 1736 595 1789 et
619 1724 764 1788 retinenti
790 1724 873 1797 Duci
896 1724 957 1791 tela
985 1724 1147 1803 intentare,
1174 1724 1284 1812 spretis

215 1805 459 1874 centurionibus
474 1808 708 1895 Tribunisque3
731 1808 809 1894 quin
830 1817 852 1849 “
863 1809 1081 1897 proditionem,
1102 1823 1134 1877 et
1150 1811 1284 1885 accitum
1380 1876 1382 1879 .

215 1887 403 1969 Caecinnrn‚”
423 1892 631 1960 clantitabant.
675 1894 730 1963 Fit
749 1895 931 1967 temeritatis
952 1895 1059 1962 abenas
1078 1918 1182 1961 comes
1205 1899 1286 1982 Spu-

213 1976 319 2057 rium&
325 1978 431 2065 'primo
441 1990 576 2055 emotus,
591 2000 666 2046 mox
676 1978 755 2045 velle
769 1978 926 2058 simulans,
936 2004 1002 2066 quo
1012 1980 1084 2067 plus
1095 1980 1286 2057 auctoritatis

213 2061 329 2129 inesset
341 2062 486 2142 musiliiS,
499 2062 527 2129 ai
541 2062 651 2131 seditio
664 2062 845 2137 mitesceret.
875 2129 877 2133 .

269 2150 374 2213 XIX.
398 2150 461 2212 Pos
497 2171 571 2212 uam
592 2148 627 2213 in
649 2150 816 2236 conspectu
837 2149 945 2215 Padus
967 2164 999 2215 et
1021 2158 1085 2215 nox
1108 2152 1285 2239 adpetebat,

214 2235 324 2313 vallari
343 2247 443 2299 castra
461 2235 589 2321 paruit.
631 2235 664 2301 Is
684 2234 783 2312 labor,
800 2236 920 2301 urbano
937 2236 1028 2300 militi
1049 2236 1201 2317 insolitus,
1216 2262 1287 2303 con-

215 2322 299 2393 tudit
313 2320 440 2389 animos,
485 2318 572 2383 Tum
587 2320 812 2386 vetustissimus
828 2322 960 2409 quisque
975 2322 1125 2411 castigare
1141 2332 1162 2363 “
1177 2324 1288 2391 credu-

215 2543 340 2590 rrreliorsm
355 2542 494 2599 assertores,
505 2539 569 2603 qnod
582 2539 652 2588 mam
665 2541 736 2589 Gros-
770 2541 814 2590 cio.
830 2542 900 2594 Enit-
927 2541 990 2592 Buri.
1001 2545 1164 2595 numerum:
1176 2559 1222 2598 non
1234 2558 1288 2610 ergo

216 2604 273 2660 loris
282 2606 393 2668 placebat.
408 2603 456 2657 Ed.
468 2618 503 2667 pr.
512 2605 547 2667 (et
555 2619 575 2652 c.
583 2604 656 2667 Agr.)
668 2620 736 2652 occu-
771 2622 786 2652 a
800 2606 927 2654 Puteolano
943 2617 977 2656 est
993 2608 1035 2656 ills
1052 2609 1125 2658 lectio.
1138 2611 1206 2658 Grut.
1218 2610 1288 2660 etiam

212 2668 474 2732 pneumaticum
481 2683 575 2717 amanu
587 2684 630 2718 ωε.
647 2671 720 2718 Emt.
770 2671 921 2733 precedentis
931 2673 1026 2722 resecari
1036 2673 1087 2720 vult
1101 2678 1187 2736 spretis
1199 2678 1228 2728 C.
1243 2680 1286 2726 Tr.

218 2759 222 2768 ·
251 2737 281 2792 Q.
292 2737 309 2783 i.
321 2737 354 2783 P.
365 2735 399 2782 A.
410 2749 429 2781 r.
440 2740 463 2781 et
476 2735 587 2796 arbium]
615 2734 679 2782 Edd.
690 2743 736 2784 vet.
771 2750 821 2796 que.
856 2735 942 2786 Contra
953 2737 1077 2800 Bip.nihil
1094 2740 1212 2797 abundare
1225 2741 1289 2790 viue-

216 2799 306 2849 rddnnt
315 2807 357 2848 ert.
368 2798 491 2854 Budnon
500 2797 571 2846 habet
580 2798 689 2847 etRhen.
699 2799 737 2848 in·
771 2805 826 2855 tur;
844 2799 873 2848 de
889 2801 1003 2848 industris
1019 2802 1091 2864 repeti
1104 2806 1288 2864 substernent,

217 2863 294 2919 duxit.
771 2879 817 2926 quc
829 2864 894 2926 vulgi
910 2866 1052 2927 mutabilitas
1066 2867 1183 2930 adpareat,
1197 2868 1289 2932 legunt·

250 2931 327 2985 Quem
340 2926 443 2990 reperte]
471 2925 583 2975 Restituit
593 2935 685 2989 repente
695 2929 737 2976 Pi·
771 2943 832 2990 que:
850 2936 936 2990 spreto,
949 2931 975 2978 C.
989 2933 1175 2992 Tequeproeid.
1188 2935 1289 2984 nudes

216 2991 300 3053 ebena,-
315 2992 380 3056 qued
397 2993 527 3043 Rhenanus
547 2991 639 3049 delevit,
659 2993 737 3043 codice
771 2991 862 3040 Verum
876 2993 956 3042 eadem
973 2995 1041 3056 plane
1053 2997 1122 3043 verba
1136 2997 1169 3044 sic
1183 3000 1289 3060 repetis

217 3072 261 3106 suo
275 3065 374 3114 anctore,
394 3073 449 3104 cum
470 3057 509 3105 hic
527 3068 573 3104 non
592 3056 642 3103 sine
658 3057 681 3104 vi
697 3057 735 3113 sit.
772 3056 849 3106 Taciti
864 3059 1040 3106 meredianum
1052 3067 1093 3117 est,
1105 3073 1288 3122 nequenecesse,

218 3121 315 3170 Habent
326 3122 401 3171 MSS.
414 3121 500 3179 (Flor.)
517 3120 596 3168 Guelf.
615 3121 668 3169 edd.
682 3131 736 3173 ante
771 3121 833 3181 addi,
853 3137 901 3186 qua
917 3138 941 3171 re
956 3123 1026 3186 spreti
1037 3122 1064 3170 C.
1078 3122 1167 3188 Teque
1183 3141 1218 3174 res
1240 3127 1290 3190 ipsa

216 3185 394 3236 Rhenomues.
426 3184 580 3234 Consentiunt
595 3185 665 3232 etiam
681 3186 736 3234 libri
769 3187 842 3235 docet.
877 3187 960 3251 Itaque
975 3187 1146 3236 cumBroterio
1161 3189 1238 3240 locum
1254 3207 1292 3240 re·

216 3265 259 3313 pro
276 3253 363 3313 raptis,
385 3265 415 3301 ne
435 3249 567 3305 audiamus,
585 3249 627 3311 qui
647 3258 737 3299 tentum
770 3252 874 3314 purgavi.

216 3318 300 3377 ceptis.
332 3314 398 3366 Add.
409 3312 439 3362 ed
449 3315 473 3374 4,
486 3315 525 3360 33.
541 3313 614 3362 Ean.
767 3363 770 3368 ,
805 3318 853 3374 Qui
860 3331 907 3377 pro
916 3318 1017 3380 mirone]
1030 3317 1150 3368 lllcrcerus
1158 3321 1288 3382 ingeniosae

249 3379 388 3442 Spurinna]
415 3378 542 3429 Vestricius
559 3389 593 3426 est
609 3379 735 3442 Spurinna,
771 3383 1291 3446 quiaprcdilioneucce'tumrqnnsildcrimen

215 3443 323 3507 egregius
334 3443 402 3503 Dux,
413 3443 489 3504 etqui
499 3442 528 3489 ad
540 3441 617 3491 'l'aciti
632 3442 736 3496 medinm
771 3445 1032 3508 Spurinuaeobjecerint,
1044 3455 1071 3494 ut
1081 3448 1147 3494 estin
1157 3449 1289 3498 Plutarcho.
1368 3451 1370 3456 ’

216 3509 372 3558 oerumvixit.
406 3507 479 3556 Plinii
494 3507 595 3556 Secundi
608 3508 737 3570 deeoepi·
772 3510 852 3558 lires.
881 3509 984 3562 Pichena
996 3511 1099 3572 conjecit,
1115 3513 1178 3574 quod
1192 3515 1242 3575 jam
1256 3524 1291 3567 est

216 3572 276 3622 nole
287 3573 447 3636 capiendaest,
460 3571 519 3631 Μ·
537 3573 736 3632 HertaSerretu,
771 3574 796 3622 in
809 3583 972 3627 ennoextumr
1028 3584 1078 3624 tum
1095 3575 1289 3640 sFrsinshemio,

221 3639 338 3709 Kestrieio
357 3634 474 3697 Principe
491 3641 592 3695 auctore,
611 3639 738 3699 Spartane
772 3639 817 3686 nisi
828 3638 891 3702 quod
904 3587 1043 3700 parricide
1057 3656 1099 3702 pro
1110 3643 1152 3701 qai
1167 3643 1306 3700 elllsroeri¹

216 3703 470 3763 triumphatissima
487 3701 577 3748 &aaa
593 3709 642 3748 ert.-
667 3717 737 3764 quern
772 3705 909 3765 mnjectura.
939 3705 990 3752 Nos
998 3705 1042 3764 'qut
1053 3704 1202 3756 restituimus.
1217 3708 1289 3758 Eun.

215 3766 297 3814 locum
310 3775 386 3816 tamen
403 3765 520 3818 emaculet
545 3767 659 3814 Vestricio
675 3768 738 3827 Spu·
774 3767 1088 3832 Perperam,siquidvideo.
1121 3771 1211 3822 Milites
1219 3773 1291 3835 enirn,

216 3833 303 3889 rium,
322 3831 438 3892 Principe
459 3836 562 3890 audere,
586 3832 738 3892 irrumpimus
773 3847 820 3880 non
840 3832 999 3893 Centuriones,
1019 3847 1065 3882 non
1086 3835 1195 3898 Tribuni,
1213 3839 1291 3901 prodi-

213 3903 296 3944 rmus
303 3896 400 3944 demere.
417 3894 738 3956 Maleenimtrejectaverba.
773 3897 840 3946 uenis
851 3897 986 3948 incusabant
997 3898 1147 3962 Spurinnam,
1159 3910 1215 3952 teste
1226 3904 1291 3955 Pius

217 3960 295 4008 ers.
327 3960 366 4009 De
381 3960 430 4008 vita
444 3960 495 4018 ejus
515 3959 700 4024 carminibusque
716 3976 739 4009 v.
772 3959 932 4014 nornen
965 3962 1145 4027 Reposuiqer'n.
1312 3963 1315 3972 “

217 4023 323 4087 Bayerus
334 4025 427 4072 Comm.
440 4023 585 4085 Peroport.
599 4025 637 4074 11.
647 4040 672 4086 p.
682 4025 738 4071 311.
808 4027 1035 4091 Coreteditenirnor]
1060 4029 1117 4082 MS.
1130 4031 1193 4080 Flor.
1206 4033 1290 4095 capr.

218 4087 290 4136 Eure.
324 4089 361 4136 cf.
374 4086 556 4150 etPlin.ep.3,
570 4087 591 4134 l.
774 4092 903 4140 castandel.
931 4091 987 4140 Non
999 4107 1113 4156 spernam.
1142 4097 1218 4146 Juvat
1228 4097 1290 4144 Bud.

259 4153 441 4202 Providentiam
468 4153 546 4198 Ducis
578 4155 738 4216 medentibus]
771 4157 902 4202 contemta
931 4157 996 4204 Nam
1007 4160 1293 4222 saepemtabnanstione

217 4216 278 4275 Haec
288 4217 741 4279 spuriaesseetesequentibushucin-
774 4230 826 4332 post
841 4220 967 4282 perfectum
983 4231 1017 4270 est
1032 4239 1137 4286 prensens.
1172 4225 1217 4272 Sed
1234 4219 1293 4268 nihil

220 4281 436 4343 cmmmubiestr
454 4283 552 4328 beders
564 4284 741 4344 monimntum
785 4292 873 4336 aterest
898 4285 970 4340 Eser.
1006 4287 1133 4340 Imanrl.
1149 4288 1209 4336 clare
1223 4283 1294 4333 haber

218 4346 307 4410 Bucar,
319 4353 386 4394 aitte
400 4345 498 4406 coniecit
508 4345 618 4407 Piclrena,
631 4349 742 4410 probant»
772 4351 906 4405 contendit,
916 4351 975 4413 Agr.
987 4353 1100 4398 comedit.

219 4423 265 4472 que
275 4409 321 4458 viri
331 4410 399 4476 docti.
417 4409 472 4456 Ms.
484 4409 547 4458 Flor.
558 4411 594 4458 ed.
606 4427 640 4475 pr.
648 4410 742 4458 auderi
811 4416 874 4464 Tem
885 4416 1056 4467 seuerissimus
1066 4409 1173 4474 quicque]
1186 4407 1294 4474 Vulgata

221 4475 293 4538 (Agr.
303 4471 426 4534 medard:
438 4473 742 4540 undelirmaturillasuspi-
776 4487 829 4526 ante
845 4478 922 4540 lectio,
943 4486 994 4526 tum
1007 4475 1169 4599 martirizatur
1191 4481 1294 4540 quisque.
