3059 4975
120 371 126 388 .
203 284 350 357 seron
575 282 653 341 mn.
669 286 692 343 1.
712 241 801 344 cnr.
818 287 866 347 tr.
1233 290 1269 349 4⁵

201 446 345 533 praestari
358 444 601 511 centurionibus
614 446 723 526 solitae,
738 448 997 513 remitterentur.”
1040 450 1187 537 Namque
1200 444 1276 539 gre-⁴

202 530 310 617 getius
331 530 429 609 miles,
450 545 485 595 ut
502 532 656 596 tributum
674 555 827 612 aunuum,
847 533 1014 620 pendebat.
1060 535 1183 607 Quarta
1240 560 1272 603 rs

203 614 355 702 manipuli
369 639 475 703 sparsa
487 639 544 704 per
554 631 756 697 commeatus,
767 631 823 683 aut
836 618 869 683 in
883 617 958 706 ipsis
971 619 1078 684 cestris
1088 642 1179 708 vaga,
1194 559 1272 687 <iiim

201 702 374 766 mercedem
390 702 575 767 Centurioni
594 704 783 769 exsolveret:
807 726 828 767 n
868 726 909 769 ue
928 703 1058 771 modum
1072 705 1175 771 oneris
1188 708 1273 803 quis-

203 810 309 874 quam,
324 811 426 875 neque
439 811 539 875 genus
553 801 693 876 quoestus
713 789 802 877 pensi
820 726 973 856 liilsebat:
996 812 1052 877 per
1066 790 1227 857 huocima
1241 804 1273 857 et

201 886 322 960 raptus,
339 888 395 938 aut
412 873 575 939 servilibus
596 875 782 951 ministeriis,
801 874 933 941 militare
946 876 1046 941 otium
1067 877 1271 943 redimebant.

202 961 291 1023 Tum
312 958 572 1047 locupletissimus
585 961 720 1047 quisque
733 960 821 1025 miles
837 960 943 1027 labore
957 985 994 1026 ac
1006 962 1124 1027 saevitia
1136 962 1271 1049 fatigari,

201 1042 299 1109 donec
308 1046 500 1109 vacationem
514 1061 645 1110 emeret:
662 1046 728 1125 ubi,
745 1046 922 1134 sumptibus
936 1047 1116 1128 exhaustus,
1132 1048 1272 1114 socordia

200 1127 328 1217 insuper
342 1130 532 1218 elanguerat,
547 1131 638 1219 inops
658 1155 717 1220 pro
734 1132 890 1219 locuplete
903 1147 935 1198 et
954 1133 1036 1199 iners
1050 1156 1116 1283 pro
1135 1147 1273 1213 strenuo,

201 1214 235 1278 in
259 1216 453 1305 manipulum
475 1218 615 1282 redibat:
645 1242 682 1282 ac
703 1242 813 1283 rursus
833 1217 913 1284 alius
933 1231 1029 1306 atque
1081 1219 1140 1298 ius,
1162 1218 1272 1287 eadem

201 1315 338 1388 egestate
349 1327 386 1367 ac
399 1302 524 1368 licentia
536 1304 693 1390 conrupti,
706 1303 748 1367 ad
766 1303 931 1369 seditiones
945 1317 977 1369 et
991 1304 1170 1383 discordias,
1186 1318 1218 1369 et
1231 1305 1273 1371 ad

202 1400 374 1453 extremum
390 1388 424 1453 in
437 1389 520 1453 bella
533 1388 635 1453 civilia
648 1390 791 1455 ruebant.
836 1390 898 1455 Sed
914 1391 1010 1469 Otho,
1026 1412 1065 1456 ne
1079 1390 1168 1478 vulgi
1181 1388 1275 1478 largi-

202 1472 286 1538 tione
296 1475 524 1539 Centurionum
534 1474 652 1540 animos
663 1488 826 1553 averteret,
842 1483 865 1515 “
875 1476 983 1541 fiscum
997 1499 1090 1542 suum
1099 1476 1275 1543 vacationes

201 1562 323 1623 annuas
336 1559 582 1638 exsoluturum,”
618 1560 756 1627 romisit:
779 1583 845 1625 rem
858 1561 947 1626 baud
960 1562 1057 1628 dubie
1070 1561 1189 1641 utilem,
1210 1574 1242 1627 et
1255 1586 1276 1628 a

200 1644 291 1709 bonis
318 1659 426 1731 postea
451 1583 650 1733 Principiis
677 1648 885 1735 perpetuitate
911 1647 1082 1736 disciplinae
1103 1648 1273 1713 firmatam.

203 1730 290 1795 Laco
299 1730 482 1810 Praefectus,
493 1745 654 1819 tamquam
668 1732 700 1797 in
714 1732 847 1797 insulam
860 1746 1070 1823 seponeretur,
1083 1734 1124 1799 sb
1135 1748 1273 1823 evocato,

200 1838 296 1913 quem
316 1816 358 1881 ad
378 1817 495 1882 wdem
515 1818 584 1905 ejus
605 1818 692 1883 Otho
711 1818 914 1906 praemiserat,
929 1819 1106 1885 confossus:
1130 1820 1164 1885 in
1182 1822 1272 1887 Mar-

201 1914 322 1967 nanum
337 1902 469 1982 Icelum,
484 1916 521 1967 ut
534 1904 568 1967 in
580 1903 771 1983 libertinum,
787 1904 891 1991 pelam
905 1905 1166 1971 animadversum.

245 1986 396 2053 XLVII.
420 1989 544 2054 Exacto
556 2011 614 2075 per
628 1989 743 2053 scelera
752 1990 815 2069 die,
830 1990 1032 2057 novissimum
1046 1990 1200 2057 melorum
1213 1991 1275 2056 tuit

203 2230 277 2277 sinens
298 2230 463 2292 expeditiones,
482 2237 513 2277 ‘nt
535 2232 720 2278 rensitterentnr.
786 2235 820 2279 In
835 2230 893 2279 bella
906 2228 1000 2295 medin]
1024 2229 1062 2278 Sic
1079 2228 1190 2278 Heinsius
1204 2238 1274 2279 recte.

204 2294 288 2341 Tel
298 2294 440 2341 santionem
451 2302 474 2342 et
482 2294 564 2342 Livius
573 2294 689 2342 intellexit
696 2296 721 2355 7,
752 2295 780 2342 Ti
800 2298 826 2343 tn
845 2296 930 2343 ultima
950 2292 1101 2357 precedentis
1118 2294 1180 2341 vocis
1197 2293 1281 2343 litter

201 2357 225 2412 7.
236 2358 265 2405 de
275 2358 407 2406 cohortibus
422 2358 586 2417 Hernicorum,
598 2362 722 2407 Immunes
754 2360 859 2409 abstulit.

201 2438 291 2485 quoqne
300 2437 398 2485 opernm
414 2425 558 2471 militariam
569 2430 645 2478 erent,
657 2430 685 2471 nt
695 2426 722 2471 in
787 2428 888 2473 Fiseum
903 2424 985 2490 mum]
1002 2424 1100 2472 Secutus
1110 2438 1163 2471 sum
1174 2424 1201 2472 J.
1214 2424 1275 2472 (iro-

201 2503 278 2536 ennm
295 2504 387 2551 pugnes
407 2491 508 2537 laborem
530 2491 645 2536 reservati
665 2491 723 2552 plus
753 2489 921 2552 nerium,.qui
943 2489 975 2538 sio
994 2490 1084 2553 primus
1103 2489 1175 2537 edidit
1192 2505 1205 2538 e
1224 2491 1275 2538 cod.

201 2552 274 2615 qnam
284 2567 332 2615 pro
342 2554 410 2600 uirili
422 2561 495 2616 porte
508 2555 662 2602 adnitendum
676 2556 723 2600 sei·
755 2554 818 2602 Flor.
830 2556 913 2618 inquo
927 2555 1098 2619 estetfiseum
1115 2570 1193 2612 sunm,
1208 2555 1274 2608 utin

202 2624 263 2665 rent.
283 2618 359 2666 Irrrs.
391 2619 453 2667 Sunt
468 2625 547 2666 nutem
564 2619 639 2680 pretia
655 2634 722 2667 ram·
755 2618 811 2668 MS.
823 2619 883 2684 Agr.
899 2621 932 2673 (et
949 2619 1009 2682 Reg.
1025 2619 1098 2677 lau.)
1114 2618 1150 2666 ed.
1168 2633 1208 2682 pn·
1220 2633 1274 2666 cum

201 2683 300 2741 tionum,
316 2682 423 2746 petrinis,
437 2699 485 2748 qua
494 2682 623 2730 mentiones
637 2697 722 2730 mune·
754 2685 823 2734 ceteri
838 2699 881 2732 ser.
893 2683 930 2747 (in
945 2682 982 2732 his
992 2681 1069 2745 Bud.)
1080 2691 1103 2732 et
1112 2682 1165 2731 edd.
1175 2683 1277 2732 babeant

200 2762 255 2794 rum
270 2747 444 2808 redimerentur,
455 2748 685 2809 utverbsproesteri
698 2756 723 2796 et
754 2763 784 2794 en
795 2752 856 2811 fisco
874 2762 922 2796 nm.
954 2751 991 2809 Et
1009 2748 1071 2797 unde
1088 2755 1171 2796 ustum
1191 2747 1230 2806 sit,
1248 2747 1279 2795 in'

202 2814 380 2860 remitterentur
390 2811 480 2862 decern.
499 2811 572 2860 aas.
599 2810 673 2860 Plura
682 2812 722 2860 det
753 2822 849 2876 promtu
871 2821 911 2862 est.
948 2811 995 2862 Sed
1017 2812 1077 2862 mihi
1099 2820 1123 2861 et
1146 2825 1274 2875 pronomen

204 2875 280 2925 Marc
290 2876 406 2926 Donatus.
746 2894 826 2940 ¹saum
849 2878 886 2926 vel
909 2893 951 2926 sno
975 2885 1114 2940 suspectum.
1145 2877 1188 2924 An
1211 2876 1274 2924 enim

205 2975 209 2980 ι
238 2941 367 2990 Pendebat.
391 2943 458 2990 Pers
477 2942 620 3006 manipulis]
644 2939 723 2989 Isibris
755 2942 815 2990 nlius
826 2941 902 2998 fiscus,
914 2956 986 3006 qnam
997 2940 1112 2990 Cereris?
1140 2941 1174 2989 Et
1184 2955 1275 3005 seraper

201 3007 316 3056 veteribus
326 3021 373 3054 vox
383 3005 500 3063 inserinu,
506 3007 623 3067 pendebat
637 3012 723 3067 quarto
754 3006 820 3066 alibi,
839 3007 902 3070 apud
918 3009 1000 3054 bonos*
1011 3005 1139 3067 scriptores,
1174 3013 1274 3052 uantum

197 3085 264 3132 pars.
288 3071 423 3134 Numquid,
432 3071 724 3132 pendebatquortsmdut
754 3071 860 3130 memini,
872 3071 976 3120 absolute
986 3069 1079 3129 dicitur,
1094 3070 1156 3117 utin
1202 3071 1274 3117 ΜΒ.

201 3135 257 3182 velit
269 3136 295 3182 in
309 3135 355 3184 hoc
365 3135 480 3182 tributum
489 3144 598 3198 quartam
614 3135 723 3198 stipendii
756 3138 887 3184 erectiones
906 3136 1089 3186 centurionibus
1107 3149 1137 3182 en
1150 3137 1213 3196 fiseo
1230 3149 1277 3180 nu·

202 3209 291 3262 partem
307 3202 445 3263 negatam?
462 3214 493 3247 au
507 3199 723 3262 magisPichenam
755 3209 840 3250 meret.
872 3201 906 3250 Et
920 3199 1074 3263 potuitfscile
1087 3213 1214 3263 pronomen

201 3264 325 3312 eudimus?
345 3267 437 3322 Quarto
442 3279 504 3325 pars
512 3265 629 3325 maniprsls’
639 3279 723 3326 sparsa
754 3265 818 3314 nasei
828 3283 841 3314 e
850 3269 911 3328 fiseo
920 3265 958 3314 vel
967 3267 1066 3326 fissum,
1080 3263 1205 3328 presertim
1220 3277 1275 3311 cum

197 3336 403 3390 pereommertns.
436 3327 527 3387 Audio,
538 3328 616 3387 audio,
627 3339 652 3376 et
662 3327 722 3376 nihil
754 3332 824 3378 etiarn
844 3333 901 3392 fisci
922 3333 1019 3379 verbum
1041 3330 1164 3378 seriberent
1183 3328 1273 3386 vitiose,

202 3393 285 3441 melius
304 3393 414 3442 seriusve
435 3394 512 3441 Lrns.
545 3392 643 3457 Recepit
664 3395 722 3442 bene
754 3397 818 3443 velut
832 3395 949 3443 inGuelf.
964 3394 1108 3456 physicam
1123 3409 1170 3459 quo
1184 3393 1275 3440 ultima

202 3457 307 3506 Freinsh.
341 3458 406 3506 Nam
422 3459 455 3506 sic
465 3457 530 3507 Flos.
541 3458 603 3522 Agr.
614 3457 695 3507 Guelf.
705 3473 721 3506 a
754 3458 808 3508 dure
822 3461 917 3523 syllabas
933 3475 1004 3522 prope
1022 3459 1057 3506 nil
1071 3457 1181 3506 differunt
1193 3473 1208 3504 e
1224 3471 1277 3504 sno.

201 3535 273 3570 manu
293 3537 337 3572 sec.
355 3522 392 3571 ed.
408 3539 444 3586 pr.
463 3522 536 3571 Ean.
567 3523 623 3586 Bip.
639 3522 722 3571 dedere
755 3523 812 3573 Post
830 3523 917 3574 correxi
938 3525 1074 3570 libertinam
1094 3535 1137 3586 pro
1157 3523 1274 3570 libertum.

196 3587 646 3652 pesdebetqnartom,quod1dpsioin
657 3603 722 3635 men-
754 3589 820 3638 Nam
840 3588 941 3638 conditio
960 3587 1061 3636 hominis
1082 3585 1228 3651 exprimitur,
1248 3585 1274 3635 in

201 3660 249 3700 tem
258 3660 360 3700 senem.
376 3651 423 3700 Sed
432 3661 541 3716 quartam
550 3651 658 3715 stipendii
667 3666 722 3714 pnr-
754 3652 1075 3719 qualibertinnsdieiturnon
1084 3653 1198 3700 libertus.-
1210 3652 1274 3715 quod

200 3716 722 3780 emenganmpraecisavixviteturmnor
753 3733 800 3766 non
817 3721 889 3769 sensit
902 3717 1029 3767 Broterius.
1045 3715 1117 3766 blara
1150 3716 1235 3781 Seripti
1250 3726 1274 3766 et

95 3827 97 3830 Α
201 3781 312 3832 niune.
326 3797 426 3830 narrare.
466 3781 573 3830 Verbum
595 3783 720 3844 pendebat,
754 3783 938 3834 eddls'bertum.

200 3848 288 3910 absque
299 3861 353 3894 essu
369 3846 480 3910 positum,
497 3846 595 3895 refertur
605 3847 636 3894 ad
652 3861 721 3894 vaen-
790 3848 1114 3913 Tamquam-repeteretur]
1131 3847 1219 3897 Sensus
1230 3855 1273 3907 est,

200 3914 282 3958 dienen
317 3910 381 3959 Bud.
394 3911 502 3959 vitiosam
513 3910 638 3960 Puteolani
652 3920 676 3960 et
689 3910 721 3961 al.
753 3913 890 3963 simuletum
908 3922 931 3962 et
948 3912 1095 3976 divsrlgetum
1112 3921 1154 3970 est,
1172 3928 1227 3961 eum
1248 3911 1274 3959 in

198 3975 322 4024 lectionem
332 3975 407 4033 offert,
418 3984 532 4024 servatam
542 3976 688 4025 aRhenano.
753 3977 855 4026 insulam
877 3978 965 4042 seponi,
987 3977 1028 4026 sed
1049 3977 1116 4026 clem.
1133 3979 1162 4026 ab
1180 3984 1274 4026 evocato

231 4042 346 4088 Socordia
361 4043 433 4088 miser
449 4039 598 4106 elossguerat]
621 4041 721 4090 Mallem
752 4043 900 4100 confossums
917 4057 973 4090 nam
987 4042 1112 4106 opponitur
1122 4044 1205 4104 palem
1220 4043 1274 4088 nnt-

200 4109 290 4159 misera
302 4119 346 4169 pro
356 4107 445 4154 misens
463 4114 505 4152 aut
517 4121 572 4154 eum
584 4106 686 4154 Piehens
708 4122 722 4154 e
753 4110 911 4157 nrndversnm.
937 4109 979 4154 An
990 4108 1074 4156 excidit
1085 4109 1146 4154 clam
1156 4115 1209 4155 ante
1220 4113 1274 4153 tan-

200 4171 276 4232 Flor.)
289 4173 393 4232 tntisper.
411 4171 487 4218 Lrns.
507 4171 586 4219 Guelf.
594 4172 675 4230 miser,
752 4176 845 4235 qnam?
869 4175 915 4224 Sed
926 4172 950 4220 id
962 4171 1059 4221 Tacitus
1069 4172 1188 4221 brevitatis
1197 4167 1274 4218 studio

199 4253 235 4300 pr.
245 4237 351 4284 socordia
359 4237 503 4297 elongarem.
524 4236 587 4284 Mox
597 4237 720 4283 seditiones
751 4238 1029 4301 patremmeum.
1046 4237 1273 4302 Bip.mallenttam,

199 4316 214 4347 e
225 4299 318 4349 blond.
330 4300 517 4364 Gronn.neet,(e.
527 4300 721 4363 Agr.et)edpr.
752 4319 833 4366 qnam.
1187 4305 1190 4308 '

200 4364 281 4430 Vulgo
290 4367 435 4422 seditionem.
452 4366 523 4415 Ean.
558 4367 597 4417 Sic
607 4374 631 4414 et
639 4365 703 4414 Bud.
