3059 4975
241 266 280 325 to
494 215 499 222 ’
614 260 900 323 atarontnnun
1140 268 1306 341 passas.

243 425 470 512 Profligaverat
492 424 609 491 &llum
629 428 653 490 J
655 425 802 493 amicum
820 424 1052 514 Vespasianum
1075 428 1309 515 oppugnatione

242 511 534 598 Hierosolymorum
548 512 677 599 reliqua,
692 510 774 577 duro
794 513 894 599 magis
913 527 944 577 et
962 512 1062 579 arduo
1080 536 1185 599 opere,
1204 514 1246 579 ob
1261 514 1309 579 in-

240 596 370 683 genium
384 597 498 663 montis
518 613 551 665 et
568 597 772 685 pervicaciam
787 598 1021 684 superstitionis,
1039 622 1134 685 quam
1148 623 1213 686 quo
1233 600 1306 665 satis

240 684 354 747 virium
368 683 499 748 obsessis
508 685 550 749 ad
563 684 739 749 tolerandas
748 683 941 749 necessitates
955 699 1136 771 superesset.
1167 686 1258 764 Tres,
1270 698 1306 751 ut

242 792 279 833 su
302 791 338 832 ra
350 769 601 849 memoravimus,
614 769 673 857 ipsi
689 769 882 856 Vespasiano
897 769 1033 857 legiones
1046 782 1144 849 erant,
1163 770 1307 835 exercitae

240 792 341 919 bello:
369 868 505 940 quatuor
527 855 696 921 Mucianus
716 855 877 920 obtinebat
897 855 930 919 in
952 878 1045 953 paoe;
1073 855 1124 919 sed
1148 855 1305 921 aemulatio

240 954 273 1003 ot
282 938 417 1025 proximi
431 941 585 1005 exercitus
596 940 697 1029 gloria
710 941 867 1027 repulerat
884 940 1064 1027 segnitiam:
1089 955 1305 1038 quantumque

240 1024 301 1089 illis
314 1025 433 1090 roboris
446 1025 624 1091 discrimina
636 1042 669 1092 et
687 1027 787 1103 labor,
809 1041 932 1093 tantum
948 1026 996 1091 his
1013 1027 1129 1114 vigoris
1142 1027 1305 1093 addiderat

240 1112 362 1197 integra
374 1112 464 1197 quies
476 1126 509 1176 et
521 1113 703 1199 inexpertus
715 1111 789 1177 belli
801 1112 908 1179 labor:
932 1112 1048 1177 auxilia
1058 1112 1184 1200 utrique
1198 1114 1305 1177 cohor-

241 1197 327 1347 tiqrtlr)
334 1196 527 1283 alarumque,
541 1213 573 1263 et
592 1198 702 1263 classes
720 1200 899 1285 Regesque,
914 1222 950 1263 ac
963 1221 1076 1263 nomen
1091 1198 1206 1285 dispari
1221 1201 1304 1265 fama

241 1306 305 1346 cee
327 1305 371 1346 re.

284 1368 326 1431 V.
349 1368 564 1456 Vespasianus,
579 1393 649 1435 acer
662 1370 791 1448 militias,
806 1369 924 1435 anteire
941 1393 1063 1457 agmen,
1078 1370 1182 1435 locum
1196 1369 1304 1434 castris

240 1476 362 1537 capere,
377 1468 472 1519 noctu
487 1455 606 1540 diuque
619 1456 756 1535 consilio,
776 1479 823 1534 ac,
846 1454 941 1521 sires
962 1468 1111 1544 posceret,
1133 1478 1226 1519 manu
1249 1456 1305 1519 ho-

240 1539 341 1603 stibus
359 1539 478 1607 obniti:
499 1540 568 1605 cibo
592 1542 733 1617 fortuito,
758 1556 843 1607 veste
865 1542 1039 1631 habituque
1058 1542 1112 1605 vix
1126 1565 1145 1605 a
1161 1541 1304 1639 gregario

240 1624 338 1687 milite
351 1625 545 1713 discrepans:
567 1650 704 1713 prorsus,
720 1628 745 1691 si
762 1628 894 1693 avaritia
912 1628 1042 1705 abesset,
1057 1626 1193 1713 antiquis
1207 1628 1304 1691 Duci-

240 1711 301 1774 bus
322 1734 389 1797 par.
436 1712 624 1777 Mucianum
648 1737 666 1779 e
688 1712 842 1778 contrario
866 1712 1095 1799 magnificentia
1118 1727 1149 1777 et
1173 1736 1247 1799 opes
1273 1726 1305 1777 et

238 1815 351 1860 cuncta
387 1798 521 1861 rivatum
535 1797 664 1862 modum
679 1822 877 1947 supevrlgressa
890 1798 1096 1863 extollebant:
1119 1797 1221 1885 aptior
1243 1822 1304 1863 ser-

240 1882 336 1959 moni,
374 1883 503 1969 ispositu
514 1884 704 1971 provisuque
714 1885 742 1948 ci
766 1885 852 1947 'ium
866 1906 971 1949 rerum
985 1883 1121 1971 peritus3
1143 1885 1303 1971 egregium

238 2094 290 2130 nm
301 2079 418 2138 Picltenae,
428 2089 451 2127 et
453 2082 547 2142 fiducia
555 2082 756 2129 nominativorum
785 2082 904 2129 martiolo
916 2082 1003 2140 Plinio,
1013 2084 1055 2146 qui
1067 2084 1107 2140 la,
1120 2083 1141 2129 l.
1153 2080 1201 2142 (ὃ.)
1213 2080 1302 2131 Licini·

239 2145 340 2207 positam
351 2146 438 2192 statuit.
473 2146 536 2193 Cum
546 2145 590 2193 hoc
604 2146 673 2193 sentit
683 2147 755 2194 Gron.
786 2162 827 2193 um
839 2146 859 2193 ei
871 2161 954 2194 nomen
966 2146 1037 2205 addit,
1055 2156 1078 2194 et
1094 2146 1189 2193 titulum
1205 2146 1252 2193 fere
1268 2156 1303 2195 tar

239 2218 262 2256 et
276 2209 300 2255 i'n
322 2209 451 2257 subsidium
468 2211 560 2257 ,lustini
577 2211 654 2257 locum
674 2211 754 2259 adfert.
785 2210 899 2259 Consulis.
934 2212 1044 2259 Licinius
1056 2213 1188 2258 Mucianus
1199 2216 1235 2257 ter
1248 2212 1301 2259 Cos.

238 2273 360 2321 Acidaliae
370 2274 466 2337 Lipsio3
478 2274 588 2321 Muretus
598 2275 756 2326 Freinshemio
784 2282 807 2322 et
818 2292 894 2337 nuper
902 2276 984 2337 Lycia
990 2278 1121 2339 provintiae
1132 2275 1240 2336 tegatur.
1258 2276 1303 2323 Li-

239 2339 309 2387 favet
784 2341 874 2397 bro32,
881 2342 903 2387 6.
913 2340 1145 2401 (21.)deostrearum
1154 2338 1299 2402 praestantia:

271 2404 448 2464 Prtpligooeroi
463 2405 559 2467 bellurn]
590 2404 675 2453 Paullo
690 2407 756 2454 aliter
786 2407 908 2464 Dicemus,
919 2405 1003 2467 inquit,
1015 2407 1092 2453 alieno
1103 2407 1195 2466 lingua,
1207 2418 1302 2465 querque

233 2469 382 2531 prostigondi
400 2470 470 2517 verbo
488 2484 553 2530 usus,
575 2484 646 2534 quam
669 2465 757 2534 placuit
781 2470 930 2530 peritissima
940 2469 1121 2531 ltparcenrnroe
1130 2472 1155 2516 in
1166 2475 1303 2518 nostrooero

237 2534 333 2596 Agellio
346 2533 383 2593 15,
395 2536 418 2579 5.
432 2534 474 2596 qui
490 2534 514 2581 in
530 2544 579 2581 tota
594 2551 622 2581 ea
637 2551 662 2582 re
678 2551 756 2584 vereor
776 2536 839 2596 soit.
873 2537 935 2583 Sunt
952 2550 1008 2596 ergo
1022 2537 1136 2584 illusioni
1155 2535 1231 2592 vata,
1251 2549 1303 2595 quoe

238 2608 266 2645 ut
281 2597 371 2660 caliget.
403 2599 439 2646 Ni
453 2599 487 2644 ita
506 2607 556 2655 est;
573 2601 669 2647 barbare
685 2601 755 2650 etiam
786 2601 915 2662 subjiciam.
950 2599 983 2647 Et
998 2615 1058 2662 sape
1071 2599 1141 2648 aliast
1159 2599 1302 2662 ostenditque

237 2663 328 2710 locutus
342 2663 373 2711 sit
385 2663 509 2725 Augustus
522 2662 547 2709 iu
558 2663 685 2726 Ancyrano
697 2665 756 2729 lapi.
786 2663 878 2712 doctum
902 2674 926 2712 et
942 2665 1041 2712 alterum
1059 2664 1122 2712 velut
1140 2663 1301 2712 Maecmatem.

237 2728 276 2776 de:
284 2741 385 2776 carra,
393 2741 646 2778 raormcnraeua.
654 2742 754 2779 orsas
787 2728 860 2776 lars.
879 2729 940 2776 Mox
951 2743 992 2792 pro
1003 2729 1163 2791 repuleraied.
1172 2743 1207 2802 pr.
1217 2728 1301 2784 etMS.

238 2807 263 2840 a.
280 2805 382 2839 esraa.
400 2805 469 2839 uso.
485 2805 617 2840 raasson
636 2794 698 2856 quod
714 2811 755 2843 ex·
785 2808 822 2854 ap.
831 2793 963 2842 Brotesium
979 2794 1106 2855 dqralerct,
1123 2793 1214 2842 melius.
1229 2793 1301 2842 Ean.

236 2856 757 2922 emplumrigideetexdiametrocumiigdlii
786 2857 847 2904 liud.
860 2860 985 2920 repulerat.

236 2930 397 2983 uotapugaat.
415 2921 488 2969 Ltrs
501 2923 539 2970 Cf.
552 2923 643 2970 Tollius
655 2924 686 2970 ad
702 2926 756 2972 Au.
818 2924 853 2970 Et
862 2925 997 2984 inexpertus
1009 2925 1143 2986 icliilolor]
1162 2921 1302 2972 Redundare

236 2985 296 3034 aonii
307 2985 433 3034 Mosellam
444 3002 466 3035 v.
478 2988 533 3034 425.
785 3001 829 3034 vox
852 2989 915 3034 labor·
934 2988 1033 3046 videtur,
1055 2997 1079 3036 et
1094 2987 1208 3036 inculcata
1225 2986 1271 3034 huc
1288 3004 1302 3036 e

271 3052 307 3099 Oi
319 3052 443 3112 ingenium
451 3053 540 3115 gentis]
553 3052 618 3099 Nam
628 3052 755 3116 pervicaces
784 3050 859 3112 priore
870 3067 943 3100 versu.
960 3051 1058 3116 legam,
1070 3059 1093 3100 et
1103 3052 1231 3113 inerpertis
1242 3053 1301 3100 terit

236 3113 322 3164 soilioet
336 3125 359 3163 et
372 3115 534 3164 osdmenescii
543 3116 630 3163 Jodaei.
663 3116 754 3166 Tamen
786 3115 919 3178 ltasupras
932 3119 1113 3180 pccirartibos,
1128 3117 1301 3178 belliinerpcr.

236 3179 261 3226 in
268 3179 330 3226 Flor.
339 3188 382 3238 est,
390 3183 514 3255 ingenium
521 3182 623 3227 moritis.-
631 3188 654 3228 et
660 3181 753 3241 scimus,
786 3185 831 3226 ius.
849 3180 924 3230 ers.
942 3183 1021 3230 Labor
1031 3190 1067 3230 est
1076 3182 1101 3230 in
1111 3181 1176 3230 libris
1186 3182 1301 3236 munibus.

237 3242 401 3306 Hierosolyma
416 3259 441 3291 m
457 3244 532 3292 arduo
547 3245 594 3293 iere
610 3245 660 3292 sita
678 3245 753 3294 lars.
787 3243 816 3290 ln
827 3243 863 3292 ed.
875 3261 909 3308 pr.
922 3245 958 3294 bis
972 3246 1047 3310 posita
1060 3262 1106 3294 vox
1118 3247 1183 3292 lnior
1196 3245 1258 3305 facit,
1274 3255 1301 3294 ut

236 3308 333 3358 Montis
345 3309 416 3356 etiam
427 3308 505 3356 Goelt'.
517 3324 531 3355 a
542 3323 574 3356 m.
585 3325 620 3372 pr.
631 3319 656 3357 at
666 3326 709 3358 mc.
721 3327 753 3358 m.
784 3309 920 3360 intermedia
930 3311 1009 3358 omnia
1018 3310 1185 3359 omitterentur.
1207 3310 1238 3358 In
1246 3310 1300 3360 Ma

235 3371 336 3420 correxit
345 3372 415 3421 stulto
426 3375 520 3432 matis,
537 3374 601 3438 quod
614 3389 657 3437 pro
668 3379 754 3424 martir
787 3373 865 3421 Gueli.
878 3377 914 3433 (et
921 3373 997 3433 Bud.)
1010 3384 1043 3422 sot
1056 3376 1182 3435 imperti,
1196 3382 1224 3422 ut
1239 3374 1300 3422 Flos.

236 3437 325 3486 adibam
336 3447 371 3486 est
380 3438 405 3485 in
417 3437 453 3486 ed.
465 3453 500 3501 pr.
533 3439 573 3486 Ex
584 3455 611 3486 eo
624 3443 704 3500 geritis
719 3441 755 3488 fa.
786 3437 868 3486 etedd.
876 3447 929 3488 vett.
940 3447 993 3490 ante
1002 3439 1078 3486 Rhea.
1090 3439 1161 3486 Ean.
1172 3437 1229 3488 cod.
1240 3440 1300 3501 Agr.

236 3510 308 3549 ctum
352 3505 449 3551 Montis
469 3504 528 3552 bene
544 3504 629 3568 recepit
645 3504 755 3553 Pichena.
785 3510 808 3550 ct
829 3505 946 3566 inexperti
964 3505 1017 3552 belli
1033 3505 1127 3563 labores,
1148 3503 1211 3566 quod
1225 3503 1300 3567 Ryolc

235 3566 299 3616 Mox
309 3567 364 3615 MS.
373 3568 436 3616 Flos.
446 3583 575 3630 quamquo.
593 3569 633 3616 Sic
643 3578 667 3616 et
675 3569 753 3618 Guelf.
786 3569 873 3630 probat.
886 3569 963 3617 Rhea.
980 3584 1022 3632 pro
1038 3570 1101 3616 ledor
1117 3568 1209 3617 volebat
1221 3571 1300 3616 ordor.

234 3630 324 3744 ἓΒυὰ)
334 3632 369 3680 ed.
381 3648 416 3695 pr.
424 3633 487 3680 unde
496 3633 577 3697 recepi
595 3632 676 3694 Vulgo
686 3637 752 3694 quod.
786 3631 840 3694 Bip.
856 3632 937 3696 legunt
955 3635 994 3682 sed
1011 3635 1127 3696 inexperti
1146 3635 1200 3680 tritt
1218 3635 1301 3694 labore,

258 3709 306 3744 att.
323 3696 364 3743 Ex
379 3696 442 3745 Bad.
457 3700 543 3746 mentio
558 3697 686 3746 Rhenanus
700 3698 754 3747 fecit
786 3697 849 3759 quod
860 3698 954 3760 vulgato
965 3713 1011 3746 non
1022 3707 1123 3761 praestat.

232 3763 317 3821 geritis.
345 3761 431 3809 Paullo
447 3769 502 3810 aute
516 3763 646 3811 Rhenanus
662 3763 754 3812 sublata
818 3764 864 3822 Ac,
875 3765 897 3810 si
907 3778 945 3810 rea
951 3762 991 3828 p]
1016 3762 1155 3824 Conjunctio
1165 3779 1193 3812 oc
1206 3777 1252 3810 non
1268 3772 1303 3812 cst

233 3835 287 3889 post
302 3826 523 3887 Hierosolymorum
539 3827 684 3875 distinctim
701 3843 754 3876 sen-
784 3825 809 3872 in
821 3827 883 3874 Bud.
896 3827 1075 3876 etdaletRhen.

234 3904 288 3937 sum
295 3889 415 3938 meliorem
426 3891 496 3939 dedit
818 3893 942 3954 Dispositis
951 3892 1108 3955 provisaque]
1133 3892 1189 3940 Non
1206 3907 1302 3956 possum

270 3955 304 4002 Ui
313 3969 388 4016 supro
398 3955 657 4021 memoravimurwid
672 3961 693 4014 l,
705 3956 742 4003 ld.
784 3955 822 4004 hic
838 3956 922 4016 videre,
940 3957 1003 4019 quod
1017 3957 1130 4005 Sarilius:
1149 3973 1206 4019 very
1221 3965 1303 4018 eapert

265 4019 755 4086 Mueioum]Itaubiquep1-tepotaaiishu-
784 4023 810 4068 in
827 4023 864 4068 rte
880 4023 994 4070 directior
1010 4023 1057 4068 arrd
1068 4021 1189 4084 soresiglt
1206 4023 1236 4084 os
1246 4023 1303 4072 ciali

231 4083 380 4148 jusbominis
395 4097 480 4132 nomen
492 4085 579 4150 scripsi.
613 4084 690 4134 Greci
700 4100 754 4132 sua-
783 4087 882 4144 offairre
898 4085 964 4149 quasi
979 4099 1026 4134 uno
1041 4085 1123 4150 spiritu
1136 4087 1243 4148 jungeret
1258 4101 1302 4134 au-

232 4149 298 4209 dent,
305 4149 347 4212 qui
355 4149 472 4196 monsravit
479 4151 612 4212 appellant:
622 4160 647 4198 et
655 4148 751 4212 lapides,
784 4159 832 4197 otor
839 4167 847 4208 3
864 4151 978 4212 dispositu
990 4153 1134 4213 provisuque
1144 4153 1253 4198 civilium
1264 4166 1302 4198 re.

232 4215 258 4263 in
269 4214 356 4278 quibus
364 4211 475 4273 Cmadia,
486 4227 534 4261 non
546 4215 579 4274 Τ,
590 4230 681 4278 semper
691 4213 754 4261 scul-
784 4231 839 4262 rom
844 4217 954 4276 peritos.-
966 4231 1040 4278 quum
1047 4215 1086 4263 ille
1094 4215 1190 4262 voluerit
1199 4232 1207 4272 ς
1224 4218 1303 4278 aptior

232 4288 310 4342 ptum,
321 4277 382 4326 utin
392 4278 434 4325 illo
442 4278 526 4327 Rornae
537 4279 585 4342 (ap.
596 4280 664 4326 Grut.
676 4294 699 4341 p.
712 4278 752 4338 32,
784 4293 897 4338 semmae,
909 4281 1023 4341 dispositu
1035 4281 1185 4342 provisuque,
1201 4279 1302 4342 junctim

234 4345 269 4402 a>
296 4355 437 4403 pannio.
451 4355 634 4393 reassumit.
650 4350 763 4391 anuto:
784 4343 865 4406 accipi,
888 4351 941 4406 quat
961 4359 1054 4394 sensum
1078 4345 1191 4406 impleant
1215 4346 1302 4408 absque

235 4421 377 4460 rtuclarto.
398 4421 455 4458 cos.
488 4408 571 4457 Multa
588 4410 658 4458 etiam
680 4408 753 4469 hujus
783 4409 838 4464 illo:
851 4409 1158 4472 ciuiliumrerumperitur.
1183 4409 1303 4474 Significat
