3059 4975
418 270 472 327 na
492 261 1099 327 Mcntssus.aunnnnrn.crr.rr.
1231 269 1292 335 373-

228 433 328 496 virtus
351 441 505 516 agnoscat.
550 427 626 490 Sera
645 426 798 510 juvenum
821 428 946 502 Venus;
971 423 1077 516 ,eoque
1100 428 1284 515 inexhausta

227 519 391 604 pubertas:
423 535 478 576 nec
496 510 629 596 virgines
651 510 855 585 festinantur3
883 512 991 577 eadem
1010 517 1151 601 juventa,
1175 517 1287 592 similis·

249 601 408 665 roceritas:
431 619 520 682 pares
534 594 706 678 validaeque
725 593 907 659 miscentur:
931 621 967 661 ao
986 599 1098 664 robora
1116 615 1279 686 parentum

226 625 315 750 liberi
338 683 485 747 referunt.
531 682 679 744 Sororum
701 679 772 740 filiis
794 679 877 742 idem
897 682 983 766 apud
1004 686 1203 764 avunculum,
1225 688 1282 773 qui

227 771 312 857 apud
331 779 451 854 patrem
464 764 573 830 honor.
617 762 752 840 Quidam
767 764 946 827 sanctiorem
961 768 1183 856 arctioremque
1192 770 1289 835 hunc.

222 875 338 918 nexum
350 850 508 936 sanguinis
519 848 719 925 arbitrantur,
731 861 762 910 et
775 848 807 911 in
817 848 1000 934 accipiendis
1013 852 1172 919 obsidibus
1184 856 1284 941 magis

225 941 373 1024 exigunt3
397 950 555 1019 tamquam
577 933 599 994 ii
620 945 651 995 et
669 932 808 996 animum
829 934 957 1010 firmius,
969 947 1003 998 et
1024 937 1153 1001 domum
1175 938 1292 1018 latius,-

224 1035 357 1088 teneant.
402 1019 543 1082 Heredes
556 1031 659 1082 tamen
672 1040 919 1102 successoresque
934 1019 981 1082 sui
995 1020 1107 1106 cuique
1120 1022 1226 1096 liberi3
1248 1039 1280 1088 et

223 1106 346 1172 nullum
357 1115 582 1169 testamentum.
620 1102 655 1166 si
668 1102 756 1165 liberi
771 1125 830 1165 non
847 1115 930 1180 sunt,
944 1105 1105 1190 proximus
1117 1107 1234 1191 gradus
1247 1109 1280 1171 in
1332 1122 1336 1128 “

223 1191 410 1279 possessione
420 1189 537 1265 fratres,
548 1187 663 1275 patrui,
675 1187 831 1252 avunculi.
870 1189 994 1263 Quanto
1007 1189 1078 1275 plus
1092 1190 1281 1277 propinquo-

223 1299 304 1354 rum,
320 1298 384 1360 quo
398 1272 496 1357 major
508 1272 659 1337 adfinium
675 1293 833 1350 numerus,
849 1284 936 1335 tanto
949 1275 1111 1358 gratiosior
1125 1291 1275 1357 senectus,

221 1384 278 1425 nec
292 1361 356 1423 ulla'
369 1357 508 1422 orbitatis
521 1357 628 1443 pretia.
1273 1385 1288 1409 -·

187 1440 195 1454 ’
264 1446 368 1508 XXI.
383 1442 554 1527 ¹Suscipere
565 1455 630 1506 tam
642 1438 825 1520 inimicitias,
840 1465 895 1506 seu
930 1444 1014 1522 atris,
1030 1468 1082 1508 seu
1097 1469 1156 1532 pro
1176 1448 1288 1534 inqui,

221 1553 316 1620 quam
330 1527 488 1603 amicitias,
503 1548 622 1592 necesse
636 1535 698 1588 est:
722 1548 778 1589 nec
790 1465 987 1611 inplacabiles
1000 1529 1124 1596 durant.
1155 1470 1275 1597 buitur

221 1616 304 1681 enim
324 1614 416 1677 etiam
438 1610 639 1674 homicidium
659 1621 742 1673 certo
761 1623 970 1676 armentorum
992 1636 1028 1676 ac
1050 1636 1197 1699 pecorum
1218 1640 1277 1680 nu.

220 1723 316 1778 mero,
337 1697 506 1782 recipitque
531 1695 766 1760 satisfactionem
785 1695 927 1759 universa
948 1697 1077 1763 domus:
1108 1699 1223 1764 utiliter
1240 1702 1297 1777 in,

221 1785 400 1872 publicum;
425 1781 499 1866 quia
516 1779 745 1867 periculosiores
765 1794 838 1843 sunt
858 1780 1024 1867 inimicitiae
1039 1783 1133 1868 juxta
1152 1784 1288 1851 liberta'

220 1886 292 1934 tem.
338 1866 539 1930 Convictibus
552 1878 583 1929 et
596 1864 736 1950 hospitiis
750 1887 813 1927 non
826 1865 886 1929 alia
898 1889 974 1950 gens
987 1868 1114 1931 effusius
1127 1867 1276 1955 indulget.

223 1957 458 2048 Quemcumque
482 1950 658 2013 mortalium
681 1972 784 2012 arcere
809 1961 901 2023 tecto,
927 1951 1014 2015 nefas
1037 1952 1187 2017 habetur:
1219 1977 1287 2039 pro=

220 2040 347 2102 fortuna
361 2058 491 2122 quisque
505 2034 659 2120 adparatis
673 2034 773 2119 epulis
791 2034 913 2119 excipit.
958 2035 1041 2099 Cum
1055 2036 1204 2115 defecere,
1220 2039 1286 2123 qui

221 2123 314 2187 modo
332 2122 443 2206 hospes
461 2119 573 2196 fuerat,
593 2133 778 2183 monstrator
791 2118 916 2204 hospitii
929 2132 961 2182 et
974 2143 1085 2198 comes,
1103 2122 1287 2206 proximam,

220 2208 349 2270 domum
372 2227 434 2267 non
456 2204 576 2268 invitati
595 2205 726 2268 adeunt:
754 2225 811 2266 nec
829 2203 972 2268 interest:
998 2205 1065 2291 pari
1086 2205 1278 2271 humanitate

219 2292 424 2379 accipiuntur.
468 2290 587 2352 Notum
606 2289 747 2385 ignotum
771 2311 819 2364 ue,
836 2302 989 2373 quantum
1009 2290 1050 2353 ad
1070 2291 1125 2376 jus
1138 2290 1287 2376 hospitii,¹

219 2399 310 2440 nemo
322 2373 474 2438 discernit.
498 2374 649 2450 Abeuntr,
662 2311 775 2457 siquid
788 2373 971 2468 poposcerit,
985 2375 1150 2439 concedere
1160 2376 1272 2450 moris3

220 2475 251 2525 et
276 2458 420 2548 poscendi
442 2457 573 2522 invicem
596 2458 703 2522 eadem
723 2456 861 2520 facihtas.
906 2457 1055 2524 Gaudent
1074 2460 1287 2526 muneribus:·

217 2545 272 2610 sed
286 2570 342 2611 nec
356 2545 430 2609 data
442 2544 597 2631 inputant,
612 2566 668 2607 nec
682 2541 816 2627 acceptis
828 2540 1014 2628 obligantur.
1281 2551 1283 2556 '

250 2736 393 2780 instaura
400 2733 523 2795 pubertas]
548 2728 728 2778 Is.Vossiusad
755 2743 843 2775 nanos.
860 2729 1091 2792 RespiceA.l5,l.‘t.
1108 2730 1273 2779 ctsmmim

218 2798 308 2843 Melam
321 2798 344 2843 3.
353 2796 451 2857 explicat
463 2793 622 2855 ἁναφροδισίαν,
633 2808 685 2855 qua
694 2792 728 2839 ibi
756 2791 831 2837 Marc.
843 2791 881 2850 lt,
893 2793 917 2839 6.
933 2793 986 2839 Sea.
998 2793 1066 2841 Coun
1075 2793 1106 2840 ad
1115 2795 1190 2841 Marc.
1202 2810 1222 2842 c.
1235 2796 1286 2843 19.-

213 2862 327 2921 pueritia.
361 2859 487 2905 Pueritiam
502 2865 562 2903 recte
576 2856 671 2919 accipitr
689 2855 729 2903 sed
758 2854 843 2901 Paullo
861 2864 915 2901 ante
934 2855 990 2903 Pnt.
1011 2863 1077 2904 tanto
1094 2860 1207 2918 gratior.-
1235 2858 1284 2906 sed·

218 2925 326 2985 pubertas
337 2922 398 2967 aliud
411 2930 459 2975 est3
477 2934 567 2982 nempe,
579 2919 613 2966 ris
621 2919 730 2979 juvenilis
757 2918 829 2965 Rom.
839 2928 862 2965 et
873 2917 955 2966 Ncnb.
965 2918 1001 2966 ed.
1009 2924 1144 2979 gratiosior.
1282 2927 1285 2931 ’

218 2986 410 3049 generandique
421 2982 713 3031 ammanitarum.
806 2983 904 3029 Utiliter
925 2984 952 3028 tn
974 2985 1107 3047 publicana]
1140 2985 1208 3033 Solus
1223 2986 1286 3034 cod·

250 3051 327 3096 Pares
337 3049 465 3111 validique]
493 3046 551 3094 Cod.
562 3046 641 3109 Kspp.
651 3049 682 3107 (s.
692 3046 728 3093 ed.
759 3044 837 3107 Kapp-
847 3044 1114 3104 (satrianensem.
1129 3048 1191 3095 Mox
1199 3052 1273 3111 jecta

218 3114 276 3161 Nor.
290 3114 345 3159 item
362 3111 445 3171 Rom.)
466 3109 518 3158 edd.
528 3111 619 3157 Bonan
630 3109 729 3172 spirens.
758 3110 888 3155 libertatem
900 3116 934 3156 est
948 3109 1008 3156 inter
1022 3109 1105 3158 liberos
1120 3111 1233 3170 homines,
1248 3112 1273 3157 in

216 3192 341 3239 omnesque
357 3175 424 3223 ceteri
440 3174 487 3221 mei
504 3183 556 3221 ante
570 3173 635 3236 mps.
644 3188 730 3236 magno
759 3172 1025 3220 concuterentur.
1052 3174 1099 3221 lid.
1105 3176 1176 3222 Rom.
1187 3176 1285 3222 etPut·

216 3255 326 3289 consensu
336 3240 477 3299 validaque:
494 3236 558 3300 quod
573 3237 667 3284 restitui.
700 3235 731 3283 In
761 3238 861 3283 utiliter.

217 3304 361 3367 Lipsianam,
379 3311 406 3350 ut
425 3302 469 3348 alia
486 3300 602 3364 quedam,
620 3300 682 3347 venit
700 3315 729 3359 err
799 3302 861 3347 Cum
868 3299 979 3363 defecere]
995 3302 1121 3365 sceptrlar
1133 3303 1274 3364 cumepulas

216 3370 312 3416 obscura
326 3366 432 3414 editione.
464 3364 580 3426 intellige,
596 3378 662 3426 pares
678 3378 728 3410 ma-
759 3363 859 3425 smplius
880 3366 981 3425 praebere
999 3365 1084 3427 hospiti
1102 3380 1148 3413 non
1170 3376 1273 3428 possum·

215 3432 264 3479 ritis
281 3440 347 3479 atate
365 3430 461 3492 aliisque
478 3430 546 3475 rebus
563 3426 686 3486 ducuntur,
704 3427 728 3473 in
759 3426 826 3473 Infra
840 3442 860 3474 c.
872 3429 911 3474 24.
923 3442 976 3474 cam
991 3431 1068 3475 omnia
1082 3430 1223 3491 dejecerunt,
1240 3444 1274 3478 sc.

231 3496 340 3558 rimisque
346 3493 435 3542 validae.
451 3492 534 3539 Paullo
541 3499 594 3553 post
603 3504 645 3554 prc
653 3492 731 3551 magis
759 3505 813 3552 qua
822 3489 922 3538 ludendo
930 3491 1022 3554 perdere
1032 3492 1126 3555 possint.
1148 3492 1211 3539 Edd.
1218 3501 1278 3540 vett..

246 3561 269 3608 S.
281 3557 373 3605 Arund.
385 3558 493 3604 marinae.
518 3554 591 3602 Ean.
623 3554 730 3601 Pichenae
759 3568 818 3600 mere
834 3563 887 3601 ante
902 3554 967 3617 lips.
980 3570 1060 3603 manes
1076 3556 1193 3618 deficere.-
1211 3556 1274 3619 quod

215 3622 320 3685 placebat
335 3622 468 3681 validique:
486 3619 526 3667 sed
543 3626 604 3666 recte
618 3632 672 3665 cum
684 3618 730 3665 Er·
759 3617 858 3664 restimh
872 3617 980 3667 Pichens.
1012 3622 1050 3667 Dc
1061 3622 1132 3666 erent
1148 3619 1220 3668 estin
1237 3620 1274 3668 ed.

215 3686 288 3734 aestio
298 3686 384 3733 faciunt
394 3684 456 3731 Lali.
466 3684 532 3731 Brot.
544 3682 599 3746 Bip.
759 3680 825 3742 Lips.
836 3680 898 3743 qnod
909 3620 1068 3730 codemmotb
1077 3682 1205 3746 intelligere
1213 3684 1274 3732 licet.

256 3751 329 3811 Apud
345 3750 451 3812 patrem]
479 3746 536 3794 eod.
550 3745 638 3809 Kappii
648 3747 729 3808 (quem
760 3744 807 3792 Sed
817 3743 876 3790 illud
886 3759 966 3791 verum
979 3756 1043 3808 puto.
1058 3746 1115 3794 viu.
1125 3755 1202 3794 tamen
1213 3748 1243 3795 ad
1253 3764 1284 3795 ο.-

215 3814 270 3863 Joh.
284 3812 390 3875 Kappius
402 3811 440 3858 hie
453 3810 537 3884 itarnm
549 3810 610 3857 male
621 3810 675 3857 MS.
688 3824 729 3856 ro·
759 3809 800 3854 24.
816 3808 887 3855 Enn-
910 3808 965 3871 Bip.
977 3809 1100 3872 praferunt
1110 3812 1275 3874 dsficsdtscil.

215 3872 729 4003 iibi'bffltaii'ilb'li‘bffl'iii,
759 3870 889 3996 Ἢιιεα
900 3939 1043 4001 poposcere]
1071 3938 1273 3987 samaram

218 4001 650 4063 16.et10‚1c.armeproapurme.
667 4001 728 4047 Mox
759 3998 812 4046 edd
827 4009 880 4046 ante
896 3998 972 4046 Rben
989 4001 1057 4047 1532.
1071 4017 1159 4050 omnes.
1191 4004 1217 4049 Is
1237 4002 1273 4047 in-

215 4068 270 4116 MS.
284 4068 359 4129 Ircng.
371 4066 472 4112 obsidiis.
505 4063 567 4111 Dein
580 4067 653 4123 proti
668 4065 729 4110 male
760 4062 831 4120 vexit,
843 4064 889 4110 sire
901 4063 978 4125 potius
988 4080 1048 4112 error
1058 4081 1185 4128 operarum,
1200 4078 1275 4125 popo-

214 4132 299 4193 legitur
309 4134 335 4177 ia
348 4130 372 4176 in
384 4129 419 4176 ed.
432 4129 491 4176 Nor.
501 4128 571 4175 Rom.
584 4126 660 4191 Rhag.
672 4134 694 4175 et
704 4127 729 4173 in
760 4128 840 4185 sceris,
861 4126 923 4190 quod
944 4128 1014 4175 miror
1032 4129 1121 4176 tamdiu
1142 4127 1273 4186 toleratum,

215 4193 502 4255 mammarium.
761 4205 815 4237 cum
838 4190 898 4237 illud
919 4189 1033 4239 latinim
1054 4191 1170 4239 denuost.
1200 4190 1272 4239 Eas.

248 4260 359 4305 Nerulln
370 4258 475 4303 orbitatis
481 4257 573 4319 pretia]
600 4255 655 4303 Non
666 4263 728 4313 suna
761 4254 808 4302 Ed.
820 4254 902 4304 Norib.
908 4257 1047 4321 pqrorrsrit.
1072 4254 1101 4301 In
1113 4254 1274 4303 Romeamx

214 4322 257 4387 qui
274 4334 338 4371 senes
356 4322 423 4370 orbos
441 4328 540 4383 captent,
559 4327 585 4369 ut
601 4319 663 4383 apud
680 4319 728 4366 Ro·
761 4317 829 4367 deest
