3059 4975
228 287 255 326 n.
271 288 297 326 o.
312 270 373 344 71.]
618 268 692 327 LlB.
712 269 748 326 V.
769 268 854 326 CAP.
879 269 924 328 17.
1239 273 1298 333 337

223 431 303 496 lava
317 453 353 495 ac
366 431 512 519 propiora
521 429 657 494 fluminis
673 432 907 496 Transrhenani
920 441 1055 494 tenuere.
1100 432 1289 499 Exhortatio

225 519 363 594 Ducum,
385 539 447 580 non
468 539 552 580 more
566 517 719 580 concionis
733 518 820 666 qpud
840 517 1006 593 universos,
1022 517 1077 580 sed
1087 511 1287 606 utquosque

224 626 352 667 suorum
376 603 617 667 advehebantur.
663 603 735 666 Ceri
765 604 793 666 is
815 611 986 666 “veterem
1001 604 1136 666 Roman
1155 606 1288 670 nominis

220 687 361 774 monam,
384 691 448 752 anti
471 711 527 752 uas
547 701 746 773 recentesque
760 688 920 752 victorias:
954 703 990 750 ut
1011 688 1176 774 perfidum,
1197 690 1285 776 igna-

220 795 305 852 vum,
321 774 438 838 victum
481 787 589 850 ostem,
610 773 643 836 in
660 787 811 837 aeternum
824 773 1016 837 exciderent:
1041 773 1159 838 ultione
1171 777 1281 862 magis,

220 883 316 946 quam
331 859 452 947 proelis,
466 881 546 944 opus
554 859 634 921 esse.
678 859 846 922 Pauciores
865 881 966 943 nuper
978 882 1048 922 curn
1064 859 1207 944 pluribus
1220 886 1286 926 cer-

219 958 315 1010 tasse:
343 958 478 1009 attamen
502 944 588 1008 fusos
612 945 796 1020 Germanos,
820 944 907 1029 quod
932 944 1051 1008 roboris
1074 945 1178 1009 fuerit.
1223 951 1284 1012 Su·

218 1054 350 1117 peresse,
365 1031 421 1116 qui
438 1031 548 1116 fugam
567 1029 686 1106 animis,
706 1029 761 1115 qui
775 1029 905 1093 vulnera
918 1041 1017 1115 tergo,
1032 1030 1160 1093 ferant.''
1205 1035 1282 1097 Pro.

217 1118 303 1203 prios
326 1117 399 1180 inde
420 1115 559 1180 stimulos
579 1115 753 1199 legionibus
774 1114 968 1191 admovebat,
993 1115 1196 1180 “domitores
1213 1120 1284 1183 Bri-

218 1203 333 1266 tanniae
358 1202 668 1288 quartadecimanos”
690 1200 867 1287 adpellans:
903 1208 925 1238 “
947 1201 1052 1264 Princi
1093 1225 1124 1264 m
1146 1205 1208 1267 Gal

210 1302 317 1353 'sextae
325 1288 453 1374 legionis
464 1286 645 1352 auctoritate
655 1287 790 1351 factum:
807 1285 860 1349 illa
870 1286 1005 1372 primum
1016 1310 1080 1350 acre
1092 1290 1283 1354 secundanos

218 1396 299 1438 nova
313 1374 400 1459 signa
417 1395 591 1458 novamque
610 1372 746 1457 aquilam
767 1371 951 1436 dicatur0s.''
994 1372 1090 1449 Hinc,
1109 1388 1282 1459 praevectus

216 1460 258 1523 ad
270 1459 490 1522 Germanicum
502 1457 681 1534 exercitum,
693 1479 803 1520 manus
813 1458 970 1535 tendebat,
987 1465 1008 1496 “
1023 1475 1059 1522 ut
1068 1482 1156 1522 suam
1169 1463 1286 1548 ripam,-

217 1569 274 1609 sua
284 1558 394 1621 castra,
410 1544 559 1630 sanguine
569 1542 706 1607 hostium
719 1542 953 1628 reciperarent.''
989 1543 1132 1607 Alacrior
1142 1548 1282 1611 omnium

217 1630 342 1708 clamor,
359 1629 430 1715 quis
446 1630 496 1692 vel
518 1653 535 1692 e
554 1629 647 1713 longa
666 1651 741 1714 pace
761 1627 862 1713 proelii
881 1629 1007 1714 cupido,
1022 1628 1072 1691 vel
1090 1629 1178 1693 fessis
1198 1632 1283 1696 bello

216 1717 301 1802 pacis
315 1739 410 1793 amor,
448 1715 530 1796 raem'
576 1738 615 1777 ue
629 1726 660 1777 et
674 1714 762 1799 quies
776 1713 809 1776 in
822 1728 984 1798 posterum
998 1715 1209 1799 sperabantur.

267 1801 379 1866 XVII.
436 1824 472 1864 ec
487 1739 595 1864 ciiiis
618 1798 756 1862 silentem
778 1799 893 1862 struxit
911 1799 1018 1875 aciem,
1039 1797 1144 1863 locum
1163 1824 1279 1888 pugnae

216 1899 326 1951 testem
342 1885 474 1949 ¹virtutis
499 1885 597 1948 ciens:
631 1890 651 1922 ‘⁶
671 1898 751 1948 stare
771 1885 944 1948 Germanos
966 1886 1163 1971 Batavosque
1185 1911 1281 1974 super

217 1971 349 2057 vestigia¹
380 1969 474 2047 loriae,
489 1970 607 2033 cineres
620 1991 752 2056 ossaque
772 1968 931 2055 legionum
950 1969 1117 2034 calcantes:
1140 1994 1280 2057 quocun·

240 2080 278 2120 ue
298 2080 334 2120 oc
367 2081 403 2120 os
421 2058 583 2120 &manus
600 2055 785 2132 intenderet,
804 2055 1023 2140 captivitatem,
1038 2054 1233 2143 clademque,
1247 2075 1281 2123 et

217 2082 286 2206 dira
303 2143 406 2206 omnia
420 2142 583 2205 obversari.
629 2142 680 2204 Ne
702 2140 988 2204 terrerentur-vario
1003 2140 1280 2228 Treverici-proelii

214 2223 345 2292 eventu:
369 2250 457 2292 suam
470 2225 531 2290 illic
541 2225 701 2291 victoriam
713 2225 878 2292 Germanis
889 2224 1053 2308 obstitisse,
1061 2226 1149 2305 dum,
1161 2230 1280 2294 omissis

215 2402 251 2449 ed.
262 2418 296 2466 pr.
308 2406 424 2465 erugant.
458 2401 520 2448 Mox
531 2415 611 2448 eoram
625 2416 667 2465 pro
678 2416 730 2448 sno-
761 2401 833 2449 edidit
843 2417 857 2448 e
867 2400 979 2463 scriptura
988 2399 1052 2448 Flor.
1063 2386 1108 2462 oio,
1117 2411 1212 2466 quaest
1222 2412 1245 2451 et
1254 2405 1280 2451 in

215 2483 270 2514 rum
286 2467 337 2515 edd.
350 2477 403 2516 vett.
417 2467 470 2515 inde
486 2466 601 2514 aPuteol.
614 2465 731 2529 usquead
762 2466 867 2514 sdsPut.
882 2467 968 2514 Omina
983 2466 1114 2529 planellis.
1125 2468 1184 2531 Agr.
1194 2468 1229 2516 ed.
1241 2484 1276 2532 pr.

207 2531 282 2579 rich.
293 2547 389 2579 sumam
404 2532 477 2581 MSS.
493 2532 555 2579 Flor.
571 2530 658 2594 (liud)
669 2531 731 2593 Agr.
761 2531 879 2593 Scriptura
893 2531 1026 2578 Florentius
1044 2547 1099 2579 sane
1113 2543 1136 2580 et
1151 2537 1230 2580 annin
1247 2537 1278 2581 si-

216 2596 295 2644 (iuelf.
305 2597 340 2644 ed.
352 2613 397 2660 par
415 2598 472 2645 Post
482 2594 536 2642 dedi
546 2597 676 2643 canderent
686 2610 730 2658 pro
761 2596 870 2657 gnificate
881 2604 964 2657 potest,
976 2605 1057 2659 astque
1066 2598 1116 2658 ejas
1127 2599 1190 2644 verbi
1205 2599 1278 2647 naim-

214 2662 382 2719 cnrcintierent,
394 2676 407 2708 e
419 2660 492 2707 MSS.
501 2659 655 2715 noctuas.)
666 2660 726 2722 Agr.
762 2668 814 2706 tum
829 2660 1008 2720 compendium:
1025 2661 1108 2708 neeid
1125 2662 1183 2709 adeo
1196 2665 1277 2711 absur-

214 2724 249 2771 ed.
261 2741 295 2788 pr.
307 2725 378 2788 idque
389 2725 463 2772 voluit
473 2723 544 2771 vsilere
554 2725 579 2771 J.
590 2722 728 2781 Gronoiiua
761 2722 819 2770 dum
830 2733 894 2784 puto.
911 2726 976 2771 Dira
986 2739 1027 2785 per
1038 2742 1062 2773 se
1070 2735 1166 2789 possunt
1176 2727 1277 2774 infausta

214 2789 253 2836 sed
264 2804 338 2852 opera
351 2802 398 2835 non
416 2795 548 2849 paruerunt.
580 2786 634 2833 MS.
650 2787 728 2833 Guelf-
762 2788 841 2833 omina
862 2788 994 2849 significare.
1028 2789 1120 2836 Deinde
1136 2790 1172 2836 ed.
1188 2805 1222 2850 pr.
1238 2794 1276 2837 ob-

213 2852 265 2899 edd.
278 2861 331 2900 vett.
343 2853 498 2898 excinderent.
533 2849 597 2897 Add.
609 2850 728 2912 adAgric
762 2853 859 2897 nemori.
893 2851 1001 2913 Denique
1015 2854 1096 2900 eadem
1111 2862 1134 2900 et
1148 2854 1204 2901 MS.
1216 2855 1277 2917 Agr.

213 2917 252 2964 19.
271 2918 349 2964 Ean..
634 2943 637 2952 ·
766 2914 1002 2962 Trevenanffiuuf.
1014 2919 1115 2962 Treviri.
1127 2918 1198 2965 ΕΜ.
1214 2919 1277 2967 Bud.

197 3038 198 3041 Ἴ
219 3005 221 3011 ·
253 2980 448 3041 Attamensasor
467 2976 606 3039 Germanos]
640 2977 729 3025 Melius
762 2980 959 3037 abitum-bene,
977 2988 1003 3027 ut
1013 2980 1075 3026 Flor.
1088 2990 1111 3027 et
1121 2982 1194 3043 Agr..
1210 2983 1276 3031 Mox

214 3044 276 3092 Flor.
288 3060 316 3091 ac
331 3052 416 3103 tomen,
429 3053 455 3091 ut
465 3043 539 3091 voluit
549 3042 673 3089 Muretus:
692 3040 727 3089 ed.
761 3042 889 3105 explicatur
898 3043 970 3101 locus,
985 3045 1025 3089 ubi
1036 3058 1090 3090 sono
1100 3056 1275 3107 amomon-etc.

213 3124 247 3171 pr.
266 3109 328 3156 male
340 3110 465 3156 Romanos.
493 3108 566 3155 Ean.
598 3107 636 3153 Ac
652 3114 728 3153 tomen
761 3106 806 3153 Nil
816 3122 870 3169 ergo
880 3106 1026 3155 mutandum.
1060 3108 1123 3155 Dein
1133 3109 1195 3156 Bud.
1205 3114 1274 3157 ontio.

214 3182 316 3237 'recepere
334 3174 387 3234 Bip.
405 3172 468 3219 Bud.
484 3178 509 3218 ot
526 3179 609 3218 minen.
643 3171 728 3219 Sensus
761 3171 858 3229 Parum,
870 3171 945 3228 credo,
960 3171 1036 3230 refert,
1048 3175 1135 3229 omisso,
1146 3187 1177 3219 au
1187 3178 1274 3234 omnio,

213 3238 281 3285 idem.
316 3236 378 3286 Bud.
390 3239 526 3299 Germanos.
760 3234 829 3298 legas
847 3236 909 3283 Bnd
921 3237 1043 3282 oivcrrcri.
1064 3238 1190 3284 Treverici.
1207 3238 1277 3288 Prius

245 3305 323 3351 Sentoe
334 3305 430 3363 legionis
441 3302 591 3364 anctoritate]
608 3300 624 3347 i.
632 3317 651 3348 e.
663 3300 729 3347 initio
760 3314 804 3361 pro
815 3303 877 3346 ncnc
888 3300 959 3346 habet
969 3302 1050 3348 sciens

150 3376 155 3385 ·
212 3384 227 3414 a
244 3378 308 3415 sexta
329 3365 418 3428 legione
436 3366 496 3412 facto
515 3364 630 3413 Cesaram
646 3364 728 3426 appel·
800 3365 874 3411 Suom
890 3366 939 3409 iilic
955 3367 1090 3429 victoriam]
1119 3366 1195 3415 Vatia
1207 3384 1275 3416 raom

211 3430 282 3492 laudi,
300 3431 363 3495 quod
379 3431 513 3493 exemplum
530 3438 621 3477 ceteras-
632 3438 726 3477 secutas.
760 3430 810 3474 iilic
820 3430 958 3475 nuaram:
970 3444 1024 3492 qua
1031 3430 1098 3477 lectio
1107 3431 1203 3478 involvit
1210 3432 1275 3481 aliud

127 3532 130 3541 .
212 3496 275 3545 Mox
291 3512 375 3543 nonam
386 3496 673 3556 oqniiometnovorigno
687 3493 728 3539 tri·
759 3492 831 3551 verbi,
851 3492 914 3555 quod
934 3492 1038 3540 nondum
1056 3494 1143 3542 mucor
1167 3503 1227 3543 certe
1244 3497 1274 3545 de

212 3561 264 3607 buit
284 3560 426 3620 causianis,
446 3558 508 3623 quod
527 3566 603 3605 vetera
620 3558 685 3619 signa
702 3556 727 3603 in
759 3556 1196 3619 anumautmpidinaidoicivertus,
1203 3576 1276 3623 quam

213 3625 274 3671 bello
290 3626 351 3673 civili
368 3624 498 3672 amiserant
532 3622 593 3669 Mox
605 3628 729 3683 pervector
759 3621 790 3668 de
799 3620 899 3669 victoria.
933 3622 1090 3684 Nequeenim
1103 3638 1137 3682 ea,
1152 3623 1275 3688 sedquod

213 3687 268 3736 MS.
277 3690 335 3751 Agr.
353 3690 424 3736 Ean.
457 3687 521 3735 Bnd.
531 3686 592 3734 male
598 3692 725 3749 prmeqiot.
761 3702 788 3733 ea
797 3700 839 3749 per
849 3687 991 3734 securitatem
1002 3695 1026 3734 et
1039 3687 1184 3735 insolentiam
1199 3691 1275 3751 abusi,
1377 3748 1380 3751 ⁴

212 3752 275 3799 Dein
292 3759 468 3814 reciperarent:
487 3752 630 3814 pretioque:
648 3764 726 3812 spero·
759 3750 848 3798 cladem
858 3749 928 3798 dedit.
953 3751 1027 3799 Lars.
1061 3754 1275 3804 Moteriometiam

214 3818 290 3864 inim.
758 3814 1275 3883 adpr.Acidaliuscorrigitncor-iiiom‚quod

244 3881 367 3946 Alacrior]
386 3880 444 3929 nod.
455 3880 515 3944 Agr.
526 3882 611 3928 alacer.
647 3916 651 3919 -
759 3879 812 3927 etin
820 3889 928 3943 promptu
937 3878 1111 3942 Iripsiofnisset,
1120 3882 1140 3929 si
1149 3896 1196 3930 nou
1206 3884 1276 3932 nimia

253 3947 365 3995 Silcntcm
386 3948 475 3993 tiranii
496 3945 579 4008 acam]
605 3945 629 3992 h.
642 3960 661 3992 e.
673 3960 726 4008 qtue
758 3944 875 4006 avulgata
884 3944 991 3992 differret.
1014 3945 1082 3993 Idem
1092 3946 1167 3995 dicere
1177 3948 1276 3996 verunae

211 4024 257 4058 non
279 4011 369 4059 silentio
386 4009 500 4075 exciperet
520 4008 633 4057 hortantis
652 4023 725 4068 voces,
758 4008 857 4068 videtur,
872 4010 936 4073 qnod
954 4013 979 4067 4,
995 4011 1034 4064 7st
1053 4012 1142 4059 obstitit
1160 4014 1273 4059 macenn-

212 4075 359 4124 sodclamors
369 4075 483 4137 probaret
516 4072 569 4133 Sed,
582 4073 690 4137 qnoniam
701 4074 727 4120 id
759 4074 800 4119 hm
813 4088 918 4134 prosum
932 4076 994 4121 inter
1003 4077 1067 4135 ipsos
1076 4083 1200 4132 cometen,
1211 4076 1275 4121 hoste

212 4148 265 4201 post
280 4140 363 4188 iterum
374 4139 472 4187 dicitur:
490 4138 529 4184 uli
542 4152 597 4185 sono
607 4152 727 4185 ornwrnm
759 4140 851 4194 omisso,
863 4141 936 4200 spolia
947 4142 1096 4187 consectandi.
1115 4138 1212 4186 Videtur
1220 4153 1275 4200 ergo

212 4210 256 4253 esc.
264 4206 390 4266 approbato
401 4211 456 4251 rant
471 4205 549 4250 dicto:
567 4202 634 4250 credo
648 4204 727 4265 legen-
759 4202 852 4265 requiri,
861 4203 926 4266 quod
935 4204 1070 4265 respondeat
1076 4217 1152 4265 provo
1159 4204 1275 4263 tpoiioodi

212 4268 270 4316 dum
281 4284 329 4316 esse
338 4271 407 4315 rilem
418 4268 455 4316 vel
465 4270 556 4315 silentio
566 4266 614 4321 <vel
622 4268 726 4326 ahman)
759 4270 889 4314 seminini
922 4268 981 4315 Tale
991 4267 1048 4330 quid
1066 4266 1149 4329 siquis
1159 4267 1274 4329 repererit,

211 4340 239 4379 ut
247 4333 291 4381 riri
302 4333 364 4381 docti
374 4333 480 4381 voluere:
498 4331 538 4379 sed
552 4332 663 4393 posterius
675 4346 727 4379 ma·
759 4346 806 4378 non
822 4331 948 4380 admodum
959 4331 1088 4391 discrepans
1103 4346 1118 4377 a
1131 4330 1230 4377 lectione
1245 4330 1275 4376 li-

210 4396 260 4443 lim.
294 4396 356 4443 Mox
367 4399 445 4445 omnio
456 4397 511 4444 MS.
525 4395 603 4444 Guelf.
615 4394 667 4443 odd.
678 4396 727 4443 Be·
760 4397 862 4454 brorum,
877 4396 976 4443 audiam.
1011 4395 1081 4441 Nunc
1096 4395 1162 4442 liceat
1176 4393 1267 4440 creden

210 4460 283 4509 roaldi
300 4476 363 4524 seqq.
375 4470 428 4509 ante
441 4456 575 4522 Pidreiiau't,
592 4460 633 4523 qui
650 4462 729 4508 omino
762 4457 989 4521 raonm'apnse
1002 4462 1107 4518 acumen,
1124 4467 1147 4506 et
1161 4457 1207 4506 alia
1222 4472 1275 4506 sen·
