3059 4975
194 205 339 279 n.c.70.]
571 200 651 265 LIB.
671 201 696 263 1.
716 202 810 263 CAP.
828 201 877 265 27.
1222 210 1257 266 ³1

193 358 283 435 ctana
292 367 450 433 Othonem
463 366 585 455 rapturi
596 366 725 446 fuerint,
738 365 798 431 nisi
811 366 927 431 incana
940 366 1049 445 noctis,
1064 379 1096 432 ct
1107 380 1173 433 tota
1184 369 1265 433 nrb'e

195 478 303 554 sparsa
311 453 448 518 militum
459 466 569 531 castra,
581 476 637 516 nec
647 451 768 516 facilem
782 452 863 517 inter
873 451 1058 517 temulentos
1068 476 1261 531 consensum,

195 538 387 605 timuissent:
409 562 473 603 non
486 536 681 625 Reipublicae
695 561 782 616 cura,
798 561 893 625 quam
907 538 1026 603 foedare
1040 538 1193 625 Principis
1215 539 1263 603 sui

196 624 347 711 sanguine
370 624 466 690 sobrii
563 626 659 699 bant;
686 623 742 688 sed
763 646 803 688 ne
822 648 880 712 per
898 624 1051 703 tenebras,
1072 624 1265 711 utquisque

199 709 370 775 Pannonici
392 709 442 774 vel
500 709 646 775 ermanici
673 710 826 773 exercitus
854 709 1004 774 militibus
1027 708 1151 775 oblatus
1173 726 1264 789 esset,

196 796 413 883 ignorantibus
421 795 499 883 pleri
537 819 589 874 ue,
598 817 658 883 pro
669 795 794 859 Othone
806 794 1021 861 destinaretur.
1044 795 1266 860 Multaerum-

198 882 300 968 pentis
313 881 471 946 seditionis
484 819 598 945 iddicia
651 904 667 945 r
679 881 817 945 conscios
829 904 994 980 oppressa;
1018 881 1165 979 quaedam
1177 880 1266 968 apud

201 967 314 1031 Galbae
327 991 418 1032 aures
432 904 707 1032 Praefoetusiiam
724 966 827 1044 elusit,
848 988 977 1055 ignarus
998 964 1177 1031 militarium
1198 966 1266 1030 ani·

198 1069 333 1132 morum,
347 1052 529 1140 consiliique
542 1052 685 1141 quamvis
703 1053 831 1151 egregii,
846 1052 933 1142 quod
953 1074 1017 1117 non
1037 1050 1104 1139 ipse
1117 1050 1265 1131 adferret,

199 1137 352 1217 inimicus,
368 1153 401 1204 et
413 1137 562 1203 adversus
571 1138 687 1224 periura
740 1161 855 1203 rvrcax.

243 1225 399 1289 XXVII.
423 1224 554 1290 XVIII
570 1223 642 1287 Kal.
656 1224 703 1287 Fe
724 1246 748 1288 r.
763 1224 945 1289 sacrificanti
959 1246 1018 1311 pro
1032 1222 1099 1287 aede
1111 1222 1267 1320 Apollinis

202 1308 314 1374 Galbae
330 1312 501 1398 Haruspex
515 1309 696 1375 Umbricius
710 1316 732 1348 ‘⁴
742 1307 843 1374 tristia
852 1324 925 1373 exta
934 1324 967 1373 et
981 1310 1128 1373 instantes
1141 1308 1268 1375 insidiae

200 1418 236 1459 ac
258 1396 463 1460 domesticum
489 1395 634 1460 hostem”
662 1394 822 1481 praedicit:
854 1394 1000 1459 audiente
1023 1395 1151 1459 Othone
1177 1394 1268 1477 (nam

200 1482 363 1567 proximus
383 1480 558 1567 adstiterat)
577 1480 683 1579 idque,
697 1494 736 1545 ut
754 1480 863 1546 laetum
884 1480 1081 1557 econtrario,
1096 1493 1127 1543 ct
1141 1478 1205 1543 suis
1218 1502 1268 1543 co-

201 1566 402 1651 gitationibus
412 1589 607 1655 prosperum,
616 1578 848 1653 interpretante.
870 1568 938 1631 Nec
949 1565 1049 1631 multo
1059 1580 1130 1651 post
1139 1564 1270 1629 libertus

201 1654 393 1717 Onomastus
414 1651 550 1730 nuntiat,
573 1652 781 1739 “exspectari
802 1675 875 1717 eum
897 1653 937 1716 ab
958 1652 1124 1717 architecto
1146 1665 1177 1715 et
1198 1650 1269 1715 red·

202 1738 412 1801 emtoribus:”
432 1761 507 1826 quae
528 1737 711 1825 significatio
723 1738 903 1803 coeuntium
921 1738 988 1825 jam
1009 1736 1144 1801 militurn
1162 1750 1194 1800 et
1214 1759 1270 1823 pa-

201 1836 279 1886 ratae
293 1822 513 1909 conjurationis
532 1836 726 1889 convenerat
771 1824 868 1902 Otho,
891 1831 1068 1887 “caussam
1087 1821 1268 1908 digressus''

202 1908 441 1994 requirentibus,
450 1932 533 1986 cum,
546 1913 568 1947 ‘⁴
577 1910 638 1973 emi
648 1909 707 1973 sibi
717 1909 836 1995 pradia
843 1922 998 1973 vetustate
1009 1931 1045 1971 su
1118 1921 1270 1993 lacuque

201 1993 289 2079 prius
310 1991 530 2091 exploranda,”
543 1994 693 2073 finxisset,
707 1994 833 2058 innixus
853 1992 975 2071 liberto,
997 1930 1270 2080 persiliberianam

202 2078 390 2157 domum,1n
404 2078 584 2158 Velabrum,
599 2079 672 2144 inde
686 2079 728 2143 ad
742 2078 917 2143 Miliarium
931 2101 1073 2159 aureum,
1096 2078 1155 2141 sub
1168 2078 1271 2143 aedem

205 2164 342 2244 Saturni,
356 2163 471 2252 pergit.
513 2165 564 2230 Ibi
578 2180 641 2230 tres
654 2177 686 2231 et
697 2165 809 2253 viginti
823 2164 1030 2252 speculatores
1043 2162 1270 2229 consalutatum

203 2364 257 2419 bus,
273 2362 299 2409 h.
310 2376 331 2409 e.
343 2360 410 2409 XIX
420 2358 477 2408 Kal.
488 2360 558 2409 Febr.
568 2360 610 2424 qui
618 2359 665 2408 fuit
673 2359 723 2409 dia
753 2359 844 2421 telligo.
877 2358 932 2423 Ipse
942 2360 1054 2423 scriptum
1070 2367 1138 2421 purat
1147 2359 1217 2408 firiue
1228 2376 1272 2423 pr.

203 2436 257 2473 ante
267 2426 354 2474 eadem
363 2425 455 2485 Galbae,
463 2425 535 2473 falsus
544 2434 579 2473 eat
589 2424 722 2484 Suetonius,
753 2426 794 2474 Id.
810 2424 884 2473 Ean.
901 2424 954 2486 Bip.
966 2438 1069 2487 recepere
1074 2431 1170 2486 postero
1180 2426 1271 2473 Iduum

203 2492 245 2554 qui
253 2491 339 2540 Otho.
346 2492 369 2538 6.
379 2491 458 2549 tradit,
469 2491 598 2551 conjuratos
608 2491 632 2537 in
643 2490 723 2538 annno
754 2492 855 2538 dierum.
889 2489 954 2537 Mihi
969 2490 1013 2538 hoc
1025 2490 1095 2552 plane
1105 2490 1225 2538 insolitum
1235 2492 1270 2538 vi-

203 2555 321 2615 habuisse,
329 2556 408 2604 atatim
419 2557 449 2603 ab
458 2555 589 2618 adoptione,
597 2555 675 2603 Galba
684 2555 723 2602 in·
754 2554 829 2602 deun.
862 2555 933 2603 Servo
949 2555 1013 2619 vulg.
1028 2554 1101 2603 donec
1113 2555 1171 2618 quid
1187 2556 1271 2604 melina

203 2621 307 2678 teneam
318 2620 438 2669 Othonem
449 2620 615 2683 Imperatorun
632 2619 720 2668 faeere:
752 2619 870 2668 offeratur.

202 2683 286 2731 deinde
294 2685 373 2732 adlata
380 2699 460 2732 caussa
469 2684 555 2733 mutati
565 2683 663 2744 consilii,
672 2699 722 2731 me·
786 2686 861 2747 Apud
873 2685 951 2734 Galba
961 2681 1043 2744 aurea]
1060 2682 1123 2730 Bud.
1134 2685 1198 2746 apral
1210 2685 1271 2734 Gul-

205 2747 271 2795 diurn
287 2750 318 2796 ah
329 2748 371 2796 illo
381 2748 419 2796 die
431 2749 545 2813 usquead
558 2748 653 2797 XVIII
665 2747 723 2796 Kal.
754 2749 807 2796 tan
817 2750 922 2797 audiena.
949 2749 1036 2796 Probat
1046 2747 1124 2796 Rhcn.

205 2811 274 2860 Febr.
291 2822 383 2876 ternam
400 2813 523 2860 Seleucum
541 2812 651 2876 religione
665 2828 723 2861 exe-
788 2815 858 2861 Num
870 2815 982 2876 proniore
996 2811 1069 2874 adn]
1093 2813 1123 2860 In
1138 2811 1270 2862 Budnarn

205 2877 283 2924 misse.
315 2876 387 2936 Quod
407 2877 486 2937 aiest,
504 2877 571 2924 nullo
585 2877 655 2939 modo
671 2885 722 2926 ten-
753 2876 824 2926 deest.

205 2943 282 2989 tandm
292 2941 326 2988 rei
336 2941 458 2990 consilium
473 2941 577 3006 primum
587 2957 635 2990 asae
645 2942 723 3005 potuit
787 2943 931 2990 Mlllarlnrn
942 2939 1052 3002 auream]
1070 2941 1186 2989 Columna
1197 2956 1226 2990 ex
1241 2957 1270 2991 eo

205 3005 272 3053 XIX
283 3007 338 3053 Kal
349 3005 418 3054 Febr.
450 3006 530 3066 Adde,
548 3006 611 3070 qnod
627 3007 660 3054 sic
674 3021 723 3054 non
753 3007 858 3067 metallo,
869 3015 897 3055 ut
908 3005 1047 3053 Plutarchus
1057 3005 1095 3052 hic
1105 3005 1130 3052 in
1142 3005 1220 3054 Galba
1230 3005 1271 3054 de·

206 3070 262 3117 satis
271 3070 503 3133 fitpraecedentrbuat
521 3072 578 3118 adeo
587 3077 677 3132 parata
687 3087 723 3119 sc.
754 3071 834 3120 scribit
852 3085 872 3119 c.
890 3073 931 3118 24.
947 3071 979 3117 ud
998 3085 1070 3132 quam
1086 3071 1128 3116 ela
1145 3083 1223 3118 omnes
1239 3086 1271 3118 ea

206 3136 267 3182 ditio
282 3136 348 3198 fait,
369 3135 414 3182 hoc
430 3142 466 3182 eat
486 3143 586 3196 promta,
608 3134 722 3183 latinata.
754 3138 830 3184 Italia
839 3137 979 3184 &arabat
994 3135 1204 3196 FccltAaguatar,
1215 3150 1272 3184 earn

206 3198 291 3262 Itaque
304 3199 414 3262 suspicor,
426 3198 537 3247 Tacitum
548 3199 591 3247 scri
619 3198 625 3210 ‘
677 3215 723 3262 po·
756 3202 864 3249 Curatur
881 3203 978 3247 uiarum
997 3207 1064 3258 erret,
1081 3199 1130 3248 Dio
1147 3201 1188 3257 tl,
1205 3201 1229 3249 8.
1247 3208 1272 3249 et

206 3270 269 3310 atrro
278 3265 361 3310 rtatim
372 3264 415 3328 (ac.
426 3215 725 3328 abadoptionel‘dVquua
754 3265 872 3313 statuitis
883 3266 959 3326 cupite
970 3265 1141 3326 Romurrlsorl.
1167 3263 1231 3314 Plin.
1242 3265 1269 3324 3,

204 3325 266 3375 fauo
281 3336 323 3383 eat,
338 3328 377 3376 IV
392 3327 459 3386 Idus,
477 3330 508 3388 (a.
522 3330 627 3388 dieram,
644 3336 673 3376 nt
688 3338 723 3378 eat
755 3331 780 3377 9.
800 3329 885 3377 Victor
899 3329 970 3389 juxta
984 3329 1071 3378 Vicum
1083 3329 1210 3392 lugarium
1224 3329 1273 3376 eol.

205 3391 232 3438 in
243 3391 495 3440 normannicarum
509 3392 723 3456 legimnadlaruna
754 3394 815 3441 locat
831 3396 888 3456 (reg.
906 3394 940 3450 8.)
959 3402 983 3440 et
998 3403 1065 3442 recte.
1081 3395 1156 3440 AEtler
1173 3394 1233 3454 opta
1249 3400 1272 3442 et

205 3456 286 3504 lourm
296 3456 377 3515 habet)
388 3465 416 3504 ut
425 3472 445 3505 c.
457 3457 497 3504 31.
504 3459 585 3519 primo
595 3461 678 3506 aluum
685 3460 724 3506 in·
755 3459 855 3506 Saturni
871 3460 898 3505 ln
914 3459 971 3504 Vico
980 3459 1094 3518 Jagarlo.
1127 3459 1272 3506 Mlllan'um

208 3523 292 3570 aare.
315 3520 354 3568 Ita
364 3527 387 3569 et
397 3521 507 3570 Suetonio
517 3530 541 3569 et
550 3522 595 3569 sihi
604 3531 723 3585 congruet.
755 3537 861 3570 aureum.
878 3523 955 3570 [nra.
965 3539 988 3572 ι.
998 3521 1103 3586 Rycldua
1114 3521 1144 3568 ad
1153 3521 1178 3568 h.
1186 3522 1205 3569 l.
1216 3521 1273 3570 001-

208 3584 310 3633 Initium
324 3585 486 3646 conjurationis
501 3585 589 3633 factum
604 3587 655 3650 ipsa
668 3584 724 3636 ado-
755 3587 858 3635 laetanea
867 3586 897 3636 de
913 3587 964 3636 mil.
974 3601 1024 3635 aur.
1036 3586 1100 3634 dedit
1110 3587 1229 3635 Brotarius
1239 3587 1271 3635 ad

207 3648 350 3711 ptioniadie.
381 3650 430 3698 Res
445 3650 675 3710 itaacceleratalait,
691 3651 726 3701 ita
756 3651 891 3700 thnrr.
914 3651 1272 3700 Videantardeaollerillasin

206 3713 381 3776 paraticonacii,
390 3723 417 3762 ut
426 3722 517 3778 postero
526 3713 603 3762 statim
614 3714 659 3772 dic,
668 3715 694 3764 h.
702 3732 724 3764 e.
756 3715 821 3763 Dias.
832 3716 907 3764 Aced.
918 3715 1012 3764 Gorton
1022 3724 1040 3764 t.
1053 3715 1077 3765 1.
1093 3716 1232 3764 Holateniun
1245 3716 1271 3764 in

208 3777 254 3825 111
265 3778 332 3835 Idus,
343 3779 369 3826 in
379 3787 453 3826 castra
462 3794 542 3842 rapere
549 3778 669 3828 Othonem
677 3781 726 3830 vel.
758 3779 845 3828 Gravii
861 3781 920 3829 thes.
934 3797 956 3829 a.
971 3781 1002 3829 Il.
1016 3789 1035 3829 t.
1046 3782 1070 3828 4.
1084 3780 1229 3830 Amtzeniua
1245 3781 1271 3830 in

207 3843 266 3901 lent,
278 3843 426 3906 Galbamque
435 3843 568 3893 interficere.
600 3845 630 3892 In
641 3845 727 3895 caussis
759 3843 830 3893 une.
841 3845 894 3893 dias.
905 3845 996 3909 Belgio.
1007 3845 1052 3894 vol.
1065 3848 1088 3894 l.
1355 3888 1357 3894 .

209 3906 726 3958 deindedilataereidissentiuntSuetoninaet
791 3910 840 3958 Sub
847 3911 922 3958 adera
933 3913 1034 3959 Saturni
1064 3909 1153 3972 Regius
1162 3909 1234 3960 codex
1246 3912 1272 3960 ln

210 3971 323 4028 Tarium
348 3971 388 4018 aed
404 3971 445 4032 ita,
462 3980 490 4018 ut
507 3973 725 4036 componi‘poaaint.
757 3975 831 4022 cadem
842 3977 953 4023 Saturni.
987 3975 1028 4023 Un
1065 3975 1194 4024 Rhenanus
1202 3976 1272 4034 elitit,

208 4036 334 4084 Suetonius
344 4051 447 4084 canuam
458 4035 535 4082 dilata
541 4037 617 4096 cadis,
629 4037 726 4088 Tacitus
757 4039 813 4086 inde
828 4041 855 4086 in
865 4041 963 4088 Saturni
973 4054 1004 4088 aa.
1015 4041 1096 4088 adem.
1129 4039 1199 4088 Falso
1209 4049 1272 4090 ulcr·

209 4099 288 4148 dilata
298 4099 323 4146 in
333 4108 408 4147 casua
417 4099 560 4148 deductionis
570 4101 646 4150 tradit
665 4103 726 4150 Bro-
757 4118 811 4166 que.
837 4103 960 4152 Suetonius
973 4103 1087 4152 convincit
1096 4103 1156 4152 Oth.
1169 4106 1192 4151 6.
1203 4111 1231 4152 at
1247 4119 1272 4150 re

208 4164 280 4212 terius
286 4173 365 4212 tamen
371 4173 447 4226 putat,
456 4165 616 4213 conection
624 4175 726 4214 uacuam
758 4169 785 4214 ln
799 4168 865 4230 soro,
885 4168 971 4232 inquit,
992 4171 1034 4216 aab
1053 4169 1101 4216 aar
1118 4171 1219 4216 Saturni
1240 4167 1273 4214 aa

208 4227 327 4277 diriorem
336 4244 394 4289 ease,
422 4229 468 4278 uod
478 4229 586 4278 runotior
595 4229 725 4294 adoptionis
757 4233 899 4280 milliarium
907 4247 1008 4282 aureum
1015 4234 1188 4297 opperirentur.
1195 4232 1271 4282 Ltus·

208 4299 262 4342 tum
278 4293 393 4344 memoria
434 4293 485 4345 crit
516 4294 547 4343 Id
563 4309 606 4360 ego
622 4310 669 4346 non
688 4296 725 4346 iu-
758 4297 808 4348 nat
819 4299 889 4350 adera
901 4297 980 4350 earu
992 4300 1039 4352 uda
1048 4297 1084 4348 etl.
1095 4311 1130 4363 pr·
1147 4297 1220 4346 Eun·
