3059 4975
203 244 347 315 A.c.70·]
547 240 626 301 LIB.
648 243 672 302 1.
694 242 786 301 CAP.
804 246 853 310 32,
876 248 924 312 33.
1230 252 1269 310 35

202 406 309 472 statim
322 406 451 471 introitu
467 406 677 472 trucidaverat
691 406 803 471 Galba.
843 408 985 494 Pergunt
1006 408 1098 481 etiem
1119 408 1151 473 in'
1172 421 1272 475 cesus

202 491 467 557 Praetorisnomm
495 492 643 571 Tribuni,
671 492 784 557 Cerius
808 494 950 569 Severus,
983 494 1114 559 Subrius
1139 495 1269 573 Dexter,

202 577 371 674 Pompeius
392 578 574 665 Longinus;
606 580 631 642 si
653 578 802 665 incipiens
821 579 935 657 adhuc,
956 593 988 644 et
1007 579 1140 644 necdum
1161 580 1271 645 adulta

203 661 324 741 seditio,
335 662 515 728 melioribus
528 664 660 729 consiliis
670 664 855 730 flecteretur.
893 665 1109 730 Tribunorum
1120 666 1269 731 Subrium

200 760 232 813 et
247 748 375 814 Cetium
394 749 507 815 milites
525 750 627 815 adorti
648 750 751 829 minis,
765 750 949 847 Longinum
965 750 1110 816 manibus
1129 765 1269 817 coercent

202 849 446 921 exarmantque3
467 837 543 922 quia
557 860 619 899 uon
637 836 747 900 ordine
765 836 895 914 militine,
915 837 970 901 sed
987 862 1004 901 e
1022 836 1135 903 Galboe
1154 836 1269 916 euticie,

201 919 284 983 fidus
303 920 407 985 Princi
429 922 441 984 i
460 945 530 999 suo,
554 937 585 986 et
605 921 846 987 desciscentibus
869 924 1038 1009 suspectior
1055 936 1130 987 erat.
1167 924 1270 1010 Legio

202 1006 336 1085 classica,
351 945 430 1070 nihil
442 1023 596 1086 cunctata,
609 1007 809 1073 Praetorianis
819 1008 1011 1094 adjungitur.
1050 1007 1168 1095 Illyrici
1182 1032 1271 1073 exer-

200 1091 281 1155 citus
306 1092 395 1156 electi
420 1093 548 1157 Celsum
574 1093 702 1180 ingestis
726 1093 798 1181 pilis
826 1095 1023 1180 proturbant.
1084 1094 1270 1159 Germanice

201 1176 314 1244 vexilla
331 1177 389 1242 diu
407 1173 574 1259 nutavere¹3
602 1179 744 1244 invalidis
764 1178 868 1243 adhuc
887 1181 1069 1267 corporibus
1090 1194 1122 1244 et
1142 1180 1271 1267 placatis

201 1263 321 1342 animis,
341 1264 428 1350 quod
440 1288 513 1343 eos,
533 1290 553 1329 a
566 1269 691 1331 Nerone
714 1265 939 1331 Alexandriam
965 1266 1148 1352 praemissos,
1175 1290 1194 1330 a
1230 1290 1270 1331 ue

201 1348 273 1498 inple
291 1372 401 1499 rbupsus
420 1351 514 1436 longa
535 1352 730 1437 navigatione
753 1374 863 1437 aegros
886 1352 1059 1438 inpensiore
1075 1375 1151 1416 cura
1165 1352 1199 1417 G
1230 1352 1271 1417 ba

200 1458 233 1499 re
246 1458 305 1499 cve
345 1450 368 1499 t.

243 1522 410 1587 XXXII.
443 1522 597 1587 Universa
613 1523 681 1609 jam
699 1524 789 1610 plebs
816 1524 966 1610 palatium
989 1524 1138 1611 inplebat,
1164 1525 1271 1591 mixtis

202 1606 343 1687 servitiis,
353 1622 386 1673 et
396 1608 520 1673 dissono
530 1609 674 1688 clamore,
691 1610 837 1674 “coedem
849 1609 983 1675 Othonis
993 1625 1025 1675 et
1035 1611 1271 1677 con'urstorum

201 1693 331 1757 exitium
340 1695 358 1723 ”
383 1695 587 1780 poscentium,
609 1709 647 1759 ut
666 1695 690 1758 si
710 1695 743 1759 in
762 1695 843 1760 circo
858 1719 894 1760 ac
909 1696 1030 1761 theatro
1047 1635 1204 1761 ludicrum
1217 1696 1273 1761 ali-

201 1780 290 1865 quod
309 1780 517 1865 postularent:
542 1804 645 1868 neque
664 1780 725 1845 illis
740 1779 897 1869 judicium
919 1796 975 1847 aut
995 1782 1127 1855 veritam
1154 1782 1210 1868 qui
1229 1805 1273 1879 pe

202 1864 311 1929 eodem
333 1865 384 1930 die
407 1866 529 1932 diversa
548 1868 617 1954 pari
643 1866 811 1931 certamine
832 1866 1050 1954 postulaturis:
1081 1868 1136 1931 sed
1157 1805 1274 1932 tradito

201 1973 296 2029 more,
322 1974 554 2039 quemcumque
579 1951 757 2039 Principem
785 1952 945 2031 adulandi,
971 1952 1095 2019 licentia
1119 1951 1273 2017 edclsms»

201 2036 322 2100 tionum
337 2049 369 2100 et
385 2036 495 2101 stu'diis
511 2037 665 2102 inanibus.
709 2036 840 2102 Interim
864 2036 999 2103 Galbam
1019 2037 1092 2103 duae
1112 2038 1272 2104 sententiae

202 2120 407 2195 distinebant3
443 2126 485 2187 Τ.
501 2123 623 2202 Vinius,
654 2123 882 2189 “manendum
903 2124 986 2189 intra
1010 2123 1151 2202 domurn,
1177 2147 1274 2211 oppo-

202 2208 304 2271 nenda
332 2207 466 2287 servitia,
494 2209 664 2273 firmandos
691 2210 808 2287 aditus,
837 2232 900 2273 non
924 2210 1064 2275 eundum
1089 2210 1130 2273 ad
1154 2209 1273 2275 Iratos”

201 2294 364 2358 censebat:
396 2302 418 2333 ‘⁶
431 2295 520 2358 daret
533 2294 688 2359 malorum
707 2296 913 2383 poenitentiae,
932 2296 1021 2361 deret
1033 2295 1188 2359 bonorum
1202 2318 1275 2359 con-

203 2379 306 2443 sensui
319 2380 474 2467 spatium:
497 2380 610 2445 scelera
628 2380 750 2469 inpetu,
765 2382 849 2447 bons
868 2382 994 2447 consilia
1012 2405 1101 2447 mora
1114 2381 1274 2447 valescere.

203 2465 351 2553 Denique
372 2465 469 2531 eundi
489 2466 584 2546 ultro,
608 2467 634 2531 si
654 2467 735 2532 ratio
754 2467 807 2548 sit,
829 2466 960 2533 eandem
978 2492 1053 2534 mox
1070 2467 1268 2534 facultatem:

201 2574 370 2637 regressus,
386 2553 411 2616 si
424 2553 584 2640 poeniteet,
598 2553 631 2616 in
644 2554 745 2618 aliena
758 2556 938 2642 potestate.”

246 2639 434 2704 XXXIII.
457 2640 740 2704 “Festinandum''
755 2641 863 2706 ceteris
877 2640 1054 2719 videbatur,
1076 2647 1276 2727 “antequam

207 2738 356 2788 cresceret
370 2724 506 2789 invalida
519 2726 623 2790 adhuc
635 2726 812 2814 conjuratio
821 2749 1003 2812 paucorum.
1027 2725 1276 2812 Trepidatumm

204 2811 298 2874 etiam
321 2810 494 2890 Othonem,
521 2810 577 2898 qui
601 2812 709 2875 furtim
737 2812 904 2899 digressus,
930 2812 971 2876 ed
999 2811 1122 2898 ignaros
1149 2811 1276 2890 inlatus,

206 2896 404 2961 cunctatione
423 2919 508 2962 nnnc
528 2912 560 2962 et
579 2896 711 2982 segnitia
727 2896 895 2962 terentium
916 2910 1040 2984 tempus
1059 2896 1173 2960 imitari
1187 2897 1278 2961 Prin-

207 2981 308 3068 cipem
339 2983 449 3047 discat.
493 2985 567 3047 Non
595 2983 850 3071 exspectandum,
878 2996 925 3061 ut,
955 2981 1132 3068 compositis
1159 2982 1276 3061 castris,

205 3170 319 3217 noudum
328 3170 403 3218 ΕΒΗ.
414 3171 479 3218 Bud.
492 3173 593 3218 θαπτέτω
602 3177 625 3218 et
634 3171 730 3219 nedum.
762 3173 879 3234 supplerit
890 3169 1002 3233 postulari
1010 3167 1076 3218 Otho
1084 3168 1148 3218 dicit.
1175 3169 1210 3217 ln
1217 3178 1279 3230 sepe

204 3233 297 3282 Puteol.
307 3238 401 3283 Certus.
412 3235 468 3298 Bip.
476 3235 553 3282 forsan
563 3235 666 3283 Curtius
674 3237 728 3282 Sec·
761 3251 795 3284 eie
806 3251 870 3283 voees
881 3243 1017 3297 permutetis
1025 3235 1050 3282 in
1061 3233 1134 3282 libris.
1154 3234 1229 3282 Plane
1237 3249 1280 3280 au·

206 3297 294 3362 dequo
306 3301 346 3358 12,
357 3304 397 3348 55.
761 3307 810 3347 tem
820 3299 968 3348 confirmatur
978 3299 1085 3348 correctio
1096 3313 1117 3346 c.
1128 3298 1168 3352 72
1182 3299 1223 3346 ubi
1234 3297 1280 3344 im·

237 3365 355 3426 Principi
373 3363 427 3427 roo]
452 3365 593 3428 Suspectum
613 3364 673 3411 mihi
695 3372 730 3412 cet
761 3366 994 3428 petramincss'tissm.
1015 3362 1279 3426 Ecrtlirsplenesliens.

206 3441 259 3486 suc,
270 3437 294 3476 et
304 3445 319 3476 a
328 3429 422 3478 librario
432 3430 604 3492 germanizonte
614 3429 729 3477 additum
761 3429 846 3492 Itaque
864 3430 967 3476 esitium
986 3428 1085 3490 recipere
1103 3440 1150 3474 non
1166 3425 1278 3474 dubitavi.

205 3492 280 3541 Eser.
761 3494 834 3542 Eun.
858 3493 897 3541 Sic
908 3501 931 3540 et
941 3493 1009 3541 Brot.
1019 3491 1080 3540 Lall.
1094 3490 1149 3554 Bip.

240 3557 349 3620 cauum]
370 3559 432 3606 sus,
443 3559 658 3607 resumentem.
795 3560 882 3621 Neque
892 3558 1066 3621 illiejudlcium
1074 3562 1116 3603 sut
1123 3556 1223 3619 veritas]
1235 3553 1280 3604 Est

239 3625 347 3684 Ingentis
358 3623 431 3686 pilis]
447 3625 487 3672 Sic
499 3625 575 3672 MSS.
587 3623 651 3672 Bud.
667 3623 729 3686 Agr.
761 3623 897 3686 hendisdye.
931 3624 987 3672 Non
998 3621 1091 3670 devoro
1101 3620 1174 3668 culmi
1182 3619 1279 3681 judicio,

205 3687 654 3752 (nReg.1att)etpr.rnmnrnr.
665 3691 728 3736 ince-
761 3697 789 3738 ut
806 3688 886 3737 Cicero
902 3687 967 3751 loqui
983 3687 1048 3745 solet,
1065 3685 1111 3733 istc
1122 3685 1278 3750 postulabant.
1326 3721 1334 3734 .

204 3754 258 3799 stis
292 3752 370 3801 Ceteri
385 3756 489 3818 infinie,
507 3754 579 3818 qnod,
598 3762 626 3802 ut
641 3752 729 3813 nodus,
761 3753 1044 3816 sedimpetuactemere.
1076 3752 1279 3800 Pariter-tamine

204 3816 243 3864 itti
259 3818 421 3866 substitutum.
454 3820 516 3867 Mox
530 3819 603 3881 pomis
618 3818 731 3880 conjicere
762 3827 797 3866 est
807 3819 858 3879 pari
870 3817 955 3875 studio,
967 3817 1073 3864 clamore.
1089 3815 1162 3864 Eun.

205 3882 329 3944 rqbvcrat
336 3898 350 3930 e
356 3884 423 3932 Suet.
429 3884 545 3932 Gelbes.
555 3886 615 3945 quod
622 3899 646 3930 sc
653 3898 731 3944 oegrns
795 3884 878 3940 Eundl
887 3883 962 3946 ultro]
975 3880 1053 3944 Ityck.
1061 3880 1160 3944 explicet
1167 3887 1247 3944 sponte
1256 3894 1280 3926 cc

206 3953 231 3993 ct
246 3949 365 3994 invalidos
386 3963 527 4010 magnopere
542 3951 652 4011 fovisset.
684 3947 731 3996 Sed
762 3949 881 4007 ffcrcndl.
891 3948 988 3995 Rectius
994 3946 1049 4011 Bip.
1060 3947 1128 3993 donec
1131 3945 1281 4007 procedendi.

208 4011 333 4078 rplgstum
353 4012 408 4060 ferri
425 4022 508 4078 potest,
531 4029 584 4061 cum
602 4012 731 4076 prasertim
796 4009 1281 4086 NouempeciasrnmJEffioeeioremora-

224 4076 323 4124 raeoedat
345 4079 422 4126 adhoc
447 4081 561 4126 invalidis
588 4079 730 4140 corporibus.
762 4077 849 4124 tionem
860 4075 1282 4139 foreputatFrunshem.silegatur

205 4091 280 4188 Iler.
296 4143 364 4190 Brot.
374 4153 398 4190 et
408 4143 464 4207 Bip.
473 4158 578 4208 recepere
587 4144 689 4206 infestis.
762 4157 794 4188 an
803 4143 883 4205 (utA.
892 4144 917 4202 2,
925 4142 984 4199 77.).
991 4141 1082 4190 Verum
1093 4147 1134 4188 est.
1151 4138 1198 4188 Sed
1206 4136 1282 4186 lenius

239 4207 344 4253 Dlsrono
354 4208 467 4270 clamore]
482 4207 570 4268 QualIs
585 4207 625 4266 sit,
641 4207 703 4256 disce
716 4222 732 4254 e
762 4206 833 4254 fuerit
849 4223 916 4266 num,
939 4216 966 4255 ut
985 4206 1036 4266 jam
1052 4203 1144 4252 mouerit
1165 4203 1183 4252 J
1187 4237 1190 4246 .
1206 4202 1280 4248 Gron.

204 4283 226 4316 c.
238 4269 279 4317 ³6.
295 4270 359 4318 med.
375 4272 449 4320 Enii.
762 4271 825 4320 Mox
836 4273 973 4333 capitolium
983 4272 1067 4318 adem:
1083 4283 1114 4316 sc.
1129 4267 1159 4314 de
1170 4279 1241 4322 more,
1254 4271 1281 4311 ut

241 4335 430 4399 Conjnrstorm
442 4340 554 4387 cestim
568 4338 730 4400 poscentium]
761 4336 922 4400 numicsturue
932 4329 1206 4460 Impnilpnpifflltitgtdd
1225 4327 1284 4440 1:¹¹⁰&

1001 4414 1014 4444 c
1038 4414 1052 4444 u
1091 4427 1100 4452 ‚
1207 4425 1214 4440 .

203 4397 331 4449 Acidaliae
344 4403 456 4450 esitium.
483 4402 561 4452 Recte.
580 4402 728 4455 More-37.
763 4399 844 4449 Guelf.
860 4402 895 4462 (et
905 4399 968 4447 Bud.
1088 4459 1109 4516 2

1051 4481 1071 4522 1)
