3059 4975
199 260 257 321 220
422 270 427 279 “
567 252 879 320 tilsrontsnum
1092 258 1140 331 [Δ.
1153 278 1185 320 u.
1198 262 1267 321 823.

198 416 330 517 accivit:
351 419 446 519 misso
457 436 518 520 per
536 418 678 519 neglecte
694 419 737 486 ad
754 418 923 518 Flavianos
938 419 1183 514 Ducasnuutio‚
1198 422 1266 508 qui,

200 512 222 545 “
233 506 441 573 circumuderi
449 514 549 594 ipsos,
564 519 606 586 et,
621 529 654 570 nr
666 507 893 584 subveniretur,
904 519 1004 570 motas
1017 507 1085 570 res”
1098 507 1265 572 nuntiaret.

198 592 332 655 Noctem
354 592 433 657 adeo
449 580 593 743 puietam
615 616 633 657 e
656 591 690 671 't,
713 604 749 656 ut
772 591 900 678 degredi
921 590 985 655 siue
1006 614 1089 656 noxa
1110 594 1265 678 potuerit:

197 676 253 763 qui
276 699 316 775 pe
340 676 427 743 miles
482 677 581 757 itellii,
645 700 752 742 versus
772 676 914 829 {ricula
933 677 1033 757 femx,
1057 676 1216 742 laboribus
1228 690 1267 744 et

197 699 311 849 nudis
324 785 437 850 parum
446 763 584 827 intentus
598 774 680 827 erat:
702 763 782 828 ethi
820 786 896 828 ruus
906 762 1017 843 imber,
1028 773 1155 849 repente
1164 762 1265 844 fusus,

197 847 304 913 oculos
317 852 469 935 auresque
482 848 669 937 inpediebat

241 934 358 999 LXX.
391 932 479 999 Luce
522 934 601 999 rima
628 933 773 1011 Sabinus,
798 946 966 1033 antequam
989 933 1121 999 invicem
1143 935 1267 1000 hostilia

197 1031 379 1107 coeptarent,
400 1020 484 1084 Corn
513 1020 581 1085 'um
596 1020 787 1099 Martialem,
807 1043 825 1084 e
838 1020 932 1109 primi
953 1019 1093 1100 naribus,
1110 1021 1152 1085 ad
1165 1020 1266 1086 Vitel-

196 1104 274 1176 lium
289 1104 382 1183 misit,
396 1128 469 1171 cum
484 1112 506 1145 “
515 1106 671 1171 mandatis
680 1117 711 1169 et
721 1116 847 1202 questu,
858 1128 903 1191 qu
955 1119 1046 1191 pacta
1056 1108 1266 1171 turbarentur.

196 1190 433 1263 ‚simulationem
447 1214 575 1278 prorsus
594 1204 625 1255 et
642 1190 808 1276 imaginem
823 1190 999 1276 deponendi
1017 1192 1145 1277 Imperii
1159 1192 1266 1271 fuisse,

197 1276 239 1341 ad
259 1276 458 1363 decipiendos
477 1286 524 1339 tot
537 1276 682 1341 'inlustres
695 1275 788 1341 viros.
833 1276 901 1339 Cur
914 1274 995 1339 enim
1011 1299 1029 1339 e
1042 1277 1149 1339 rostris
1161 1278 1267 1343 fratris

196 1362 338 1440 domum,
353 1356 554 1425 inminentem
568 1361 648 1441 foro,
660 1373 691 1425 et
700 1360 865 1426 inritandis
878 1360 1041 1426 homiuum
1050 1360 1158 1440 oculis,
1169 1386 1267 1448 quam

196 1447 393 1514 Aventinum
404 1456 435 1510 et
450 1448 583 1515 Penates
597 1446 704 1511 uxoris
717 1448 868 1534 petisset?
891 1446 1087 1532 Itaprivato,
1101 1461 1134 1511 et
1142 1470 1267 1515 omnem

197 1530 396 1618 Principatus
410 1531 542 1631 speciem
556 1532 677 1612 vitanti,
692 1533 883 1599 convenisse·
922 1533 1041 1606 Contra
1055 1532 1220 1598 Vitellium
1232 1532 1267 1597 in

196 1616 360 1705 palatium,
374 1617 408 1681 in
421 1628 521 1704 ipsam
537 1618 668 1705 Imperii
688 1641 791 1683 arcem
809 1623 1002 1705 regressum:
1025 1618 1099 1683 inde
1111 1622 1266 1685 armatum

197 1725 311 1789 agmen
324 1702 488 1775 emissum:
512 1716 640 1771 stratam
657 1703 868 1769 innocentium
886 1702 1024 1767 caedibus
1037 1702 1267 1767 celeberrimam

197 1788 285 1853 urbis
295 1799 434 1875 partem:
452 1811 492 1853 ne
502 1788 646 1875 capitolio
656 1788 785 1875 quidem
794 1788 951 1855 abstineri.
983 1788 1144 1875 Togatum
1154 1810 1267 1875 nempe

198 1898 241 1953 se,
262 1886 294 1938 et
307 1897 406 1939 unum
421 1899 439 1939 e
455 1874 664 1952 Senatoribus‚
685 1874 763 1938 dum
777 1874 858 1939 inter
873 1873 1099 1960 Vespasianum
1116 1898 1153 1938 ac
1170 1874 1267 1939 Vitel-

196 1960 275 2025 lium
300 1960 416 2046 proeliis
440 1959 611 2047 legionum,
635 1960 868 2047 captivitatibus
891 1959 1030 2040 urbium,
1055 1959 1267 2025 deditionibus

197 2046 373 2111 cohortium
383 2046 556 2134 judicatur,
567 2048 645 2132 jam,
664 2046 827 2133 Hispaniis
841 2046 1080 2145 Germaniisque
1094 2057 1125 2109 et
1143 2045 1268 2109 Britan·

197 2132 249 2197 nia
263 2132 513 2211 desciscentibus,
528 2132 657 2196 fratrem
671 2132 857 2219 Vespasiani
873 2132 1020 2196 mansisse
1033 2153 1067 2195 1u
1081 2130 1154 2210 fide,
1169 2130 1267 2197 donec

197 2218 281 2283 ultro
298 2217 339 2287 od
358 2217 548 2297 conditiones
566 2230 740 2283 vocaretur.
777 2217 891 2282 Pacem
913 2228 945 2279 et
962 2216 1155 2280 concordiam
1175 2217 1265 2279 victis

197 2304 304 2381 utilia3
327 2301 497 2369 victoribus
516 2314 639 2369 tantum
658 2302 790 2389 pulchra
807 2326 881 2372 esse.
920 2300 953 2367 Si
971 2299 1181 2367 conventionis
1199 2323 1267 2388 poe-

197 2535 361 2600 glossographo
378 2535 488 2584 fortasse:
512 2543 572 2582 certe
587 2535 612 2582 in
628 2535 715 2598 capito-
748 2532 789 2581 sed
803 2532 838 2580 ibi
856 2531 967 2580 discessus
988 2531 1123 2596 simpliciter
1143 2532 1266 2591 indicatur,

196 2601 257 2650 lium
271 2615 309 2648 eos
323 2597 414 2657 accitos,
431 2599 480 2646 sine
494 2599 607 2646 monitore
620 2598 670 2644 ullo
680 2597 716 2644 ni·
747 2597 786 2644 hic
796 2596 917 2644 descensus
928 2611 958 2643 ex
965 2611 1024 2654 arce,
1035 2597 1086 2642 loco
1096 2597 1214 2660 superiori,
1225 2596 1268 2644 ubi

197 2665 244 2712 mis
257 2665 351 2713 clerum.
372 2664 447 2712 Ltus.
471 2663 562 2712 Verum
578 2670 620 2722 est,
636 2677 677 2726 per
691 2677 717 2710 se
749 2661 845 2722 aegras
867 2675 948 2707 vuum
972 2660 1069 2707 verbum
1084 2675 1141 2720 esse,
1161 2659 1268 2723 pluribus

198 2729 296 2792 intelligi
306 2743 380 2792 posse.
408 2727 445 2776 At
458 2725 534 2774 multa
548 2737 615 2774 erum
626 2725 652 2774 in
667 2725 716 2773 Ts-
746 2726 797 2786 jem
807 2723 864 2772 locis
875 2723 980 2771 vidimus.
1005 2723 1113 2771 Ceterum
1125 2731 1148 2772 et
1157 2732 1210 2772 aute
1219 2727 1268 2772 sle

197 2794 244 2843 cito
254 2793 352 2842 delenda
361 2809 391 2842 er
400 2793 445 2840 hac
452 2791 541 2855 regula,
553 2800 580 2840 ut
585 2793 635 2852 jam
643 2789 717 2854 pluri·
748 2789 805 2837 MS.
814 2787 877 2836 mor.
888 2787 977 2835 addidit
988 2787 1098 2846 Picbeua,
1109 2789 1151 2837 ubi
1162 2797 1210 2837 erat
1217 2790 1268 2851 ipro

197 2859 303 2908 buslocis
314 2858 455 2906 monuimus.
484 2855 551 2904 Libri
561 2855 656 2920 quidem
667 2869 719 2903 om·
748 2855 782 2900 sal
792 2854 826 2900 nl.
837 2853 883 2901 Ed
895 2867 930 2916 pr.
943 2854 991 2914 ipsi
1000 2854 1057 2898 seul.
1082 2853 1149 2901 Ante
1158 2853 1269 2901 edebatur

197 2937 240 2971 nes
250 2923 299 2976 hiae
309 2925 380 2972 verbs
393 2922 487 2970 hubent.
515 2919 624 2968 Ceterum
635 2919 674 2968 hic
684 2927 718 2968 est
748 2920 823 2980 ipsus,
838 2919 887 2964 nist
902 2919 966 2964 solo.
985 2917 1041 2964 MS.
1058 2917 1137 2965 Guelf.
1153 2926 1230 2965 tamen
1242 2919 1269 2964 ut

197 2987 251 3036 finis
261 2986 354 3036 alterius
361 2989 446 3050 ρήσεως
456 2985 598 3049 transpositis
607 2984 632 3032 in
644 2983 716 3032 MSS·
749 2982 826 3093 habjt·
843 2982 916 3030 Emi.
932 2981 995 3029 Bul,
1012 2982 1083 3043 ipsos,
1097 2983 1132 3029 ni.
1159 2982 1221 3030 Mox
1231 2983 1268 3030 di·

198 3062 221 3102 et
231 3053 266 3100 cd,
296 3069 314 3099 r.
332 3051 403 3100 Eun.
746 3061 793 3108 gre
809 3048 827 3093 l.
1187 3080 1188 3083 ,
1208 3079 1214 3086 ,

230 3118 267 3166 At
278 3069 381 3167 iusim
396 3117 468 3164 misso
476 3131 522 3177 por
533 3115 650 3177 morto]
668 3112 718 3172 Qui
775 3112 941 3158 Dedsoonttos
947 3109 1269 3174 omniumjodtcatorlJo-

197 3189 285 3232 attente
295 3181 345 3230 hec
354 3181 380 3228 iu
390 3181 490 3242 vulgatis
504 3178 568 3242 legit,
582 3178 667 3226 hrereat
677 3192 719 3225 ne·
751 3177 839 3235 dicare,
852 3183 881 3222 ut
890 3175 1064 3234 similiaverba,
1080 3178 1215 3238 deceptore,
1230 3177 1269 3222 do-

197 3259 259 3296 cesas
268 3253 312 3304 est,
328 3252 422 3308 propter
438 3242 568 3291 redundms
580 3257 664 3290 nomen
676 3242 719 3290 Ss-
751 3254 853 3297 cernere,
864 3239 979 3303 eleganter
989 3240 1018 3287 de
1025 3256 1050 3287 re
1057 3240 1149 3298 bellica,
1157 3242 1226 3288 etiarn
1233 3241 1269 3286 dt-

198 3309 258 3368 bini,
273 3317 297 3358 et
310 3309 389 3356 minus
406 3307 558 3356 coherentem
574 3307 717 3356 seutentiam.
744 3304 866 3368 judicare,
874 3313 902 3350 ut
909 3306 968 3352 bene
978 3304 1008 3351 ad
1018 3303 1066 3351 nt
1078 3303 1269 3352 docuitBoxhor-

198 3374 232 3426 Ei
238 3371 504 3423 incommodomedelsm
511 3371 632 3419 attulimus
638 3371 719 3418 deletis
751 3369 812 3417 nius.
827 3368 899 3416 Ean.
917 3369 979 3416 Cum
995 3368 1050 3430 Bip.
1067 3368 1158 3415 sublato
1173 3375 1267 3430 puncto,

198 3439 273 3488 verlris
284 3446 310 3490 at
320 3440 431 3496 Solinus,
448 3437 578 3484 auctoribus
591 3437 643 3484 MS.
655 3435 718 3484 Flor.
750 3442 804 3480 eote
814 3437 869 3497 jam
885 3431 968 3496 posito,
982 3447 1063 3480 venun
1077 3431 1122 3478 loci
1136 3445 1223 3479 nexum
1233 3443 1269 3479 rc·

199 3511 224 3552 ct
233 3504 269 3552 ed.
280 3520 317 3566 pr.
329 3519 390 3567 que,
407 3501 468 3550 iectu
480 3501 521 3548 illa
535 3499 717 3564 transpositione,
751 3498 830 3545 sumo.

198 3567 379 3630 adexpleudsm
391 3576 510 3628 utcunque
520 3565 666 3624 sententiam,
677 3563 719 3612 sd.
787 3563 862 3610 Victis
873 3563 953 3622 rttdto,
967 3563 1093 3608 olctortlm
1107 3567 1201 3608 martum
1211 3561 1269 3621 pul.

198 3632 249 3680 dits
258 3640 320 3680 sunt.
350 3631 455 3696 (Desunt
469 3639 492 3678 et
507 3629 531 3676 in
546 3629 609 3678 Bud.
625 3638 648 3677 et
658 3629 719 3691 Reg.
751 3627 809 3673 citro
825 3627 886 3690 esse]
903 3626 952 3673 Cur
965 3640 1012 3672 uon
1027 3625 1118 3686 potiusz
1143 3627 1231 3690 Pacem
1246 3632 1270 3672 et

200 3695 262 3744 Issll.
302 3695 348 3743 Sed
364 3695 456 3743 Puteol.
471 3693 578 3749 neusin
601 3701 720 3740 servanmt
752 3692 898 3738 corcordiam
907 3689 1270 3748 mobottkmffllctortlustoo-

199 3766 320 3824 sequentes
331 3759 427 3808 editores
440 3758 471 3806 sd
480 3757 614 3805 Ernestiurn
626 3757 719 3821 usque)
752 3761 804 3802 tum
814 3755 942 3816 polubrum
951 3767 1005 3800 esre.
1023 3753 1114 3800 Goon.
1140 3754 1214 3802 Favet
1227 3753 1271 3802 ali·

199 3823 292 3872 Deinde
301 3832 414 3888 punctum
424 3822 718 3897 lecimuspostounctoret.
751 3818 893 3882 quantulum
907 3817 963 3865 MS.
981 3817 1059 3865 Guelf.
1075 3817 1118 3881 qui
1132 3818 1203 3867 babet
1214 3820 1271 3880 pul·

199 3889 270 3938 Novo
281 3895 315 3934 est
326 3888 438 3936 sententia
448 3903 463 3935 a
473 3889 547 3936 verbis
560 3893 650 3934 noctem
663 3887 719 3933 odeo
751 3885 843 3930 cirrum.
885 3881 995 3930 Ceterum
1015 3881 1112 3930 Tacitus
1131 3883 1201 3931 etiarn
1220 3881 1271 3928 aliis

200 3949 303 4017 qtiletam
317 3954 375 4012 egit.
403 3954 505 3999 Noctem
519 3953 680 4012 tranquillum,
697 3959 720 3998 et
750 3948 806 3996 locis
817 3947 849 3995 sic
858 3946 949 3995 loconis
964 3954 1007 4006 est,
1022 3955 1051 3994 ut
1060 3955 1170 3995 neutrum
1180 3945 1270 4010 plurale

200 4021 330 4081 inquietam
353 4014 423 4062 etism
446 4015 529 4064 Livius
552 4015 620 4076 dixit,
638 4018 662 4074 5,
680 4017 720 4062 42.
749 4013 855 4074 junxerit
870 4011 962 4060 duobus
978 4011 1126 4060 substantivis
1141 4026 1211 4058 masc
1229 4018 1271 4057 aut
1333 4069 1337 4075 .

199 4083 242 4148 qui
251 4083 315 4130 locus
325 4079 380 4128 huie
391 4079 479 4127 similis.
505 4080 614 4144 Denique
622 4081 719 4142 degredi
750 4077 806 4124 fem.
834 4075 931 4140 generis,
967 4076 997 4124 de
1031 4091 1095 4125 more
1128 4075 1269 4122 Grecorum.

199 4147 332 4212 scripsimus
340 4160 382 4209 pro
391 4145 485 4205 digredi
495 4158 563 4192 sensu
572 4145 717 4206 postulante:
751 4141 824 4189 Ean.
1117 4141 1120 4146 '

199 4211 313 4276 significat
324 4210 386 4258 enim
397 4207 533 4257 descendere
543 4208 572 4254 de
584 4223 643 4267 arce,
656 4209 720 4272 quod
753 4243 755 4250 .
783 4208 813 4255 st
820 4207 977 4254 murmuris
981 4205 1116 4269 pensores]
1125 4203 1167 4254 Sic
1173 4218 1220 4251 non
1226 4202 1270 4250 du-

200 4287 234 4326 est
246 4277 349 4338 degredi,
367 4283 394 4324 ut
409 4275 464 4336 J'am
475 4287 536 4383 sepe
548 4273 682 4320 monuimus
697 4281 720 4320 et
751 4271 824 4320 bitavi
839 4286 947 4334 reponere
962 4283 1005 4334 pro
1022 4272 1143 4332 peniteat,
1162 4269 1219 4333 quia
1233 4267 1272 4315 bio

199 4341 346 4390 correximus
381 4337 486 4403 Ryelrius
519 4335 605 4384 efendit
620 4352 633 4383 e
649 4352 669 4384 c.
680 4337 719 4390 78.
751 4351 816 4384 mers
837 4335 971 4399 imperfecta
994 4343 1017 4383 et
1039 4335 1179 4382 antecedunt
1196 4342 1219 4381 et
1235 4347 1274 4379 see

199 4403 252 4453 init.
273 4405 315 4455 ubi
333 4407 454 4468 digressus
471 4403 571 4453 Narnia
587 4403 719 4460 exercitum
750 4409 868 4464 quuntur:
882 4401 942 4455 inter
953 4415 1006 4464 que
1012 4402 1125 4463 poeotteot
1136 4397 1196 4449 stare
1206 4397 1272 4446 nullo
