3059 4975
218 244 276 315 ιιι
614 240 908 303 utsronmnuu
1122 247 1207 322 [ιι.
1221 248 1289 307 sas.

219 404 373 493 Scipione,
389 408 426 473 C.
442 405 593 473 Norbano
606 428 683 472 coss.
705 405 902 493 flagraverat.
948 404 1069 471 Curam
1083 407 1183 475 victor
1198 409 1285 475 Sulla

157 492 163 498 “
218 491 363 578 suscepit,
388 515 491 579 neque
515 504 620 557 tamen
642 490 815 557 dedicavit:
849 491 908 555 boc
933 491 1034 556 solum
1054 493 1193 560 felicitati
1216 496 1288 581 ejus

215 588 382 663 negatum·
412 577 534 643 Lutatii
549 576 654 642 Catuli
668 600 792 657 nomen,
806 576 888 641 inter
902 589 989 641 tanta
1002 580 1164 644 Caesarum
1177 604 1283 667 opera,

215 685 239 726 u
276 686 317 727 ue
330 665 372 729 ad
386 664 553 730 Vitellium
564 663 687 729 mansit.
732 662 785 727 Ea
798 675 873 727 tunc
888 662 970 727 aedes
983 666 1188 731 cremabatur.

292 749 421 816 XXIII.
455 748 514 814 Sed
541 748 613 835 plus
637 747 761 836 pavoris
785 748 926 827 obsessis,
950 772 1046 836 quam
1067 751 1282 817 obsessoribus

214 831 329 899 intulit.
367 836 429 915 Qui
452 858 492 935 pe
507 834 689 901 Vitellianus
702 833 801 912 miles,
815 857 918 921 neque
930 848 1011 913 astu,
1026 858 1128 922 neque
1141 849 1282 901 constan·

214 918 268 998 tia,
288 919 370 986 inter
384 858 481 986 dubia
494 920 664 1007 indigebat.
709 921 764 985 Ex
783 919 905 985 diverso
924 920 1038 1008 trepidi
1059 923 1182 1001 milites,
1202 925 1281 988 Dux

214 1006 316 1089 segnis
329 1021 361 1072 et
374 1006 471 1071 veluti
485 1022 595 1093 captus
608 1006 715 1085 animi,
729 1027 793 1069 non
806 1007 925 1092 lingua,
940 1029 1003 1071 non
1017 1008 1146 1073 auribus
1160 1032 1282 1095 compe-

214 1100 296 1163 tere:
325 1116 427 1180 neque
453 1091 558 1157 alienis
576 1090 709 1156 consiliis
731 1090 808 1177 regi,
828 1113 930 1177 neque
951 1115 1008 1157 sua
1028 1093 1192 1180 expedire:
1219 1095 1282 1159 buc

212 1174 286 1241 illuc
295 1177 481 1244 clamoribus
489 1178 627 1242 hostium
635 1175 820 1261 circumagi:
862 1200 912 1240 uae
916 1177 1064 1264 jusserat,
1072 1193 1193 1254 vetare:
1209 1204 1281 1267 quae

213 1276 365 1344 vetuerat,
378 1264 500 1351 jubere.
537 1265 627 1340 Mox,
643 1260 730 1349 quod
743 1260 776 1325 in
791 1284 831 1348 pe
872 1262 921 1326 'tis
935 1262 1029 1327 rebus
1039 1264 1159 1343 accidit,
1174 1288 1282 1331 omnes

235 1348 305 1413 raeei
346 1373 390 1428 re,
406 1371 497 1413 nemo
511 1346 655 1434 exsequi:
678 1359 845 1435 postremo,
861 1347 990 1434 abjectis
1003 1348 1106 1425 armis,
1127 1350 1236 1434 fugam
1249 1365 1281 1417 et

211 1370 346 1499 iallendi
367 1447 449 1499 artes
476 1433 781 1521 circumspectabant.
838 1434 1032 1520 inrumpunt
1061 1433 1221 1499 Vitelliani
1248 1451 1281 1501 et

211 1531 324 1583 cuncta
338 1519 498 1606 sanguine,
513 1521 607 1598 ferra,
623 1518 818 1606 flammisque
831 1518 969 1583 miscent.
987 1520 1085 1584 Pauci
1099 1520 1281 1587 militarium

211 1603 361 1684 virorum,
390 1605 470 1669 inter
491 1630 571 1693 quos
596 1605 730 1669 maxime
751 1604 897 1691 insignes,
926 1604 1089 1670 Cornelius
1112 1606 1279 1687 Martialis,

210 1690 360 1756 AEmilius
375 1691 530 1771 Pacensis
549 1690 716 1778 Casperius
735 1689 849 1777 Niger,
870 1689 986 1755 Didius
1002 1693 1119 1767 Scaeva,
1138 1715 1279 1778 pugnam

210 1775 289 1853 ausi,
325 1778 561 1841 obtruncantur.
620 1774 766 1841 Flavium
801 1774 963 1853 Sabinum,
999 1774 1147 1841 inermem
1177 1800 1280 1864 neque

209 1860 319 1949 fugam
350 1874 548 1951 coeptantem,
579 1861 818 1941 circumsistunt,
851 1874 884 1927 et
910 1860 1094 1940 Quinctium
1122 1862 1278 1943 Atticum,

209 2057 298 2109 Festos.
316 2059 391 2109 Irrrs.
407 2060 437 2109 In
449 2061 484 2109 ed.
495 2077 531 2125 pr.
543 2062 578 2125 (et
588 2060 638 2109 cod.
650 2058 727 2123 Bud.)
758 2060 866 2109 effectum
882 2075 929 2110 non
945 2060 1039 2110 venerit.
1067 2060 1149 2124 Atque
1159 2060 1192 2109 sic
1202 2063 1278 2126 place-

208 2124 331 2187 explnnatc
341 2126 421 2174 etsins
431 2126 490 2174 notis
499 2129 727 2188 quadringentorum
759 2127 801 2174 bat
815 2125 843 2174 J.
860 2124 982 2175 Gronovio
1016 2126 1096 2173 Verbs
1116 2125 1193 2174 Taciti
1209 2127 1279 2177 nimis

208 2190 348 2301 iiiiii?
371 2189 727 2314 iffilffiiiiiffiii
758 2189 1279 2317 ib‘ifflilldii‘isin'i?

207 2325 256 2365 toto
274 2318 384 2366 decennio
401 2320 523 2378 aberrasse,
548 2328 589 2367 aut
606 2318 725 2367 chronolo·
759 2319 864 2381 emplum
886 2318 949 2367 tituli
975 2318 1007 2367 sic
1029 2318 1122 2377 mutati,
1146 2327 1174 2366 ιιι
1195 2320 1277 2381 prioris

206 2381 272 2443 giam
280 2382 412 2430 Romanam
420 2384 508 2431 nonita
516 2384 663 2433 constitutam
675 2392 726 2431 tum
758 2382 854 2446 vestigio
869 2391 985 2443 maneant,
997 2381 1091 2432 exhibet
1103 2391 1201 2446 uterque
1211 2400 1277 2433 arcus

207 2444 286 2506 fuisse,
297 2454 325 2495 ut
334 2461 406 2496 annos
419 2448 469 2497 sine
483 2448 525 2496 tali
541 2464 615 2498 errore
631 2448 726 2498 definire
758 2446 789 2496 Se
805 2455 823 2496 t.
834 2448 911 2496 Severi
921 2447 1068 2512 triumphalis
1081 2448 1175 2508 Rome,
1189 2448 1277 2513 dequo

206 2509 290 2558 liceret.
318 2512 389 2560 ERN.
417 2513 523 2576 Ryclrius
540 2523 600 2562 recta
618 2515 724 2572 ostendit,
757 2463 805 2560 viti
821 2513 942 2560 Susresius
957 2513 982 2560 in
998 2528 1066 2576 opere
1079 2513 1164 2560 eximio
1174 2512 1200 2561 J.
1210 2512 1236 2561 J.
1247 2515 1278 2564 de

206 2576 237 2622 sb
252 2591 273 2622 a
290 2575 347 2632 247,
364 2592 412 2640 quo
430 2577 488 2624 Hor.
509 2578 625 2626 Pulvillus
640 2578 725 2626 iterum
757 2575 857 2636 Rubris,
874 2577 912 2624 cui
928 2576 964 2624 tit.
977 2591 1044 2624 arcrrs
1057 2577 1181 2639 triumphis
1194 2578 1275 2642 Augg.

174 2686 176 2690 .
207 2637 344 2698 Consului
356 2640 413 2698 671,
424 2641 512 2704 quola
524 2641 608 2704 Stipio,
621 2642 649 2690 Ο.
661 2642 724 2689 Νοι-
756 2638 864 2703 insignes·

205 2703 280 2752 banus
294 2719 351 2753 coss.
369 2705 485 2754 effluxisse
500 2719 573 2752 annos
589 2706 646 2765 425,
663 2713 687 2754 et
700 2705 725 2753 in
789 2707 859 2752 Inter
875 2711 941 2752 tanto
959 2705 1032 2769 Coa]
1057 2705 1159 2754 Pichens
1177 2705 1241 2754 velut
1262 2722 1276 2756 e

205 2769 310 2832 margine
320 2770 383 2818 hunc
393 2785 516 2818 numerum
525 2769 672 2820 emetrdatum
683 2770 724 2819 sd-
756 2767 820 2816 Flor.
831 2769 903 2818 edidit
913 2776 954 2817 tot.
981 2770 1060 2832 Negat
1067 2770 1111 2818 boc
1121 2769 1200 2818 essein
1209 2785 1237 2818 eo
1245 2771 1275 2819 li-

201 2833 279 2908 ponit.
317 2834 404 2883 Probat
421 2834 566 2884 bellemensi.
586 2835 626 2883 sed
642 2833 726 2884 vitium
756 2834 799 2881 bro
809 2833 835 2882 J.
847 2834 992 2883 Gronovius:
1008 2844 1032 2882 ct
1045 2835 1114 2883 ceteri
1127 2834 1181 2882 libri
1194 2850 1275 2884 omnes

204 2911 230 2944 m
241 2905 307 2946 textu
317 2899 406 2948 retinet.
432 2898 503 2962 Pejus
511 2899 633 2964 Bipontini
706 2899 726 2942 '-
757 2904 833 2958 tuta,
850 2899 876 2947 id
889 2899 968 2962 itaque
981 2907 1009 2946 ιιι
1022 2899 1048 2948 J.
1061 2898 1132 2948 Gron.
1144 2900 1275 2964 exprimen-

197 2967 257 3010 ¹tum
273 2962 359 3028 Ryolrii
374 2963 490 3012 calctdum
505 2965 536 3013 ad
550 2909 724 3029 adlbtddpib·

205 3035 266 3077 sant.
755 3026 1275 3097 militer,nthelA(Bud.)Agr.edd.quod

204 3093 723 3215 missurus.
756 3092 1275 3220 mimmii&

205 3219 296 3270 Plinius
307 3222 330 3282 7,
342 3224 374 3270 43
392 3176 465 3285 (diod
488 3225 543 3272 Hoc
554 3229 631 3270 tanus
642 3239 723 3286 sempe
755 3229 779 3268 et
790 3221 851 3285 Agr.
864 3227 938 3270 msto.
963 3221 1018 3284 Bip.
1030 3237 1133 3286 recepere
1143 3230 1184 3270 tot.

196 3284 312 3346 felicitati
320 3303 369 3335 saoe
377 3287 479 3352 &abac
486 3289 602 3352 consessus
609 3294 652 3348 est,
663 3290 724 3350 qaod
788 3288 848 3334 Non
856 3289 940 3349 lingas
947 3302 971 3334 a.
982 3301 1004 3332 o.
1016 3288 1103 3351 comp]
1121 3287 1159 3335 Sic
1167 3287 1224 3335 Sall.
1234 3302 1273 3351 ap.

203 3351 340 3461 itacisimwm
351 3353 564 3466 nfflcdictasugrlpgt.
582 3352 664 3465 irrupi
674 3356 723 3430 Ei·
755 3349 856 3463 Nm,
870 3352 930 3480 llltp3
947 3415 970 3462 d·
987 3417 1042 3462 W

198 3449 200 3456 ,
267 3431 351 3465 nomen
421 3433 465 3466 mss
555 3432 628 3466 ocuso
665 3433 722 3466 ano.
850 3433 877 3463 as
931 3432 947 3463 ιι
1033 3431 1079 3463 aas.

195 3477 241 3526 ,Cs-
254 3482 316 3530 Veli
330 3485 355 3541 2,
367 3483 406 3538 27.
786 3483 884 3542 Fugam
898 3482 1046 3544 captantem]
1067 3479 1169 3527 Pichens
1181 3479 1273 3540 conjicit

235 3545 331 3594 Lutatii
356 3547 437 3596 Catali
460 3549 554 3613 omnen]
583 3546 655 3595 Fallit
677 3561 720 3596 nos
754 3550 882 3593 tentantem
888 3546 925 3594 vel
934 3551 1072 3606 captantem.
1095 3543 1161 3591 Illud
1168 3544 1271 3591 mallem.

202 3621 271 3721 :dieb
288 3619 329 3658 aut
344 3612 415 3662 falsus
430 3613 480 3677 ipse
495 3613 543 3660 Dio
560 3613 599 3672 ta,
619 3613 656 3660 14.
679 3611 721 3675 qui
753 3609 929 3672 Sedvulgntum
940 3607 1198 3670 meliusetexquisitius
1205 3616 1269 3672 puto.

271 3683 327 3734 erat,
352 3678 412 3726 inter
436 3678 492 3726 elios
518 3677 615 3725 honores
639 3676 720 3726 datum
752 3673 904 3722 Estverbum
914 3673 1021 3736 frequem
1030 3671 1271 3734 Tacitoprotentare,

202 3735 296 3798 (lueri,
313 3749 340 3787 ut
354 3756 439 3790 nornen
452 3743 502 3803 eius
518 3741 625 3805 capitolio
640 3740 720 3788 inscri-
753 3745 781 3786 ut
790 3737 860 3786 index
869 3737 942 3786 docet.
964 3737 1074 3798 Moxper
1084 3737 1271 3785 ambrombono·

201 3801 302 3863 beremr,
316 3803 390 3854 deleto
404 3807 491 3867 Catuli,
506 3805 577 3871 idque
591 3821 644 3853 eum
658 3819 720 3853 rece-
752 3801 1061 3863 ruamntmminussige
1067 3816 1137 3850 usum
1143 3800 1271 3866 insignium

202 3864 269 3927 mare.
302 3866 373 3926 Quod
389 3886 419 3919 ex
434 3871 479 3920 hoc
494 3872 546 3919 loeo
561 3870 656 3918 omnino
672 3883 719 3918 non
752 3866 916 3928 consularium,
926 3883 980 3930 qua
990 3867 1118 3915 amovenda
1126 3866 1152 3914 in
1163 3867 1204 3916 tali
1211 3867 1271 3930 peri·

202 3937 283 3992 potest.
304 3931 378 3981 ers.
396 3935 469 3982 Dioni
479 3936 642 3998 suffragantem
653 3935 721 3983 Mar·
753 3932 805 3980 tulo
815 3935 896 3980 ermt'
919 3931 1030 3997 Denique
1042 3945 1085 3995 pro
1098 3933 1174 3979 edicto
1180 3934 1271 3994 jecerat

202 3993 281 4044 tislem
291 3997 371 4046 laudat
382 3998 487 4062 Ryclrius
497 4003 522 4055 5,
536 4002 572 4048 10.
584 3999 626 4048 ubi
639 4001 721 4048 Catuli
752 3996 876 4044 Acidaliae
893 3997 995 4045 malebat
1006 3998 1106 4060 fleant.
1137 3995 1183 4044 Sed
1201 4009 1271 4043 nemo

201 4062 273 4108 satta
284 4064 385 4125 napa:
402 4071 522 4128 putatque,
540 4079 625 4113 nomen
641 4064 720 4114 Catuli
752 4059 837 4110 dixerit
846 4063 921 4110 edicta
932 4063 959 4108 in
968 4063 1084 4123 populum
1087 4061 1176 4122 faccra
1208 4061 1271 4106 Edi·

201 4123 235 4173 its
241 4141 341 4184 erasum,
349 4137 371 4176 et
378 4127 513 4191 inscriptum
520 4128 617 4176 Oaesaris
626 4143 719 4187 nomen,
753 4128 820 4174 derat
830 4126 971 4174 tolerabilius
981 4134 1046 4184 esset,
1056 4123 1119 4187 quod
1128 4132 1163 4171 est
1173 4125 1269 4172 verbum

201 4198 312 4248 uttsnren
322 4192 401 4240 Catuli
409 4197 493 4240 notnen
501 4192 576 4240 adhuc
585 4201 718 4255 apparerem
751 4190 878 4255 pmprium.
908 4189 954 4238 Sed
965 4193 1055 4252 jecerat
1066 4191 1091 4234 tn
1103 4189 1219 4250 populum
1235 4196 1271 4236 est

201 4255 268 4315 cujus
282 4256 315 4304 rei
329 4257 437 4322 exempla
448 4258 516 4322 plura
528 4257 553 4303 in
567 4257 720 4306 marmoribus
752 4262 879 4318 sparserat:
898 4269 973 4318 neque
982 4253 1008 4300 id
1018 4255 1114 4301 verbum
1124 4253 1269 4312 tentandum,

201 4318 302 4396 antiquis
309 4322 456 4385 reperientur.
480 4321 550 4381 Quod
559 4318 671 4394 mibilnnn
683 4335 720 4368 sa·
751 4328 844 4396 propter
855 4319 917 4396 rtis
923 4319 1047 4396 popptsm.
1062 4317 1133 4365 Ean.

202 4382 292 4431 mttere
321 4386 417 4449 Vereor,
434 4401 464 4436 nc
481 4387 598 4434 decretum
615 4385 674 4434 rllud
690 4385 720 4434 ad
785 4381 1269 4447 QusnctssmAttscumllludAgr.Quln-

756 2961 815 3010 dum
832 2964 917 3012 curavi.
951 2963 1013 3011 Mox
1028 2963 1090 3010 idem
1107 2964 1169 3012 Flor.
1187 2967 1275 3027 trcptdt
1334 2985 1338 2990 ·
1377 2969 1381 2978 ‘
