<?xml version="1.0" encoding="UTF-8"?>
<!DOCTYPE html PUBLIC "-//W3C//DTD XHTML 1.0 Transitional//EN"
    "http://www.w3.org/TR/xhtml1/DTD/xhtml1-transitional.dtd">
<html xmlns="http://www.w3.org/1999/xhtml" xml:lang="en" lang="en">
 <head>
  <title>
</title>
<meta http-equiv="Content-Type" content="text/html;charset=utf-8" />
  <meta name='ocr-system' content='tesseract 3.04.00' />
  <meta name='ocr-capabilities' content='ocr_page ocr_carea ocr_par ocr_line ocrx_word'/>
</head>
<body>
  <div class='ocr_page' id='page_1' title='image "./ccorneliitaciti00grongoog/ccorneliitaciti00grongoog_0283.png"; bbox 0 0 3059 4975; ppageno 0'>
   <div class='ocr_carea' id='block_1_1' title="bbox 228 290 1306 365">
    <p class='ocr_par' dir='ltr' id='par_1_1' title="bbox 228 290 1306 365">
     <span class='ocr_line' id='line_1_1' title="bbox 228 290 1306 365; baseline 0.013 -22"><span class='ocrx_word' id='word_1_1' title='bbox 228 308 310 351; x_wconf 84' lang='lat' dir='ltr'><strong>.n.c.</strong></span> <span class='ocrx_word' id='word_1_2' title='bbox 325 292 387 365; x_wconf 73' lang='lat' dir='ltr'><strong>tt]</strong></span> <span class='ocrx_word' id='word_1_3' title='bbox 603 290 681 349; x_wconf 75' lang='lat' dir='ltr'><strong>tau.</strong></span> <span class='ocrx_word' id='word_1_4' title='bbox 698 290 752 349; x_wconf 83' lang='lat' dir='ltr'><strong>IV.</strong></span> <span class='ocrx_word' id='word_1_5' title='bbox 775 292 868 351; x_wconf 85' lang='lat' dir='ltr'><strong>CAP.</strong></span> <span class='ocrx_word' id='word_1_6' title='bbox 887 297 935 353; x_wconf 86' lang='grc'><strong>43.</strong></span> <span class='ocrx_word' id='word_1_7' title='bbox 976 296 983 351; x_wconf 84' lang='grc'><strong>“.</strong></span> <span class='ocrx_word' id='word_1_8' title='bbox 1248 294 1306 357; x_wconf 79' lang='grc'><strong>277</strong></span> 
     </span>
    </p>
   </div>
   <div class='ocr_carea' id='block_1_2' title="bbox 226 454 1307 2943">
    <p class='ocr_par' dir='ltr' id='par_1_2' title="bbox 226 454 1305 1913">
     <span class='ocr_line' id='line_1_2' title="bbox 226 454 1305 545; baseline 0.002 -26"><span class='ocrx_word' id='word_1_9' title='bbox 226 478 362 543; x_wconf 70' lang='lat' dir='ltr'><strong>«pueros,</strong></span> <span class='ocrx_word' id='word_1_10' title='bbox 382 454 527 519; x_wconf 82' lang='lat' dir='ltr'><strong>inlustres</strong></span> <span class='ocrx_word' id='word_1_11' title='bbox 545 478 642 536; x_wconf 90' lang='lat' dir='ltr'><strong>senes,</strong></span> <span class='ocrx_word' id='word_1_12' title='bbox 657 458 841 543; x_wconf 87' lang='lat' dir='ltr'><strong>conspicuas</strong></span> <span class='ocrx_word' id='word_1_13' title='bbox 856 455 987 520; x_wconf 85' lang='lat' dir='ltr'><strong>feminas</strong></span> <span class='ocrx_word' id='word_1_14' title='bbox 1000 456 1108 521; x_wconf 89' lang='lat' dir='ltr'><strong>eadem</strong></span> <span class='ocrx_word' id='word_1_15' title='bbox 1129 456 1221 520; x_wconf 90' lang='lat' dir='ltr'><strong>ruina</strong></span> <span class='ocrx_word' id='word_1_16' title='bbox 1233 478 1305 545; x_wconf 89' lang='lat' dir='ltr'><strong>pro-</strong></span> 
     </span>
     <span class='ocr_line' id='line_1_3' title="bbox 238 541 1305 643; baseline 0.002 -38"><span class='ocrx_word' id='word_1_17' title='bbox 238 553 405 607; x_wconf 79' lang='lat' dir='ltr'><strong>sterneres:</strong></span> <span class='ocrx_word' id='word_1_18' title='bbox 434 562 505 605; x_wconf 87' lang='lat' dir='ltr'><strong>cum</strong></span> <span class='ocrx_word' id='word_1_19' title='bbox 527 542 689 627; x_wconf 82' lang='lat' dir='ltr'><strong>segnitiam</strong></span> <span class='ocrx_word' id='word_1_20' title='bbox 710 542 845 607; x_wconf 90' lang='lat' dir='ltr'><strong>Neronis</strong></span> <span class='ocrx_word' id='word_1_21' title='bbox 870 541 1035 621; x_wconf 87' lang='lat' dir='ltr'><strong>incusares,</strong></span> <span class='ocrx_word' id='word_1_22' title='bbox 1058 543 1144 629; x_wconf 93' lang='lat' dir='ltr'><strong>quod</strong></span> <span class='ocrx_word' id='word_1_23' title='bbox 1164 565 1220 643; x_wconf 87' lang='lat' dir='ltr'><strong>per</strong></span> <span class='ocrx_word' id='word_1_24' title='bbox 1242 543 1305 607; x_wconf 92' lang='lat' dir='ltr'><strong>sin-</strong></span> 
     </span>
     <span class='ocr_line' id='line_1_4' title="bbox 227 626 1305 715; baseline 0.003 -26"><span class='ocrx_word' id='word_1_25' title='bbox 227 626 329 713; x_wconf 67' lang='lat' dir='ltr'><strong>gulas</strong></span> <span class='ocrx_word' id='word_1_26' title='bbox 352 627 462 693; x_wconf 90' lang='lat' dir='ltr'><strong>domos</strong></span> <span class='ocrx_word' id='word_1_27' title='bbox 484 650 579 714; x_wconf 82' lang='lat' dir='ltr'><strong>seque</strong></span> <span class='ocrx_word' id='word_1_28' title='bbox 600 640 632 692; x_wconf 89' lang='lat' dir='ltr'><strong>et</strong></span> <span class='ocrx_word' id='word_1_29' title='bbox 653 628 806 693; x_wconf 84' lang='lat' dir='ltr'><strong>delatores</strong></span> <span class='ocrx_word' id='word_1_30' title='bbox 826 627 989 714; x_wconf 83' lang='lat' dir='ltr'><strong>fatigaret:</strong></span> <span class='ocrx_word' id='word_1_31' title='bbox 1013 650 1103 715; x_wconf 87' lang='lat' dir='ltr'><strong>posse</strong></span> <span class='ocrx_word' id='word_1_32' title='bbox 1123 628 1305 693; x_wconf 86' lang='lat' dir='ltr'><strong>umversum</strong></span> 
     </span>
     <span class='ocr_line' id='line_1_5' title="bbox 238 712 1304 801; baseline 0.001 -24"><span class='ocrx_word' id='word_1_33' title='bbox 238 716 388 777; x_wconf 80' lang='lat' dir='ltr'><strong>Senatum</strong></span> <span class='ocrx_word' id='word_1_34' title='bbox 409 735 475 776; x_wconf 90' lang='lat' dir='ltr'><strong>una</strong></span> <span class='ocrx_word' id='word_1_35' title='bbox 487 736 562 776; x_wconf 88' lang='lat' dir='ltr'><strong>voce</strong></span> <span class='ocrx_word' id='word_1_36' title='bbox 581 712 729 777; x_wconf 90' lang='lat' dir='ltr'><strong>subverti.</strong></span> <span class='ocrx_word' id='word_1_37' title='bbox 774 713 931 788; x_wconf 88' lang='lat' dir='ltr'><strong>Retinete,</strong></span> <span class='ocrx_word' id='word_1_38' title='bbox 947 715 1057 777; x_wconf 91' lang='lat' dir='ltr'><strong>Patres</strong></span> <span class='ocrx_word' id='word_1_39' title='bbox 1076 714 1251 801; x_wconf 85' lang='lat' dir='ltr'><strong>conscripti,</strong></span> <span class='ocrx_word' id='word_1_40' title='bbox 1270 726 1304 779; x_wconf 91' lang='lat' dir='ltr'><strong>et</strong></span> 
     </span>
     <span class='ocr_line' id='line_1_6' title="bbox 234 797 1302 884; baseline 0.001 -22"><span class='ocrx_word' id='word_1_41' title='bbox 234 812 389 863; x_wconf 88' lang='lat' dir='ltr'><strong>reservate</strong></span> <span class='ocrx_word' id='word_1_42' title='bbox 409 798 564 863; x_wconf 90' lang='lat' dir='ltr'><strong>hominem</strong></span> <span class='ocrx_word' id='word_1_43' title='bbox 588 810 653 863; x_wconf 90' lang='lat' dir='ltr'><strong>tam</strong></span> <span class='ocrx_word' id='word_1_44' title='bbox 678 798 816 884; x_wconf 88' lang='lat' dir='ltr'><strong>expediti</strong></span> <span class='ocrx_word' id='word_1_45' title='bbox 837 797 1026 874; x_wconf 58' lang='lat' dir='ltr'><strong>consiliunt</strong></span> <span class='ocrx_word' id='word_1_46' title='bbox 1039 800 1140 863; x_wconf 87' lang='lat' dir='ltr'><strong>omnis</strong></span> <span class='ocrx_word' id='word_1_47' title='bbox 1161 817 1236 863; x_wconf 74' lang='lat' dir='ltr'><strong>ortas</strong></span> <span class='ocrx_word' id='word_1_48' title='bbox 1253 799 1302 863; x_wconf 77' lang='lat' dir='ltr'><strong>in·</strong></span> 
     </span>
     <span class='ocr_line' id='line_1_7' title="bbox 227 883 1302 972; baseline 0.003 -26"><span class='ocrx_word' id='word_1_49' title='bbox 227 897 353 949; x_wconf 77' lang='lat' dir='ltr'><strong>‚struma</strong></span> <span class='ocrx_word' id='word_1_50' title='bbox 376 884 426 963; x_wconf 88' lang='lat' dir='ltr'><strong>sit,</strong></span> <span class='ocrx_word' id='word_1_51' title='bbox 451 897 482 949; x_wconf 87' lang='lat' dir='ltr'><strong>et</strong></span> <span class='ocrx_word' id='word_1_52' title='bbox 506 883 664 970; x_wconf 91' lang='lat' dir='ltr'><strong>quomodo</strong></span> <span class='ocrx_word' id='word_1_53' title='bbox 686 907 773 947; x_wconf 87' lang='lat' dir='ltr'><strong>senes</strong></span> <span class='ocrx_word' id='word_1_54' title='bbox 801 883 897 947; x_wconf 82' lang='lat' dir='ltr'>nostri</span> <span class='ocrx_word' id='word_1_55' title='bbox 921 883 1118 963; x_wconf 88' lang='lat' dir='ltr'><strong>Marcellum,</strong></span> <span class='ocrx_word' id='word_1_56' title='bbox 1143 885 1302 972; x_wconf 88' lang='lat' dir='ltr'>Crispum,</span> 
     </span>
     <span class='ocr_line' id='line_1_8' title="bbox 231 968 1302 1057; baseline 0 -23"><span class='ocrx_word' id='word_1_57' title='bbox 231 970 365 1057; x_wconf 89' lang='lat' dir='ltr'><strong>juvenes</strong></span> <span class='ocrx_word' id='word_1_58' title='bbox 379 970 551 1055; x_wconf 84' lang='lat' dir='ltr'><strong>Regulum,</strong></span> <span class='ocrx_word' id='word_1_59' title='bbox 571 968 742 1034; x_wconf 83' lang='lat' dir='ltr'><strong>imitentur.</strong></span> <span class='ocrx_word' id='word_1_60' title='bbox 787 968 913 1033; x_wconf 89' lang='lat' dir='ltr'><strong>Invenit</strong></span> <span class='ocrx_word' id='word_1_61' title='bbox 930 968 1023 1032; x_wconf 89' lang='lat' dir='ltr'><strong>etiam</strong></span> <span class='ocrx_word' id='word_1_62' title='bbox 1045 970 1174 1035; x_wconf 88' lang='lat' dir='ltr'><strong>aemulos</strong></span> <span class='ocrx_word' id='word_1_63' title='bbox 1194 970 1302 1034; x_wconf 84' lang='lat' dir='ltr'><strong>infelix</strong></span> 
     </span>
     <span class='ocr_line' id='line_1_9' title="bbox 235 1054 1303 1143; baseline 0.001 -24"><span class='ocrx_word' id='word_1_64' title='bbox 235 1056 392 1143; x_wconf 83' lang='lat' dir='ltr'><strong>nequitia:</strong></span> <span class='ocrx_word' id='word_1_65' title='bbox 416 1054 494 1141; x_wconf 91' lang='lat' dir='ltr'><strong>quid</strong></span> <span class='ocrx_word' id='word_1_66' title='bbox 516 1054 541 1117; x_wconf 93' lang='lat' dir='ltr'><strong>si</strong></span> <span class='ocrx_word' id='word_1_67' title='bbox 560 1054 669 1119; x_wconf 88' lang='lat' dir='ltr'><strong>floreat</strong></span> <span class='ocrx_word' id='word_1_68' title='bbox 683 1055 872 1141; x_wconf 83' lang='lat' dir='ltr'><strong>vigeatque?</strong></span> <span class='ocrx_word' id='word_1_69' title='bbox 918 1055 963 1118; x_wconf 90' lang='lat' dir='ltr'><strong>Et</strong></span> <span class='ocrx_word' id='word_1_70' title='bbox 977 1078 1071 1141; x_wconf 91' lang='lat' dir='ltr'><strong>quem</strong></span> <span class='ocrx_word' id='word_1_71' title='bbox 1091 1056 1195 1119; x_wconf 87' lang='lat' dir='ltr'><strong>adlruc</strong></span> <span class='ocrx_word' id='word_1_72' title='bbox 1209 1058 1303 1134; x_wconf 84' lang='lat' dir='ltr'><strong>Quae-</strong></span> 
     </span>
     <span class='ocr_line' id='line_1_10' title="bbox 236 1139 1303 1220; baseline 0 -15"><span class='ocrx_word' id='word_1_73' title='bbox 236 1141 370 1205; x_wconf 91' lang='lat' dir='ltr'><strong>storium</strong></span> <span class='ocrx_word' id='word_1_74' title='bbox 392 1140 548 1205; x_wconf 87' lang='lat' dir='ltr'><strong>offendere</strong></span> <span class='ocrx_word' id='word_1_75' title='bbox 569 1162 631 1205; x_wconf 92' lang='lat' dir='ltr'><strong>uon</strong></span> <span class='ocrx_word' id='word_1_76' title='bbox 655 1141 818 1220; x_wconf 89' lang='lat' dir='ltr'><strong>audemus,</strong></span> <span class='ocrx_word' id='word_1_77' title='bbox 840 1139 1027 1206; x_wconf 85' lang='lat' dir='ltr'><strong>Praetorium</strong></span> <span class='ocrx_word' id='word_1_78' title='bbox 1048 1156 1080 1204; x_wconf 91' lang='lat' dir='ltr'><strong>et</strong></span> <span class='ocrx_word' id='word_1_79' title='bbox 1099 1141 1303 1206; x_wconf 84' lang='lat' dir='ltr'><strong>Consularem</strong></span> 
     </span>
     <span class='ocr_line' id='line_1_11' title="bbox 236 1226 1301 1291; baseline 0 -1"><span class='ocrx_word' id='word_1_80' title='bbox 236 1227 333 1290; x_wconf 88' lang='lat' dir='ltr'><strong>visuri</strong></span> <span class='ocrx_word' id='word_1_81' title='bbox 347 1230 475 1291; x_wconf 74' lang='lat' dir='ltr'><strong>sumus?</strong></span> <span class='ocrx_word' id='word_1_82' title='bbox 516 1232 569 1291; x_wconf 91' lang='lat' dir='ltr'><strong>An</strong></span> <span class='ocrx_word' id='word_1_83' title='bbox 586 1226 745 1291; x_wconf 89' lang='lat' dir='ltr'><strong>Neronem</strong></span> <span class='ocrx_word' id='word_1_84' title='bbox 759 1241 934 1290; x_wconf 81' lang='lat' dir='ltr'><strong>extremum</strong></span> <span class='ocrx_word' id='word_1_85' title='bbox 949 1226 1146 1291; x_wconf 88' lang='lat' dir='ltr'><strong>dominorum</strong></span> <span class='ocrx_word' id='word_1_86' title='bbox 1184 1227 1301 1291; x_wconf 85' lang='lat' dir='ltr'><strong>utatis?</strong></span> 
     </span>
     <span class='ocr_line' id='line_1_12' title="bbox 238 1248 1301 1398; baseline 0.001 -22"><span class='ocrx_word' id='word_1_87' title='bbox 238 1312 329 1376; x_wconf 85' lang='lat' dir='ltr'><strong>Idem</strong></span> <span class='ocrx_word' id='word_1_88' title='bbox 343 1312 547 1389; x_wconf 83' lang='lat' dir='ltr'><strong>crediderant,</strong></span> <span class='ocrx_word' id='word_1_89' title='bbox 562 1312 618 1397; x_wconf 93' lang='lat' dir='ltr'><strong>qui</strong></span> <span class='ocrx_word' id='word_1_90' title='bbox 634 1313 774 1383; x_wconf 79' lang='lat' dir='ltr'><strong>Tiberio,</strong></span> <span class='ocrx_word' id='word_1_91' title='bbox 789 1312 846 1398; x_wconf 93' lang='lat' dir='ltr'><strong>qui</strong></span> <span class='ocrx_word' id='word_1_92' title='bbox 858 1312 946 1390; x_wconf 90' lang='lat' dir='ltr'><strong>Caio,</strong></span> <span class='ocrx_word' id='word_1_93' title='bbox 962 1312 1141 1397; x_wconf 86' lang='lat' dir='ltr'><strong>superstites</strong></span> <span class='ocrx_word' id='word_1_94' title='bbox 1154 1248 1301 1377; x_wconf 72' lang='lat' dir='ltr'><strong>iderunt:</strong></span> 
     </span>
     <span class='ocr_line' id='line_1_13' title="bbox 229 1397 1303 1463; baseline 0.001 -1"><span class='ocrx_word' id='word_1_95' title='bbox 229 1421 307 1463; x_wconf 84' lang='lat' dir='ltr'><strong>oum</strong></span> <span class='ocrx_word' id='word_1_96' title='bbox 320 1397 443 1463; x_wconf 90' lang='lat' dir='ltr'><strong>interim</strong></span> <span class='ocrx_word' id='word_1_97' title='bbox 457 1398 660 1461; x_wconf 87' lang='lat' dir='ltr'><strong>intestabilior</strong></span> <span class='ocrx_word' id='word_1_98' title='bbox 670 1409 701 1461; x_wconf 88' lang='lat' dir='ltr'><strong>et</strong></span> <span class='ocrx_word' id='word_1_99' title='bbox 716 1399 826 1463; x_wconf 88' lang='lat' dir='ltr'><strong>saevior</strong></span> <span class='ocrx_word' id='word_1_100' title='bbox 840 1413 969 1462; x_wconf 78' lang='lat' dir='ltr'><strong>exortus</strong></span> <span class='ocrx_word' id='word_1_101' title='bbox 984 1410 1038 1461; x_wconf 91' lang='lat' dir='ltr'><strong>est.</strong></span> <span class='ocrx_word' id='word_1_102' title='bbox 1069 1400 1143 1462; x_wconf 93' lang='lat' dir='ltr'><strong>Non</strong></span> <span class='ocrx_word' id='word_1_103' title='bbox 1158 1398 1303 1463; x_wconf 88' lang='lat' dir='ltr'><strong>timemus</strong></span> 
     </span>
     <span class='ocr_line' id='line_1_14' title="bbox 228 1482 1304 1570; baseline 0.001 -23"><span class='ocrx_word' id='word_1_104' title='bbox 228 1484 482 1570; x_wconf 72' lang='lat' dir='ltr'><strong>Vespasianum:</strong></span> <span class='ocrx_word' id='word_1_105' title='bbox 506 1506 543 1546; x_wconf 91' lang='lat' dir='ltr'><strong>ea</strong></span> <span class='ocrx_word' id='word_1_106' title='bbox 557 1483 711 1570; x_wconf 87' lang='lat' dir='ltr'><strong>Principis</strong></span> <span class='ocrx_word' id='word_1_107' title='bbox 725 1498 810 1560; x_wconf 76' lang='lat' dir='ltr'><strong>retas,</strong></span> <span class='ocrx_word' id='word_1_108' title='bbox 826 1508 862 1548; x_wconf 89' lang='lat' dir='ltr'><strong>ea</strong></span> <span class='ocrx_word' id='word_1_109' title='bbox 883 1482 1062 1547; x_wconf 89' lang='lat' dir='ltr'><strong>moderatio.</strong></span> <span class='ocrx_word' id='word_1_110' title='bbox 1108 1484 1169 1548; x_wconf 91' lang='lat' dir='ltr'><strong>Sed</strong></span> <span class='ocrx_word' id='word_1_111' title='bbox 1183 1482 1304 1548; x_wconf 91' lang='lat' dir='ltr'><strong>diutius</strong></span> 
     </span>
     <span class='ocr_line' id='line_1_15' title="bbox 236 1568 1303 1656; baseline 0 -24"><span class='ocrx_word' id='word_1_112' title='bbox 236 1568 353 1633; x_wconf 88' lang='lat' dir='ltr'><strong>durant</strong></span> <span class='ocrx_word' id='word_1_113' title='bbox 364 1568 515 1655; x_wconf 88' lang='lat' dir='ltr'><strong>exempla,</strong></span> <span class='ocrx_word' id='word_1_114' title='bbox 528 1592 622 1655; x_wconf 93' lang='lat' dir='ltr'><strong>quam</strong></span> <span class='ocrx_word' id='word_1_115' title='bbox 635 1592 743 1633; x_wconf 90' lang='lat' dir='ltr'><strong>mores.</strong></span> <span class='ocrx_word' id='word_1_116' title='bbox 772 1568 992 1655; x_wconf 88' lang='lat' dir='ltr'><strong>Elanguimus,</strong></span> <span class='ocrx_word' id='word_1_117' title='bbox 1006 1572 1115 1633; x_wconf 85' lang='lat' dir='ltr'><strong>Patres</strong></span> <span class='ocrx_word' id='word_1_118' title='bbox 1125 1570 1303 1656; x_wconf 88' lang='lat' dir='ltr'><strong>conscripti,</strong></span> 
     </span>
     <span class='ocr_line' id='line_1_16' title="bbox 236 1654 1305 1743; baseline 0.002 -26"><span class='ocrx_word' id='word_1_119' title='bbox 236 1676 293 1719; x_wconf 86' lang='lat' dir='ltr'><strong>uec</strong></span> <span class='ocrx_word' id='word_1_120' title='bbox 310 1656 378 1743; x_wconf 88' lang='lat' dir='ltr'><strong>jam</strong></span> <span class='ocrx_word' id='word_1_121' title='bbox 398 1654 450 1718; x_wconf 92' lang='lat' dir='ltr'><strong>ille</strong></span> <span class='ocrx_word' id='word_1_122' title='bbox 466 1656 598 1719; x_wconf 85' lang='lat' dir='ltr'><strong>Senatus</strong></span> <span class='ocrx_word' id='word_1_123' title='bbox 613 1676 730 1733; x_wconf 87' lang='lat' dir='ltr'><strong>sumus,</strong></span> <span class='ocrx_word' id='word_1_124' title='bbox 754 1655 820 1741; x_wconf 94' lang='lat' dir='ltr'><strong>qui,</strong></span> <span class='ocrx_word' id='word_1_125' title='bbox 836 1654 936 1718; x_wconf 85' lang='lat' dir='ltr'><strong>occiso</strong></span> <span class='ocrx_word' id='word_1_126' title='bbox 951 1656 1086 1734; x_wconf 88' lang='lat' dir='ltr'><strong>Nerone,</strong></span> <span class='ocrx_word' id='word_1_127' title='bbox 1101 1654 1253 1719; x_wconf 84' lang='lat' dir='ltr'><strong>delatores</strong></span> <span class='ocrx_word' id='word_1_128' title='bbox 1272 1669 1305 1719; x_wconf 90' lang='lat' dir='ltr'><strong>et</strong></span> 
     </span>
     <span class='ocr_line' id='line_1_17' title="bbox 237 1740 1305 1839; baseline 0.002 -36"><span class='ocrx_word' id='word_1_129' title='bbox 237 1740 393 1807; x_wconf 90' lang='lat' dir='ltr'><strong>ministros</strong></span> <span class='ocrx_word' id='word_1_130' title='bbox 408 1763 492 1804; x_wconf 87' lang='lat' dir='ltr'><strong>more</strong></span> <span class='ocrx_word' id='word_1_131' title='bbox 506 1740 659 1839; x_wconf 79' lang='lat' dir='ltr'><strong>majorum</strong></span> <span class='ocrx_word' id='word_1_132' title='bbox 679 1741 854 1837; x_wconf 92' lang='lat' dir='ltr'><strong>puniendos</strong></span> <span class='ocrx_word' id='word_1_133' title='bbox 868 1740 1037 1826; x_wconf 79' lang='lat' dir='ltr'><strong>flagitabat.</strong></span> <span class='ocrx_word' id='word_1_134' title='bbox 1083 1741 1233 1828; x_wconf 90' lang='lat' dir='ltr'><strong>Optimus</strong></span> <span class='ocrx_word' id='word_1_135' title='bbox 1247 1754 1305 1820; x_wconf 89' lang='lat' dir='ltr'><strong>est,</strong></span> 
     </span>
     <span class='ocr_line' id='line_1_18' title="bbox 235 1825 888 1913; baseline -0.003 -22"><span class='ocrx_word' id='word_1_136' title='bbox 235 1838 309 1913; x_wconf 90' lang='lat' dir='ltr'><strong>post</strong></span> <span class='ocrx_word' id='word_1_137' title='bbox 323 1827 440 1891; x_wconf 90' lang='lat' dir='ltr'><strong>malum</strong></span> <span class='ocrx_word' id='word_1_138' title='bbox 455 1825 644 1912; x_wconf 80' lang='lat' dir='ltr'><strong>Principem,</strong></span> <span class='ocrx_word' id='word_1_139' title='bbox 660 1825 726 1890; x_wconf 90' lang='lat' dir='ltr'><strong>dres</strong></span> <span class='ocrx_word' id='word_1_140' title='bbox 739 1826 888 1913; x_wconf 81' lang='lat' dir='ltr'><strong>primus&#39;&#39;</strong></span> 
     </span>
    </p>

    <p class='ocr_par' dir='ltr' id='par_1_3' title="bbox 227 1911 1307 2943">
     <span class='ocr_line' id='line_1_19' title="bbox 227 1911 1304 1989; baseline -0.001 -13"><span class='ocrx_word' id='word_1_141' title='bbox 227 1949 234 1957; x_wconf 87' lang='lat'><em>-</em></span> <span class='ocrx_word' id='word_1_142' title='bbox 281 1912 417 1977; x_wconf 90' lang='lat' dir='ltr'><strong>XLIII.</strong></span> <span class='ocrx_word' id='word_1_143' title='bbox 433 1912 541 1975; x_wconf 85' lang='lat' dir='ltr'><strong>Tanto</strong></span> <span class='ocrx_word' id='word_1_144' title='bbox 551 1932 622 1975; x_wconf 91' lang='lat' dir='ltr'><strong>cum</strong></span> <span class='ocrx_word' id='word_1_145' title='bbox 635 1911 769 1975; x_wconf 87' lang='lat' dir='ltr'><strong>adsensu</strong></span> <span class='ocrx_word' id='word_1_146' title='bbox 782 1914 914 1975; x_wconf 87' lang='lat' dir='ltr'><strong>Senatus</strong></span> <span class='ocrx_word' id='word_1_147' title='bbox 924 1912 1052 1976; x_wconf 90' lang='lat' dir='ltr'><strong>auditus</strong></span> <span class='ocrx_word' id='word_1_148' title='bbox 1061 1925 1108 1975; x_wconf 92' lang='lat' dir='ltr'><strong>est</strong></span> <span class='ocrx_word' id='word_1_149' title='bbox 1120 1913 1304 1989; x_wconf 83' lang='lat' dir='ltr'><strong>Montanus,</strong></span> 
     </span>
     <span class='ocr_line' id='line_1_20' title="bbox 233 1995 1304 2085; baseline -0.002 -24"><span class='ocrx_word' id='word_1_150' title='bbox 233 2010 276 2061; x_wconf 77' lang='lat' dir='ltr'><strong>nt</strong></span> <span class='ocrx_word' id='word_1_151' title='bbox 290 2020 378 2085; x_wconf 83' lang='lat' dir='ltr'><strong>spem</strong></span> <span class='ocrx_word' id='word_1_152' title='bbox 391 2009 515 2084; x_wconf 88' lang='lat' dir='ltr'><strong>caperet</strong></span> <span class='ocrx_word' id='word_1_153' title='bbox 530 1995 709 2071; x_wconf 69' lang='lat' dir='ltr'><strong>Helvidius</strong></span> <span class='ocrx_word' id='word_1_154' title='bbox 724 2020 815 2085; x_wconf 88' lang='lat' dir='ltr'><strong>posse</strong></span> <span class='ocrx_word' id='word_1_155' title='bbox 828 1997 923 2061; x_wconf 87' lang='lat' dir='ltr'><strong>etiam</strong></span> <span class='ocrx_word' id='word_1_156' title='bbox 938 1996 1126 2061; x_wconf 88' lang='lat' dir='ltr'><strong>Marcellum</strong></span> <span class='ocrx_word' id='word_1_157' title='bbox 1140 1998 1304 2083; x_wconf 85' lang='lat' dir='ltr'><strong>prosterni.</strong></span> 
     </span>
     <span class='ocr_line' id='line_1_21' title="bbox 237 2081 1305 2169; baseline -0.003 -20"><span class='ocrx_word' id='word_1_158' title='bbox 237 2083 341 2169; x_wconf 87' lang='lat' dir='ltr'><strong>Igitur</strong></span> <span class='ocrx_word' id='word_1_159' title='bbox 357 2108 377 2148; x_wconf 93' lang='lat' dir='ltr'><strong>a</strong></span> <span class='ocrx_word' id='word_1_160' title='bbox 401 2082 494 2147; x_wconf 88' lang='lat' dir='ltr'><strong>laude</strong></span> <span class='ocrx_word' id='word_1_161' title='bbox 515 2081 621 2147; x_wconf 91' lang='lat' dir='ltr'><strong>Cluvii</strong></span> <span class='ocrx_word' id='word_1_162' title='bbox 636 2082 712 2146; x_wconf 90' lang='lat' dir='ltr'><strong>Rufi</strong></span> <span class='ocrx_word' id='word_1_163' title='bbox 731 2106 831 2162; x_wconf 78' lang='lat' dir='ltr'><strong>orsuS,</strong></span> <span class='ocrx_word' id='word_1_164' title='bbox 851 2082 918 2169; x_wconf 89' lang='lat' dir='ltr'><strong>qui,</strong></span> <span class='ocrx_word' id='word_1_165' title='bbox 941 2082 1071 2169; x_wconf 87' lang='lat' dir='ltr'><strong>perinde</strong></span> <span class='ocrx_word' id='word_1_166' title='bbox 1088 2082 1175 2146; x_wconf 87' lang='lat' dir='ltr'><strong>dives</strong></span> <span class='ocrx_word' id='word_1_167' title='bbox 1193 2094 1226 2146; x_wconf 86' lang='lat' dir='ltr'><strong>et</strong></span> <span class='ocrx_word' id='word_1_168' title='bbox 1243 2082 1305 2146; x_wconf 90' lang='lat' dir='ltr'><strong>elo-</strong></span> 
     </span>
     <span class='ocr_line' id='line_1_22' title="bbox 236 2167 1306 2256; baseline -0.002 -23"><span class='ocrx_word' id='word_1_169' title='bbox 236 2170 365 2255; x_wconf 88' lang='lat' dir='ltr'><strong>quentia</strong></span> <span class='ocrx_word' id='word_1_170' title='bbox 377 2168 489 2246; x_wconf 77' lang='lat' dir='ltr'><strong>elaruS,</strong></span> <span class='ocrx_word' id='word_1_171' title='bbox 505 2167 583 2231; x_wconf 93' lang='lat' dir='ltr'><strong>nulli</strong></span> <span class='ocrx_word' id='word_1_172' title='bbox 596 2190 748 2256; x_wconf 89' lang='lat' dir='ltr'><strong>umquam</strong></span> <span class='ocrx_word' id='word_1_173' title='bbox 763 2169 821 2234; x_wconf 91' lang='lat' dir='ltr'><strong>sub</strong></span> <span class='ocrx_word' id='word_1_174' title='bbox 836 2170 961 2233; x_wconf 88' lang='lat' dir='ltr'><strong>Nerone</strong></span> <span class='ocrx_word' id='word_1_175' title='bbox 981 2167 1154 2254; x_wconf 89' lang='lat' dir='ltr'><strong>periculum</strong></span> <span class='ocrx_word' id='word_1_176' title='bbox 1168 2167 1306 2233; x_wconf 88' lang='lat' dir='ltr'><strong>facessis-</strong></span> 
     </span>
     <span class='ocr_line' id='line_1_23' title="bbox 236 2253 1306 2355; baseline -0.002 -36"><span class='ocrx_word' id='word_1_177' title='bbox 236 2267 294 2335; x_wconf 86' lang='lat' dir='ltr'><strong>set,</strong></span> <span class='ocrx_word' id='word_1_178' title='bbox 308 2254 436 2319; x_wconf 86' lang='lat' dir='ltr'><strong>crimine</strong></span> <span class='ocrx_word' id='word_1_179' title='bbox 457 2253 549 2319; x_wconf 89' lang='lat' dir='ltr'><strong>simul</strong></span> <span class='ocrx_word' id='word_1_180' title='bbox 570 2254 776 2355; x_wconf 86' lang='lat' dir='ltr'><strong>exemploque</strong></span> <span class='ocrx_word' id='word_1_181' title='bbox 791 2254 926 2353; x_wconf 85' lang='lat' dir='ltr'><strong>Eprium</strong></span> <span class='ocrx_word' id='word_1_182' title='bbox 951 2255 1101 2341; x_wconf 64' lang='lat' dir='ltr'><strong>urgebam</strong></span> <span class='ocrx_word' id='word_1_183' title='bbox 1124 2253 1306 2318; x_wconf 85' lang='lat' dir='ltr'><strong>ardentibus</strong></span> 
     </span>
     <span class='ocr_line' id='line_1_24' title="bbox 238 2338 1307 2419; baseline -0.003 -14"><span class='ocrx_word' id='word_1_184' title='bbox 238 2344 374 2405; x_wconf 86' lang='lat' dir='ltr'><strong>Patrum</strong></span> <span class='ocrx_word' id='word_1_185' title='bbox 393 2340 511 2405; x_wconf 79' lang='lat' dir='ltr'><strong>animia.</strong></span> <span class='ocrx_word' id='word_1_186' title='bbox 557 2340 650 2418; x_wconf 84' lang='lat' dir='ltr'><strong>Quod</strong></span> <span class='ocrx_word' id='word_1_187' title='bbox 673 2341 729 2405; x_wconf 95' lang='lat' dir='ltr'><strong>ub1</strong></span> <span class='ocrx_word' id='word_1_188' title='bbox 751 2352 845 2404; x_wconf 89' lang='lat' dir='ltr'><strong>seusrt</strong></span> <span class='ocrx_word' id='word_1_189' title='bbox 859 2338 1041 2419; x_wconf 89' lang='lat' dir='ltr'><strong>Marcellus,</strong></span> <span class='ocrx_word' id='word_1_190' title='bbox 1056 2340 1143 2404; x_wconf 87' lang='lat' dir='ltr'><strong>velut</strong></span> <span class='ocrx_word' id='word_1_191' title='bbox 1156 2339 1307 2404; x_wconf 86' lang='lat' dir='ltr'><strong>excedens</strong></span> 
     </span>
     <span class='ocr_line' id='line_1_25' title="bbox 230 2424 1307 2514; baseline 0 -23"><span class='ocrx_word' id='word_1_192' title='bbox 230 2428 340 2504; x_wconf 69' lang='lat' dir='ltr'><strong>¹curia:</strong></span> <span class='ocrx_word' id='word_1_193' title='bbox 366 2434 388 2466; x_wconf 90' lang='lat'><strong>“</strong></span> <span class='ocrx_word' id='word_1_194' title='bbox 403 2426 519 2506; x_wconf 82' lang='lat' dir='ltr'><strong>Imus,”</strong></span> <span class='ocrx_word' id='word_1_195' title='bbox 532 2424 645 2514; x_wconf 88' lang='lat' dir='ltr'><strong>inquit,</strong></span> <span class='ocrx_word' id='word_1_196' title='bbox 658 2432 680 2464; x_wconf 88' lang='lat'>“</span> <span class='ocrx_word' id='word_1_197' title='bbox 693 2425 809 2507; x_wconf 86' lang='lat' dir='ltr'><strong>Prisce,</strong></span> <span class='ocrx_word' id='word_1_198' title='bbox 820 2440 852 2490; x_wconf 87' lang='lat' dir='ltr'><strong>et</strong></span> <span class='ocrx_word' id='word_1_199' title='bbox 866 2424 1070 2513; x_wconf 87' lang='lat' dir='ltr'><strong>relinquimus</strong></span> <span class='ocrx_word' id='word_1_200' title='bbox 1083 2425 1141 2490; x_wconf 91' lang='lat' dir='ltr'><strong>tibi</strong></span> <span class='ocrx_word' id='word_1_201' title='bbox 1156 2424 1307 2491; x_wconf 84' lang='lat' dir='ltr'><strong>Senatum</strong></span> 
     </span>
     <span class='ocr_line' id='line_1_26' title="bbox 228 2511 1302 2600; baseline 0 -24"><span class='ocrx_word' id='word_1_202' title='bbox 228 2527 345 2578; x_wconf 84' lang='lat' dir='ltr'><strong>tuum:</strong></span> <span class='ocrx_word' id='word_1_203' title='bbox 362 2536 395 2578; x_wconf 88' lang='lat' dir='ltr'><strong>re</strong></span> <span class='ocrx_word' id='word_1_204' title='bbox 440 2514 791 2600; x_wconf 71' lang='lat' dir='ltr'><strong>apraesenteCoesare.”</strong></span> <span class='ocrx_word' id='word_1_205' title='bbox 823 2512 1019 2598; x_wconf 82' lang='lat' dir='ltr'><strong>Sequebatur</strong></span> <span class='ocrx_word' id='word_1_206' title='bbox 1030 2512 1141 2577; x_wconf 84' lang='lat' dir='ltr'><strong>Vibius</strong></span> <span class='ocrx_word' id='word_1_207' title='bbox 1152 2511 1302 2598; x_wconf 60' lang='lat' dir='ltr'><strong>Crispusr,</strong></span> 
     </span>
     <span class='ocr_line' id='line_1_27' title="bbox 235 2537 1306 2678; baseline -0.001 -16"><span class='ocrx_word' id='word_1_208' title='bbox 235 2600 332 2664; x_wconf 88' lang='lat' dir='ltr'><strong>ambo</strong></span> <span class='ocrx_word' id='word_1_209' title='bbox 356 2537 477 2678; x_wconf 55' lang='lat' dir='ltr'><strong>nisisi,</strong></span> <span class='ocrx_word' id='word_1_210' title='bbox 502 2598 593 2662; x_wconf 84' lang='lat' dir='ltr'><strong>vultu</strong></span> <span class='ocrx_word' id='word_1_211' title='bbox 621 2597 762 2674; x_wconf 79' lang='lat' dir='ltr'><strong>divers03</strong></span> <span class='ocrx_word' id='word_1_212' title='bbox 798 2597 969 2664; x_wconf 86' lang='lat' dir='ltr'><strong>Marcellus</strong></span> <span class='ocrx_word' id='word_1_213' title='bbox 997 2598 1171 2662; x_wconf 87' lang='lat' dir='ltr'><strong>minacibus</strong></span> <span class='ocrx_word' id='word_1_214' title='bbox 1197 2597 1306 2675; x_wconf 88' lang='lat' dir='ltr'><strong>oculis,</strong></span> 
     </span>
     <span class='ocr_line' id='line_1_28' title="bbox 238 2683 1305 2774; baseline -0.002 -26"><span class='ocrx_word' id='word_1_215' title='bbox 238 2686 371 2774; x_wconf 87' lang='lat' dir='ltr'><strong>Crispus</strong></span> <span class='ocrx_word' id='word_1_216' title='bbox 393 2685 555 2759; x_wconf 78' lang='lat' dir='ltr'><strong>renidens3</strong></span> <span class='ocrx_word' id='word_1_217' title='bbox 586 2683 685 2748; x_wconf 86' lang='lat' dir='ltr'><strong>donec</strong></span> <span class='ocrx_word' id='word_1_218' title='bbox 708 2684 844 2750; x_wconf 85' lang='lat' dir='ltr'><strong>adcursu</strong></span> <span class='ocrx_word' id='word_1_219' title='bbox 869 2683 1040 2748; x_wconf 86' lang='lat' dir='ltr'><strong>amicorum</strong></span> <span class='ocrx_word' id='word_1_220' title='bbox 1064 2683 1305 2748; x_wconf 80' lang='lat' dir='ltr'><strong>retraherentur.</strong></span> 
     </span>
     <span class='ocr_line' id='line_1_29' title="bbox 229 2768 1307 2856; baseline 0 -24"><span class='ocrx_word' id='word_1_221' title='bbox 229 2771 323 2834; x_wconf 85' lang='lat' dir='ltr'><strong>¹Cum</strong></span> <span class='ocrx_word' id='word_1_222' title='bbox 346 2771 488 2856; x_wconf 86' lang='lat' dir='ltr'><strong>glisceret</strong></span> <span class='ocrx_word' id='word_1_223' title='bbox 509 2783 673 2847; x_wconf 88' lang='lat' dir='ltr'><strong>certamen,</strong></span> <span class='ocrx_word' id='word_1_224' title='bbox 693 2769 765 2834; x_wconf 89' lang='lat' dir='ltr'><strong>hino</strong></span> <span class='ocrx_word' id='word_1_225' title='bbox 785 2769 876 2833; x_wconf 93' lang='lat' dir='ltr'><strong>multi</strong></span> <span class='ocrx_word' id='word_1_226' title='bbox 894 2769 1043 2855; x_wconf 89' lang='lat' dir='ltr'><strong>bonique,</strong></span> <span class='ocrx_word' id='word_1_227' title='bbox 1065 2768 1139 2833; x_wconf 89' lang='lat' dir='ltr'><strong>inde</strong></span> <span class='ocrx_word' id='word_1_228' title='bbox 1160 2768 1307 2855; x_wconf 75' lang='lat' dir='ltr'><strong>paucist</strong></span> 
     </span>
     <span class='ocr_line' id='line_1_30' title="bbox 232 2852 1304 2943; baseline -0.001 -26"><span class='ocrx_word' id='word_1_229' title='bbox 232 2855 343 2934; x_wconf 74' lang='lat' dir='ltr'><strong>validi,</strong></span> <span class='ocrx_word' id='word_1_230' title='bbox 355 2854 563 2941; x_wconf 89' lang='lat' dir='ltr'><strong>pertinacibus</strong></span> <span class='ocrx_word' id='word_1_231' title='bbox 571 2852 650 2918; x_wconf 91' lang='lat' dir='ltr'><strong>odiis</strong></span> <span class='ocrx_word' id='word_1_232' title='bbox 661 2855 833 2933; x_wconf 84' lang='lat' dir='ltr'><strong>tenderent,</strong></span> <span class='ocrx_word' id='word_1_233' title='bbox 844 2869 1047 2942; x_wconf 90' lang='lat' dir='ltr'><strong>consumptus</strong></span> <span class='ocrx_word' id='word_1_234' title='bbox 1054 2877 1110 2943; x_wconf 87' lang='lat' dir='ltr'><strong>per</strong></span> <span class='ocrx_word' id='word_1_235' title='bbox 1119 2853 1304 2922; x_wconf 75' lang='lat' dir='ltr'><strong>discordiam</strong></span> 
     </span>
    </p>
   </div>
   <div class='ocr_carea' id='block_1_3' title="bbox 236 2939 314 3005">
    <p class='ocr_par' dir='ltr' id='par_1_4' title="bbox 236 2939 314 3005">
     <span class='ocr_line' id='line_1_31' title="bbox 236 2939 314 3005; baseline -0.013 0"><span class='ocrx_word' id='word_1_236' title='bbox 236 2939 314 3005; x_wconf 81' lang='lat' dir='ltr'><strong>dies.</strong></span> 
     </span>
    </p>
   </div>
   <div class='ocr_carea' id='block_1_4' title="bbox 228 3112 1311 4532">
    <p class='ocr_par' dir='ltr' id='par_1_5' title="bbox 228 3112 1311 4532">
     <span class='ocr_line' id='line_1_32' title="bbox 271 3112 1305 3182; baseline -0.001 -19"><span class='ocrx_word' id='word_1_237' title='bbox 271 3115 379 3163; x_wconf 74' lang='lat' dir='ltr'><strong>aalma</strong></span> <span class='ocrx_word' id='word_1_238' title='bbox 388 3117 419 3162; x_wconf 89' lang='grc' dir='ltr'><strong>Ρ.</strong></span> <span class='ocrx_word' id='word_1_239' title='bbox 428 3117 677 3182; x_wconf 69' lang='lat' dir='ltr'><strong>Getrerervoleetc]</strong></span> <span class='ocrx_word' id='word_1_240' title='bbox 696 3116 755 3164; x_wconf 88' lang='lat' dir='ltr'><strong>Irni·</strong></span> <span class='ocrx_word' id='word_1_241' title='bbox 828 3117 969 3164; x_wconf 74' lang='lat' dir='ltr'><strong>Periculum</strong></span> <span class='ocrx_word' id='word_1_242' title='bbox 988 3114 1136 3178; x_wconf 69' lang='lat' dir='ltr'><strong>secessisset]</strong></span> <span class='ocrx_word' id='word_1_243' title='bbox 1169 3112 1225 3161; x_wconf 89' lang='lat' dir='ltr'><strong>MS.</strong></span> <span class='ocrx_word' id='word_1_244' title='bbox 1235 3113 1305 3162; x_wconf 79' lang='lat' dir='ltr'><strong>Harl.</strong></span> 
     </span>
     <span class='ocr_line' id='line_1_33' title="bbox 229 3177 1308 3255; baseline -0.002 -28"><span class='ocrx_word' id='word_1_245' title='bbox 229 3180 295 3227; x_wconf 72' lang='lat' dir='ltr'><strong>›tatio</strong></span> <span class='ocrx_word' id='word_1_246' title='bbox 305 3178 367 3227; x_wconf 82' lang='lat' dir='ltr'><strong>bella</strong></span> <span class='ocrx_word' id='word_1_247' title='bbox 376 3177 492 3227; x_wconf 81' lang='lat' dir='ltr'><strong>Ciceronis</strong></span> <span class='ocrx_word' id='word_1_248' title='bbox 503 3180 568 3227; x_wconf 85' lang='lat' dir='ltr'><strong>Verr.</strong></span> <span class='ocrx_word' id='word_1_249' title='bbox 580 3183 605 3236; x_wconf 74' lang='lat'><strong>2,</strong></span> <span class='ocrx_word' id='word_1_250' title='bbox 616 3180 656 3228; x_wconf 82' lang='lat'><strong>31.</strong></span> <span class='ocrx_word' id='word_1_251' title='bbox 672 3181 743 3228; x_wconf 80' lang='lat' dir='ltr'><strong>Eun.</strong></span> <span class='ocrx_word' id='word_1_252' title='bbox 787 3179 846 3255; x_wconf 69' lang='lat' dir='ltr'><strong>Agr.</strong></span> <span class='ocrx_word' id='word_1_253' title='bbox 859 3180 895 3228; x_wconf 84' lang='lat' dir='ltr'><strong>ad.</strong></span> <span class='ocrx_word' id='word_1_254' title='bbox 905 3197 940 3243; x_wconf 89' lang='lat' dir='ltr'><strong>pr.</strong></span> <span class='ocrx_word' id='word_1_255' title='bbox 948 3181 1054 3244; x_wconf 68' lang='lat' dir='ltr'><strong>stabam,</strong></span> <span class='ocrx_word' id='word_1_256' title='bbox 1066 3193 1138 3243; x_wconf 85' lang='lat' dir='ltr'><strong>quam</strong></span> <span class='ocrx_word' id='word_1_257' title='bbox 1148 3177 1248 3225; x_wconf 80' lang='lat' dir='ltr'><strong>fororem</strong></span> <span class='ocrx_word' id='word_1_258' title='bbox 1256 3179 1308 3240; x_wconf 81' lang='lat' dir='ltr'><strong>jam</strong></span> 
     </span>
     <span class='ocr_line' id='line_1_34' title="bbox 228 3243 1307 3308; baseline -0.003 -15"><span class='ocrx_word' id='word_1_259' title='bbox 228 3273 232 3282; x_wconf 84' lang='lat'>=</span> <span class='ocrx_word' id='word_1_260' title='bbox 273 3245 755 3308; x_wconf 73' lang='lat' dir='ltr'><strong>Coomloremoirrm&#39;ramur111ipsiusin</strong></span> <span class='ocrx_word' id='word_1_261' title='bbox 787 3245 905 3293; x_wconf 81' lang='lat' dir='ltr'><strong>aliislocis</strong></span> <span class='ocrx_word' id='word_1_262' title='bbox 920 3245 984 3308; x_wconf 85' lang='lat' dir='ltr'><strong>apud</strong></span> <span class='ocrx_word' id='word_1_263' title='bbox 998 3252 1102 3292; x_wconf 79' lang='lat' dir='ltr'><strong>nostrum</strong></span> <span class='ocrx_word' id='word_1_264' title='bbox 1113 3243 1224 3303; x_wconf 85' lang='lat' dir='ltr'><strong>vidimus,</strong></span> <span class='ocrx_word' id='word_1_265' title='bbox 1235 3244 1269 3290; x_wconf 81' lang='lat' dir='ltr'><strong>A.</strong></span> <span class='ocrx_word' id='word_1_266' title='bbox 1284 3244 1307 3303; x_wconf 89' lang='lat' dir='ltr'><strong>l,</strong></span> 
     </span>
     <span class='ocr_line' id='line_1_35' title="bbox 236 3307 1275 3372; baseline 0 -17"><span class='ocrx_word' id='word_1_267' title='bbox 236 3308 342 3371; x_wconf 83' lang='lat' dir='ltr'><strong>margine</strong></span> <span class='ocrx_word' id='word_1_268' title='bbox 352 3310 442 3356; x_wconf 67' lang='lat' dir='ltr'><strong>aarum.</strong></span> <span class='ocrx_word' id='word_1_269' title='bbox 466 3307 597 3372; x_wconf 74' lang='lat' dir='ltr'><strong>Vulgarum</strong></span> <span class='ocrx_word' id='word_1_270' title='bbox 607 3311 666 3357; x_wconf 88' lang='lat' dir='ltr'><strong>bene</strong></span> <span class='ocrx_word' id='word_1_271' title='bbox 675 3309 753 3370; x_wconf 81' lang='lat' dir='ltr'><strong>babet,</strong></span> <span class='ocrx_word' id='word_1_272' title='bbox 790 3309 829 3363; x_wconf 81' lang='grc'><strong>74.</strong></span> <span class='ocrx_word' id='word_1_273' title='bbox 840 3310 881 3368; x_wconf 84' lang='grc'><strong>“13,</strong></span> <span class='ocrx_word' id='word_1_274' title='bbox 893 3311 932 3357; x_wconf 84' lang='grc'><strong>33.</strong></span> <span class='ocrx_word' id='word_1_275' title='bbox 956 3310 1027 3357; x_wconf 81' lang='lat' dir='ltr'><strong>Eun.</strong></span> <span class='ocrx_word' id='word_1_276' title='bbox 1061 3307 1125 3355; x_wconf 79' lang='lat' dir='ltr'><strong>Buri.</strong></span> <span class='ocrx_word' id='word_1_277' title='bbox 1132 3309 1275 3371; x_wconf 71' lang='lat' dir='ltr'><strong>secessisset.</strong></span> 
     </span>
     <span class='ocr_line' id='line_1_36' title="bbox 231 3372 1307 3437; baseline -0.001 -17"><span class='ocrx_word' id='word_1_278' title='bbox 231 3383 260 3420; x_wconf 77' lang='lat' dir='ltr'><strong>et</strong></span> <span class='ocrx_word' id='word_1_279' title='bbox 271 3374 350 3420; x_wconf 76' lang='lat' dir='ltr'><strong>videre</strong></span> <span class='ocrx_word' id='word_1_280' title='bbox 360 3373 392 3421; x_wconf 85' lang='lat' dir='ltr'><strong>sic</strong></span> <span class='ocrx_word' id='word_1_281' title='bbox 399 3373 514 3436; x_wconf 79' lang='lat' dir='ltr'><strong>eleganter</strong></span> <span class='ocrx_word' id='word_1_282' title='bbox 524 3373 608 3437; x_wconf 85' lang='lat' dir='ltr'><strong>passim</strong></span> <span class='ocrx_word' id='word_1_283' title='bbox 619 3373 703 3422; x_wconf 86' lang='lat' dir='ltr'><strong>dicitur</strong></span> <span class='ocrx_word' id='word_1_284' title='bbox 713 3390 755 3437; x_wconf 93' lang='lat' dir='ltr'><strong>pro</strong></span> <span class='ocrx_word' id='word_1_285' title='bbox 822 3372 965 3435; x_wconf 78' lang='lat' dir='ltr'><strong>Marcellos]</strong></span> <span class='ocrx_word' id='word_1_286' title='bbox 977 3373 1025 3420; x_wconf 86' lang='lat' dir='ltr'><strong>Hic</strong></span> <span class='ocrx_word' id='word_1_287' title='bbox 1030 3373 1101 3421; x_wconf 88' lang='lat' dir='ltr'><strong>homo</strong></span> <span class='ocrx_word' id='word_1_288' title='bbox 1107 3373 1217 3436; x_wconf 86' lang='lat' dir='ltr'><strong>eloquens</strong></span> <span class='ocrx_word' id='word_1_289' title='bbox 1223 3372 1307 3434; x_wconf 79' lang='lat' dir='ltr'><strong>magis,</strong></span> 
     </span>
     <span class='ocr_line' id='line_1_37' title="bbox 229 3436 1309 3502; baseline 0 -18"><span class='ocrx_word' id='word_1_290' title='bbox 229 3437 304 3496; x_wconf 76' lang='lat' dir='ltr'><strong>¹t&#39;erre,</strong></span> <span class='ocrx_word' id='word_1_291' title='bbox 312 3437 415 3498; x_wconf 83' lang='lat' dir='ltr'><strong>tolerare,</strong></span> <span class='ocrx_word' id='word_1_292' title='bbox 424 3438 518 3501; x_wconf 79' lang='lat' dir='ltr'><strong>perpeti.</strong></span> <span class='ocrx_word' id='word_1_293' title='bbox 547 3438 608 3486; x_wconf 87' lang='lat' dir='ltr'><strong>Mox</strong></span> <span class='ocrx_word' id='word_1_294' title='bbox 619 3438 656 3485; x_wconf 89' lang='lat' dir='ltr'><strong>ed.</strong></span> <span class='ocrx_word' id='word_1_295' title='bbox 667 3455 701 3501; x_wconf 88' lang='lat' dir='ltr'><strong>pr.</strong></span> <span class='ocrx_word' id='word_1_296' title='bbox 714 3453 754 3485; x_wconf 80' lang='lat' dir='ltr'><strong>ea·-</strong></span> <span class='ocrx_word' id='word_1_297' title='bbox 789 3454 861 3502; x_wconf 85' lang='lat' dir='ltr'><strong>quam</strong></span> <span class='ocrx_word' id='word_1_298' title='bbox 874 3438 964 3501; x_wconf 80' lang='lat' dir='ltr'><strong>sapiens</strong></span> <span class='ocrx_word' id='word_1_299' title='bbox 974 3447 1016 3486; x_wconf 88' lang='lat' dir='ltr'><strong>aut</strong></span> <span class='ocrx_word' id='word_1_300' title='bbox 1025 3439 1108 3496; x_wconf 90' lang='lat' dir='ltr'><strong>bonus,</strong></span> <span class='ocrx_word' id='word_1_301' title='bbox 1120 3452 1148 3483; x_wconf 84' lang='lat' dir='ltr'><strong>ea</strong></span> <span class='ocrx_word' id='word_1_302' title='bbox 1158 3436 1181 3483; x_wconf 85' lang='lat' dir='ltr'><strong>vi</strong></span> <span class='ocrx_word' id='word_1_303' title='bbox 1192 3445 1309 3484; x_wconf 83' lang='lat' dir='ltr'><strong>accusato·</strong></span> 
     </span>
     <span class='ocr_line' id='line_1_38' title="bbox 229 3500 1308 3566; baseline 0 -19"><span class='ocrx_word' id='word_1_304' title='bbox 229 3509 316 3564; x_wconf 72' lang='lat' dir='ltr'><strong>eepma</strong></span> <span class='ocrx_word' id='word_1_305' title='bbox 333 3509 374 3563; x_wconf 77' lang='lat' dir='ltr'><strong>eat,</strong></span> <span class='ocrx_word' id='word_1_306' title='bbox 396 3517 439 3566; x_wconf 85' lang='lat' dir='ltr'><strong>pro</strong></span> <span class='ocrx_word' id='word_1_307' title='bbox 455 3509 558 3550; x_wconf 70' lang='lat' dir='ltr'><strong>emortus.</strong></span> <span class='ocrx_word' id='word_1_308' title='bbox 585 3503 658 3552; x_wconf 76' lang='lat' dir='ltr'><strong>Ean.</strong></span> <span class='ocrx_word' id='word_1_309' title='bbox 690 3503 755 3551; x_wconf 85' lang='lat' dir='ltr'><strong>Bud.</strong></span> <span class='ocrx_word' id='word_1_310' title='bbox 788 3500 1188 3564; x_wconf 60' lang='lat' dir='ltr'><strong>resomuesrepmsdaautrejecitt</strong></span> <span class='ocrx_word' id='word_1_311' title='bbox 1205 3501 1308 3548; x_wconf 85' lang='lat' dir='ltr'><strong>etsimnl</strong></span> 
     </span>
     <span class='ocr_line' id='line_1_39' title="bbox 235 3563 1308 3631; baseline -0.002 -17"><span class='ocrx_word' id='word_1_312' title='bbox 235 3574 339 3615; x_wconf 74' lang='lat' dir='ltr'><strong>caerem.</strong></span> <span class='ocrx_word' id='word_1_313' title='bbox 790 3567 960 3631; x_wconf 81' lang='lat' dir='ltr'><strong>Vespasianum</strong></span> <span class='ocrx_word' id='word_1_314' title='bbox 978 3581 1035 3614; x_wconf 87' lang='lat' dir='ltr'><strong>mox</strong></span> <span class='ocrx_word' id='word_1_315' title='bbox 1055 3579 1125 3613; x_wconf 89' lang='lat' dir='ltr'><strong>suum</strong></span> <span class='ocrx_word' id='word_1_316' title='bbox 1143 3563 1202 3612; x_wconf 84' lang='lat' dir='ltr'><strong>fecit</strong></span> <span class='ocrx_word' id='word_1_317' title='bbox 1236 3564 1308 3624; x_wconf 89' lang='lat' dir='ltr'><strong>Quod</strong></span> 
     </span>
     <span class='ocr_line' id='line_1_40' title="bbox 229 3629 1309 3697; baseline -0.002 -19"><span class='ocrx_word' id='word_1_318' title='bbox 229 3661 234 3670; x_wconf 89' lang='lat'>·</span> <span class='ocrx_word' id='word_1_319' title='bbox 276 3633 401 3694; x_wconf 78' lang='lat' dir='ltr'><strong>Eaempla,</strong></span> <span class='ocrx_word' id='word_1_320' title='bbox 416 3645 485 3694; x_wconf 75' lang='lat' dir='ltr'><strong>quom</strong></span> <span class='ocrx_word' id='word_1_321' title='bbox 501 3632 589 3697; x_wconf 79' lang='lat' dir='ltr'><strong>mores]</strong></span> <span class='ocrx_word' id='word_1_322' title='bbox 618 3632 755 3695; x_wconf 81' lang='lat' dir='ltr'><strong>Ineptaeut</strong></span> <span class='ocrx_word' id='word_1_323' title='bbox 788 3631 851 3679; x_wconf 88' lang='lat' dir='ltr'><strong>idem</strong></span> <span class='ocrx_word' id='word_1_324' title='bbox 867 3632 893 3679; x_wconf 91' lang='lat' dir='ltr'><strong>iu</strong></span> <span class='ocrx_word' id='word_1_325' title='bbox 908 3631 978 3679; x_wconf 90' lang='lat' dir='ltr'><strong>Vibio</strong></span> <span class='ocrx_word' id='word_1_326' title='bbox 989 3630 1079 3693; x_wconf 85' lang='lat' dir='ltr'><strong>Crispo.</strong></span> <span class='ocrx_word' id='word_1_327' title='bbox 1112 3630 1204 3677; x_wconf 83' lang='lat' dir='ltr'><strong>Auctor</strong></span> <span class='ocrx_word' id='word_1_328' title='bbox 1213 3629 1309 3692; x_wconf 84' lang='lat' dir='ltr'><strong>Dialogi</strong></span> 
     </span>
     <span class='ocr_line' id='line_1_41' title="bbox 236 3695 1306 3760; baseline -0.002 -18"><span class='ocrx_word' id='word_1_329' title='bbox 236 3695 305 3742; x_wconf 82' lang='lat' dir='ltr'><strong>nilrili</strong></span> <span class='ocrx_word' id='word_1_330' title='bbox 320 3697 438 3743; x_wconf 82' lang='lat' dir='ltr'><strong>sententia.</strong></span> <span class='ocrx_word' id='word_1_331' title='bbox 470 3696 616 3760; x_wconf 86' lang='lat' dir='ltr'><strong>Rodolphus,</strong></span> <span class='ocrx_word' id='word_1_332' title='bbox 629 3711 699 3758; x_wconf 79' lang='lat' dir='ltr'><strong>quom</strong></span> <span class='ocrx_word' id='word_1_333' title='bbox 715 3697 755 3743; x_wconf 75' lang='lat' dir='ltr'><strong>lto-</strong></span> <span class='ocrx_word' id='word_1_334' title='bbox 788 3695 1306 3758; x_wconf 75' lang='lat' dir='ltr'><strong>deCaussiscorr.eloq.e.5.mperhacrea</strong></span> 
     </span>
     <span class='ocr_line' id='line_1_42' title="bbox 228 3760 1308 3825; baseline 0 -19"><span class='ocrx_word' id='word_1_335' title='bbox 228 3760 320 3806; x_wconf 79' lang='lat' dir='ltr'><strong>minet.</strong></span> <span class='ocrx_word' id='word_1_336' title='bbox 345 3760 520 3809; x_wconf 80' lang='lat' dir='ltr'><strong>Vissdverum</strong></span> <span class='ocrx_word' id='word_1_337' title='bbox 531 3761 603 3809; x_wconf 78' lang='lat' dir='ltr'><strong>duci?</strong></span> <span class='ocrx_word' id='word_1_338' title='bbox 619 3762 679 3822; x_wconf 86' lang='lat' dir='ltr'><strong>lege,</strong></span> <span class='ocrx_word' id='word_1_339' title='bbox 691 3775 755 3808; x_wconf 81' lang='lat' dir='ltr'><strong>ento·</strong></span> <span class='ocrx_word' id='word_1_340' title='bbox 792 3760 1308 3825; x_wconf 74' lang='lat' dir='ltr'><strong>QuidaliudinfmtiepotribmnuperEpri·</strong></span> 
     </span>
     <span class='ocr_line' id='line_1_43' title="bbox 238 3825 1309 3886; baseline -0.001 -14"><span class='ocrx_word' id='word_1_341' title='bbox 238 3839 293 3872; x_wconf 80' lang='lat' dir='ltr'><strong>rer:</strong></span> <span class='ocrx_word' id='word_1_342' title='bbox 310 3831 361 3870; x_wconf 88' lang='lat' dir='ltr'><strong>tum</strong></span> <span class='ocrx_word' id='word_1_343' title='bbox 372 3825 468 3872; x_wconf 77' lang='lat' dir='ltr'><strong>alteram</strong></span> <span class='ocrx_word' id='word_1_344' title='bbox 478 3826 578 3873; x_wconf 82' lang='lat' dir='ltr'><strong>litteram</strong></span> <span class='ocrx_word' id='word_1_345' title='bbox 588 3825 674 3884; x_wconf 86' lang='lat' dir='ltr'><strong>divide,</strong></span> <span class='ocrx_word' id='word_1_346' title='bbox 685 3825 756 3873; x_wconf 84' lang='lat' dir='ltr'><strong>habes</strong></span> <span class='ocrx_word' id='word_1_347' title='bbox 789 3841 819 3872; x_wconf 80' lang='lat' dir='ltr'><strong>ur</strong></span> <span class='ocrx_word' id='word_1_348' title='bbox 829 3827 969 3885; x_wconf 76' lang='lat' dir='ltr'><strong>Marcellae,</strong></span> <span class='ocrx_word' id='word_1_349' title='bbox 985 3839 1056 3886; x_wconf 73' lang='lat' dir='ltr'><strong>mmm</strong></span> <span class='ocrx_word' id='word_1_350' title='bbox 1070 3825 1224 3886; x_wconf 79' lang='lat' dir='ltr'><strong>eloquentiam</strong></span> <span class='ocrx_word' id='word_1_351' title='bbox 1239 3840 1309 3871; x_wconf 74' lang='lat' dir='ltr'><strong>taam</strong></span> 
     </span>
     <span class='ocr_line' id='line_1_44' title="bbox 237 3888 1309 3952; baseline 0 -17"><span class='ocrx_word' id='word_1_352' title='bbox 237 3895 361 3936; x_wconf 74' lang='lat' dir='ltr'><strong>numerere</strong></span> <span class='ocrx_word' id='word_1_353' title='bbox 378 3888 456 3947; x_wconf 80' lang='lat' dir='ltr'><strong>idest,</strong></span> <span class='ocrx_word' id='word_1_354' title='bbox 467 3905 516 3937; x_wconf 85' lang='lat' dir='ltr'><strong>rem</strong></span> <span class='ocrx_word' id='word_1_355' title='bbox 527 3890 695 3939; x_wconf 79' lang='lat' dir='ltr'><strong>etsementiam</strong></span> <span class='ocrx_word' id='word_1_356' title='bbox 706 3905 757 3937; x_wconf 83' lang='lat' dir='ltr'><strong>me·</strong></span> <span class='ocrx_word' id='word_1_357' title='bbox 790 3891 918 3952; x_wconf 74' lang='lat' dir='ltr'><strong>opposuiti</strong></span> <span class='ocrx_word' id='word_1_358' title='bbox 942 3905 996 3937; x_wconf 79' lang='lat' dir='ltr'><strong>eam</strong></span> <span class='ocrx_word' id='word_1_359' title='bbox 1007 3891 1125 3936; x_wconf 64' lang='lat' dir='ltr'><strong>mmmm</strong></span> <span class='ocrx_word' id='word_1_360' title='bbox 1139 3895 1162 3936; x_wconf 86' lang='lat' dir='ltr'><strong>et</strong></span> <span class='ocrx_word' id='word_1_361' title='bbox 1177 3890 1309 3937; x_wconf 72' lang='lat' dir='ltr'><strong>minaret-</strong></span> 
     </span>
     <span class='ocr_line' id='line_1_45' title="bbox 236 3952 1309 4030; baseline 0 -30"><span class='ocrx_word' id='word_1_362' title='bbox 236 3969 295 4001; x_wconf 83' lang='lat' dir='ltr'><strong>ram.</strong></span> <span class='ocrx_word' id='word_1_363' title='bbox 311 3952 664 4030; x_wconf 76' lang='lat' dir='ltr'><strong>Oquamleriasapeturbant!</strong></span> <span class='ocrx_word' id='word_1_364' title='bbox 681 3953 756 4001; x_wconf 79' lang='lat' dir='ltr'><strong>lura.</strong></span> <span class='ocrx_word' id='word_1_365' title='bbox 790 3962 877 4002; x_wconf 74' lang='lat' dir='ltr'><strong>renem</strong></span> <span class='ocrx_word' id='word_1_366' title='bbox 889 3955 991 4017; x_wconf 71' lang='lat' dir='ltr'><strong>quidem,</strong></span> <span class='ocrx_word' id='word_1_367' title='bbox 1007 3955 1046 4002; x_wconf 76' lang='lat' dir='ltr'><strong>red</strong></span> <span class='ocrx_word' id='word_1_368' title='bbox 1056 3955 1233 4002; x_wconf 73' lang='lat' dir='ltr'><strong>inexercitatam</strong></span> <span class='ocrx_word' id='word_1_369' title='bbox 1248 3957 1309 4017; x_wconf 78' lang='lat' dir='ltr'><strong>ejur-</strong></span> 
     </span>
     <span class='ocr_line' id='line_1_46' title="bbox 231 4017 1311 4081; baseline 0.001 -16"><span class='ocrx_word' id='word_1_370' title='bbox 231 4017 311 4078; x_wconf 76' lang='lat' dir='ltr'><strong>mihi,</strong></span> <span class='ocrx_word' id='word_1_371' title='bbox 327 4027 362 4066; x_wconf 88' lang='lat' dir='ltr'><strong>utr</strong></span> <span class='ocrx_word' id='word_1_372' title='bbox 373 4017 474 4081; x_wconf 82' lang='lat' dir='ltr'><strong>Ryclrio,</strong></span> <span class='ocrx_word' id='word_1_373' title='bbox 488 4017 608 4081; x_wconf 81' lang='lat' dir='ltr'><strong>vulgatum</strong></span> <span class='ocrx_word' id='word_1_374' title='bbox 625 4031 709 4066; x_wconf 81' lang='lat' dir='ltr'><strong>sanum</strong></span> <span class='ocrx_word' id='word_1_375' title='bbox 721 4019 756 4066; x_wconf 87' lang='lat' dir='ltr'><strong>vi-</strong></span> <span class='ocrx_word' id='word_1_376' title='bbox 791 4020 855 4066; x_wconf 72' lang='lat' dir='ltr'><strong>mocll</strong></span> <span class='ocrx_word' id='word_1_377' title='bbox 872 4021 1028 4066; x_wconf 73' lang='lat' dir='ltr'><strong>certaminum</strong></span> <span class='ocrx_word' id='word_1_378' title='bbox 1046 4025 1069 4066; x_wconf 84' lang='lat' dir='ltr'><strong>et</strong></span> <span class='ocrx_word' id='word_1_379' title='bbox 1086 4021 1176 4078; x_wconf 76' lang='lat' dir='ltr'><strong>rudera,</strong></span> <span class='ocrx_word' id='word_1_380' title='bbox 1197 4019 1311 4067; x_wconf 73' lang='lat' dir='ltr'><strong>Helvidii.</strong></span> 
     </span>
     <span class='ocr_line' id='line_1_47' title="bbox 231 4080 1308 4146; baseline -0.001 -16"><span class='ocrx_word' id='word_1_381' title='bbox 231 4081 311 4130; x_wconf 80' lang='lat' dir='ltr'><strong>detur.</strong></span> <span class='ocrx_word' id='word_1_382' title='bbox 344 4083 466 4131; x_wconf 83' lang='lat' dir='ltr'><strong>Malorum</strong></span> <span class='ocrx_word' id='word_1_383' title='bbox 483 4083 643 4146; x_wconf 82' lang='lat' dir='ltr'><strong>exemplorum</strong></span> <span class='ocrx_word' id='word_1_384' title='bbox 658 4084 702 4143; x_wconf 85' lang='lat' dir='ltr'><strong>ris,</strong></span> <span class='ocrx_word' id='word_1_385' title='bbox 718 4083 755 4130; x_wconf 91' lang='lat' dir='ltr'><strong>in·</strong></span> <span class='ocrx_word' id='word_1_386' title='bbox 790 4086 931 4146; x_wconf 71' lang='lat' dir='ltr'><strong>sapientiam</strong></span> <span class='ocrx_word' id='word_1_387' title='bbox 952 4085 1030 4131; x_wconf 74' lang='lat' dir='ltr'><strong>elmlt.</strong></span> <span class='ocrx_word' id='word_1_388' title='bbox 1063 4082 1121 4131; x_wconf 86' lang='lat' dir='ltr'><strong>Jam</strong></span> <span class='ocrx_word' id='word_1_389' title='bbox 1140 4091 1164 4130; x_wconf 86' lang='lat' dir='ltr'><strong>et</strong></span> <span class='ocrx_word' id='word_1_390' title='bbox 1184 4082 1214 4129; x_wconf 87' lang='lat' dir='ltr'><strong>de</strong></span> <span class='ocrx_word' id='word_1_391' title='bbox 1234 4080 1308 4143; x_wconf 81' lang='lat' dir='ltr'><strong>gratia</strong></span> 
     </span>
     <span class='ocr_line' id='line_1_48' title="bbox 232 4144 1309 4212; baseline -0.002 -19"><span class='ocrx_word' id='word_1_392' title='bbox 232 4147 298 4210; x_wconf 89' lang='lat' dir='ltr'><strong>quit,</strong></span> <span class='ocrx_word' id='word_1_393' title='bbox 312 4147 405 4210; x_wconf 80' lang='lat' dir='ltr'><strong>longius</strong></span> <span class='ocrx_word' id='word_1_394' title='bbox 420 4147 497 4204; x_wconf 85' lang='lat' dir='ltr'><strong>durat,</strong></span> <span class='ocrx_word' id='word_1_395' title='bbox 511 4147 669 4211; x_wconf 84' lang='lat' dir='ltr'><strong>quam&#39;rirtus</strong></span> <span class='ocrx_word' id='word_1_396' title='bbox 684 4150 756 4196; x_wconf 92' lang='lat' dir='ltr'><strong>bono·</strong></span> <span class='ocrx_word' id='word_1_397' title='bbox 790 4148 854 4211; x_wconf 83' lang='lat' dir='ltr'><strong>apud</strong></span> <span class='ocrx_word' id='word_1_398' title='bbox 865 4147 1006 4212; x_wconf 85' lang='lat' dir='ltr'><strong>Principem,</strong></span> <span class='ocrx_word' id='word_1_399' title='bbox 1022 4147 1108 4197; x_wconf 87' lang='lat' dir='ltr'><strong>ibidem</strong></span> <span class='ocrx_word' id='word_1_400' title='bbox 1123 4148 1152 4195; x_wconf 89' lang='lat' dir='ltr'><strong>de</strong></span> <span class='ocrx_word' id='word_1_401' title='bbox 1161 4146 1207 4193; x_wconf 84' lang='lat' dir='ltr'><strong>illis</strong></span> <span class='ocrx_word' id='word_1_402' title='bbox 1217 4144 1309 4192; x_wconf 86' lang='lat' dir='ltr'><strong>duobus</strong></span> 
     </span>
     <span class='ocr_line' id='line_1_49' title="bbox 236 4210 1308 4277; baseline -0.004 -19"><span class='ocrx_word' id='word_1_403' title='bbox 236 4225 291 4258; x_wconf 89' lang='lat' dir='ltr'><strong>rurn</strong></span> <span class='ocrx_word' id='word_1_404' title='bbox 299 4211 442 4275; x_wconf 86' lang='lat' dir='ltr'><strong>Principum.</strong></span> <span class='ocrx_word' id='word_1_405' title='bbox 475 4210 755 4276; x_wconf 81' lang='lat' dir='ltr'><strong>MoxMS.Agr.ed.pr.</strong></span> <span class='ocrx_word' id='word_1_406' title='bbox 789 4227 811 4260; x_wconf 86' lang='lat' dir='ltr'><strong>c.</strong></span> <span class='ocrx_word' id='word_1_407' title='bbox 831 4214 854 4260; x_wconf 88' lang='lat'><strong>8.</strong></span> <span class='ocrx_word' id='word_1_408' title='bbox 888 4215 982 4261; x_wconf 77' lang='lat' dir='ltr'><strong>Multos</strong></span> <span class='ocrx_word' id='word_1_409' title='bbox 1000 4217 1055 4277; x_wconf 70' lang='lat' dir='ltr'><strong>J‘mn</strong></span> <span class='ocrx_word' id='word_1_410' title='bbox 1076 4223 1217 4270; x_wconf 80' lang='lat' dir='ltr'><strong>eanos,...ae</strong></span> <span class='ocrx_word' id='word_1_411' title='bbox 1238 4210 1308 4255; x_wconf 80' lang='lat' dir='ltr'><strong>donee</strong></span> 
     </span>
     <span class='ocr_line' id='line_1_50' title="bbox 238 4274 1307 4341; baseline 0.002 -20"><span class='ocrx_word' id='word_1_412' title='bbox 238 4277 398 4336; x_wconf 70' lang='lat' dir='ltr'><strong>elongarentur.</strong></span> <span class='ocrx_word' id='word_1_413' title='bbox 432 4275 563 4339; x_wconf 79' lang='lat' dir='ltr'><strong>vulgatum</strong></span> <span class='ocrx_word' id='word_1_414' title='bbox 583 4277 667 4325; x_wconf 86' lang='lat' dir='ltr'><strong>melius</strong></span> <span class='ocrx_word' id='word_1_415' title='bbox 688 4285 756 4339; x_wconf 87' lang='lat' dir='ltr'><strong>puto.</strong></span> <span class='ocrx_word' id='word_1_416' title='bbox 791 4278 998 4340; x_wconf 65' lang='lat' dir='ltr'><strong>luetaprtectpce</strong></span> <span class='ocrx_word' id='word_1_417' title='bbox 1006 4274 1307 4341; x_wconf 64' lang='lat' dir='ltr'><strong>sommncprmctpesin</strong></span> 
     </span>
     <span class='ocr_line' id='line_1_51' title="bbox 238 4339 1308 4406; baseline 0 -20"><span class='ocrx_word' id='word_1_418' title='bbox 238 4339 310 4387; x_wconf 77' lang='lat' dir='ltr'><strong>Eun.</strong></span> <span class='ocrx_word' id='word_1_419' title='bbox 344 4341 461 4389; x_wconf 78' lang='lat' dir='ltr'><strong>Homines</strong></span> <span class='ocrx_word' id='word_1_420' title='bbox 481 4342 506 4396; x_wconf 88' lang='lat' dir='ltr'><strong>in</strong></span> <span class='ocrx_word' id='word_1_421' title='bbox 522 4341 572 4390; x_wconf 77' lang='lat' dir='ltr'><strong>sod</strong></span> <span class='ocrx_word' id='word_1_422' title='bbox 584 4343 644 4404; x_wconf 82' lang='lat' dir='ltr'><strong>Agr.</strong></span> <span class='ocrx_word' id='word_1_423' title='bbox 656 4355 703 4389; x_wconf 90' lang='lat' dir='ltr'><strong>non</strong></span> <span class='ocrx_word' id='word_1_424' title='bbox 721 4349 755 4390; x_wconf 83' lang='lat' dir='ltr'><strong>eet</strong></span> <span class='ocrx_word' id='word_1_425' title='bbox 793 4341 1308 4406; x_wconf 71' lang='lat' dir='ltr'><strong>Coesoriramleltr‘o,agmrtfiraatquecun·</strong></span> 
     </span>
     <span class='ocr_line' id='line_1_52' title="bbox 232 4403 929 4469; baseline 0.003 -19"><span class='ocrx_word' id='word_1_426' title='bbox 232 4403 284 4452; x_wconf 83' lang='lat' dir='ltr'><strong>nisi</strong></span> <span class='ocrx_word' id='word_1_427' title='bbox 300 4420 315 4452; x_wconf 84' lang='lat' dir='ltr'><strong>a</strong></span> <span class='ocrx_word' id='word_1_428' title='bbox 330 4405 354 4452; x_wconf 79' lang='lat'><strong>2.</strong></span> <span class='ocrx_word' id='word_1_429' title='bbox 366 4419 398 4454; x_wconf 88' lang='lat' dir='ltr'><strong>m.</strong></span> <span class='ocrx_word' id='word_1_430' title='bbox 409 4406 474 4469; x_wconf 86' lang='lat' dir='ltr'><strong>prius</strong></span> <span class='ocrx_word' id='word_1_431' title='bbox 485 4405 575 4454; x_wconf 82' lang='lat' dir='ltr'><strong>videtm</strong></span> <span class='ocrx_word' id='word_1_432' title='bbox 585 4406 656 4454; x_wconf 85' lang='lat' dir='ltr'><strong>fuisso</strong></span> <span class='ocrx_word' id='word_1_433' title='bbox 670 4422 752 4455; x_wconf 84' lang='lat' dir='ltr'><strong>morer.</strong></span> <span class='ocrx_word' id='word_1_434' title='bbox 793 4413 837 4455; x_wconf 83' lang='lat' dir='ltr'><strong>cta.</strong></span> <span class='ocrx_word' id='word_1_435' title='bbox 854 4407 929 4456; x_wconf 79' lang='lat' dir='ltr'><strong>lars.</strong></span> 
     </span>
     <span class='ocr_line' id='line_1_53' title="bbox 236 4467 680 4532; baseline 0 -15"><span class='ocrx_word' id='word_1_436' title='bbox 236 4467 305 4518; x_wconf 27' lang='lat' dir='ltr'><strong>*uua</strong></span> <span class='ocrx_word' id='word_1_437' title='bbox 316 4485 407 4517; x_wconf 83' lang='lat' dir='ltr'><strong>morer.-</strong></span> <span class='ocrx_word' id='word_1_438' title='bbox 426 4478 448 4518; x_wconf 84' lang='lat' dir='ltr'><strong>el</strong></span> <span class='ocrx_word' id='word_1_439' title='bbox 458 4486 514 4520; x_wconf 89' lang='lat' dir='ltr'><strong>mox</strong></span> <span class='ocrx_word' id='word_1_440' title='bbox 524 4473 680 4532; x_wconf 74' lang='lat' dir='ltr'><strong>emergalmm.</strong></span> 
     </span>
    </p>
   </div>
   <div class='ocr_carea' id='block_1_5' title="bbox 0 0 1539 4975">
    <p class='ocr_par' dir='ltr' id='par_1_6' title="bbox 0 0 1539 4975">
     <span class='ocr_line' id='line_1_54' title="bbox 0 0 1539 4975; baseline 0 0"><span class='ocrx_word' id='word_1_441' title='bbox 0 0 1539 4975; x_wconf 95' lang='lat' dir='ltr'><strong> </strong></span> 
     </span>
    </p>
   </div>
  </div>
 </body>
</html>
