3059 4975
257 312 286 352 ι.
301 310 328 350 0.
343 291 407 366 m]
631 288 706 349 un.
726 288 767 347 11.
788 288 874 349 cer.
895 288 942 352 77.
1261 294 1317 352 reo

259 458 317 521 Au
330 453 446 520 excidit
457 452 629 518 trucidatus
637 449 799 517 Corbulo?
862 450 1003 519 eudidim
1012 451 1141 549 origine,
1173 471 1249 517 uam
1261 474 1320 519 uon

260 564 379 619 sumus,
403 540 519 605 fateor:
545 538 600 603 red
620 549 653 601 et
672 539 768 617 Nero,
793 560 836 602 no
858 537 953 605 ''tete
975 538 1135 617 natabum,
1187 537 1320 603 itellium

259 628 404 693 anteibat.
442 626 523 691 Setis
543 625 645 690 clarus
665 637 712 687 est
731 624 818 717 apud
837 624 1007 701 timentem,
1025 622 1167 710 quinquie
1181 623 1319 691 timetur.

259 716 305 779 Et
318 736 408 804 posse
420 713 462 776 ab
475 710 613 776 exercitu
628 710 732 773 Priuci
772 732 805 773 m
818 708 896 787 fieri,
914 708 973 773 sibi
986 708 1052 795 ipse
1066 708 1209 775 Vitellius
1222 709 1322 775 docu-

259 811 383 873 mento3
405 796 501 862 nullis
514 794 685 883 stipendiis,
696 818 719 858 n
797 794 921 859 militaui
934 796 1028 874 faura,
1041 794 1153 860 Galba
1166 794 1240 862 odio
1248 818 1321 882 pro·

257 898 376 950 vectus.
411 886 480 949 Nec
500 883 657 948 Othonem
674 880 803 967 quidem
820 881 920 945 Ducis
936 893 1012 959 erte,
1031 894 1087 945 aut
1105 880 1260 946 exercitus
1276 882 1319 961 vi,

259 970 314 1034 sed
326 990 526 1056 praepropera
538 967 636 1055 ipsius
646 965 859 1052 desperatione
868 966 998 1045 motum,
1008 966 1076 1053 jam
1085 966 1322 1033 desiderabilem

259 1069 292 1120 et
304 1077 455 1141 magnum
472 1052 649 1140 Principem
665 1051 747 1115 fecit.
790 1055 874 1117 Cum
892 1051 1016 1116 interim
1035 1051 1154 1139 spargit
1173 1051 1322 1140 legiones,

259 1153 400 1205 exarmet
420 1140 571 1238 cohortes,
593 1161 675 1235 nova
686 1136 936 1236 ‘quotidiebello
947 1137 1075 1236 ‘semina
1094 1138 1264 1237 ministrat:
1295 1139 1323 1204 ei

259 1226 465 1399 illidii?
475 1222 1324 1406 titttllfftltltltttltltdtltlltt

259 1400 405 1485 AEgypto
424 1419 537 1462 novem
557 1395 693 1481 legiones
712 1396 852 1483 integrae,
874 1395 961 1461 nulla
980 1395 1046 1459 acie
1065 1394 1237 1472 exhaustae,
1258 1418 1323 1461 nou

259 1483 412 1547 discordia
424 1496 603 1569 conruptae:
626 1480 682 1545 sed
691 1481 840 1546 ‘firmatus
859 1504 920 1561 usu
940 1480 1038 1559 miles,
1054 1494 1086 1546 et
1098 1480 1172 1545 belli
1187 1480 1323 1547 domitor

260 1568 397 1633 externi:
427 1567 581 1646 classium,
610 1566 741 1644 alarum,
770 1567 945 1631 cohortium
966 1568 1096 1642 robora;
1128 1581 1160 1630 et
1181 1565 1323 1633 fidissimi

374 1678 382 1718 ε
405 1668 437 1717 et
452 1667 507 1717 tua
519 1666 591 1718 ante
603 1674 711 1717 omnes
724 1676 764 1717 ex
788 1652 923 1717 erientia.

335 1740 492 1805 XXVII.
515 1739 643 1804 “Nobis
655 1738 734 1803 nihil
779 1752 827 1803 tra
837 1738 1006 1825 adrogabo,
1019 1759 1164 1823 quamne
1175 1752 1246 1824 post
1256 1738 1323 1805 Va-

259 1824 375 1890 lentem
382 1848 419 1889 ac
428 1823 585 1889 Caecinam
595 1846 803 1888 numeremur.
835 1826 885 1889 Ne
894 1837 996 1889 tamen
1006 1824 1193 1888 Mucianum
1204 1823 1323 1889 socium

262 1910 423 1997 spreveris,
461 1910 515 1973 uia
527 1908 676 1972 aemulum
689 1930 752 1972 non
766 1932 807 1973 ex
847 1909 934 1973 riris:
955 1932 1005 1973 me
1014 1908 1143 1973 Vitellio
1157 1920 1323 1997 antepono,

262 2010 293 2059 te
307 1996 394 2060 mibl.
436 1933 520 2058 lluae
533 1993 640 2059 domui
655 1994 814 2080 triumphe
826 2019 842 2058 e
857 2016 980 2072 nomen,
995 1994 1059 2056 duo
1068 1994 1210 2078 juvenes,
1224 2018 1324 2093 capax

256 2083 325 2167 jam
345 2080 472 2167 Imperii
491 2078 578 2156 alter,
597 2092 629 2142 et
648 2079 757 2165 primis
779 2080 896 2143 militiae
914 2079 1002 2143 annis
1020 2078 1107 2164 apud
1121 2079 1325 2146 Germamcoe

262 2190 389 2253 quoque
401 2166 560 2231 exercitus.
568 2164 680 2228 clarus.
722 2165 908 2230 Absurdum
928 2163 1033 2241 fuerit,
1054 2186 1117 2227 non
1135 2165 1243 2229 cedere
1259 2167 1325 2231 Im-

262 2252 348 2339 perio
369 2252 408 2330 ei,
427 2252 521 2339 cujus
538 2249 637 2315 filium
656 2249 863 2337 adoptaturus
882 2273 990 2329 essem,
1010 2248 1036 2313 si
1049 2248 1115 2335 ipse
1129 2250 1324 2337 imperarem.

263 2341 412 2403 Ceterum
425 2336 506 2401 inter
522 2359 579 2401 noe
596 2358 659 2399 non
675 2334 758 2400 idem
771 2358 989 2433 prosperarum
1003 2335 1264 2423 adversarumque
1278 2361 1325 2401 re-

262 2448 333 2489 rum
348 2424 426 2487 ordo
442 2422 510 2486 erit.
551 2424 646 2502 Nam,
665 2422 693 2485 si
709 2422 872 2502 mucimus,
894 2422 1054 2501 honorem,
1075 2443 1170 2509 quem
1191 2422 1324 2504 d'ederis,

261 2510 401 2576 habebo:
424 2508 588 2574 discrimen
602 2531 638 2572 ac
651 2507 789 2594 pericula
806 2532 847 2574 ex
863 2532 955 2594 aequo
971 2509 1143 2595 patiemur:
1166 2507 1272 2589 immo,
1287 2525 1326 2577 ut

262 2596 373 2661 melius
386 2608 443 2673 est,
458 2609 495 2658 tu
508 2594 566 2659 hoe
579 2593 733 2659 exercitus
747 2616 839 2680 rege;
863 2594 941 2658 mihi
958 2593 1075 2660 bellum
1094 2607 1127 2658 et
1145 2593 1325 2680 proeliorum

261 2682 377 2753 incerta
390 2680 488 2746 trade.
525 2681 655 2745 Acriore
672 2680 767 2744 bodie
787 2679 949 2768 disciplina
971 2680 1055 2760 victi,
1077 2702 1174 2768 quam
1192 2681 1325 2746 victores

262 2949 366 2999 modesta
378 2958 444 2999 atate
458 2949 519 2998 nibil
529 2950 669 3012 juveniliter,
685 2960 727 3000 ant
737 2967 779 2999 cu-
811 2959 845 2998 est
859 2961 1032 3014 argumentum,
1044 2951 1167 3000 melfium
1178 2967 1226 3002 esse
1236 2954 1326 3004 bonum

262 3015 316 3128 ffle
334 3023 404 3090 atque
421 3015 541 3127 agibitiose
559 3016 659 3128 visurlpei
654 3015 683 3064 iri
691 3031 778 3129 bagheege}
808 3015 910 3128 Rpoem,
931 3015 1129 3128 euvt'teil'liifflnos
1145 3015 1216 3126 {ortes
1232 3018 1325 3092 milites.

262 3089 779 3208 Anffifleleiffllipel'len.
809 3088 989 3208 obbas.
1007 3153 1030 3193 a
1045 3089 1326 3210 ratitum

262 3207 366 3256 aaut?
383 3207 451 3254 Abiit
463 3209 514 3268 jam
529 3215 630 3270 tempus,
646 3224 688 3257 nec
700 3211 725 3256 in
737 3219 780 3260 tue
808 3209 878 3258 fuisse
888 3209 999 3258 adeatur.
1022 3209 1087 3256 Ante
1098 3208 1175 3256 Rhen.
1186 3210 1325 3262 maritione

263 3287 335 3320 manu
346 3279 390 3330 est,
401 3271 546 3320 dissimulare
556 3281 680 3336 auttegere
690 3274 780 3338 capidi·
809 3277 980 3322 eaerdtuseat.
997 3274 1069 3323 Eure.
1093 3273 1236 3323 SicetBud.
1263 3275 1327 3323 Scite

262 3351 316 3385 nun
327 3337 430 3400 Imperii.
463 3337 521 3384 Jam
537 3336 638 3387 innotuit
651 3338 733 3386 multis
748 3338 779 3386 si-
809 3338 1062 3387 emendetioRheneni.
1080 3337 1137 3386 Cod.
1146 3339 1205 3402 Agr.
1218 3355 1259 3386 aec
1269 3340 1325 3388 Ota.

262 3400 780 3516 ahtau-‘autumamus
809 3402 1175 3516 lustramina·
1191 3403 1327 3517 aaut

262 3481 402 3593 oonoepbpieri
418 3531 678 3606 ed.pr.ooncupircere.
711 3531 780 3580 Cete-
809 3535 893 3580 amab.
1163 3499 1169 3513 ·

263 3609 316 3643 rum
329 3596 391 3659 prior
408 3594 485 3659 Lipui
498 3595 655 3658 interpretatio
669 3611 723 3644 vera
737 3606 778 3644 eet.
841 3597 879 3644 Ac
885 3597 1031 3658 pertrahite
1037 3611 1102 3658 oeqao
1107 3594 1241 3658 potiemur]
1252 3597 1328 3648 Pert-

263 3659 319 3706 Non
342 3660 447 3709 videbere
467 3660 592 3724 cupiditate
610 3659 689 3724 aliqua
706 3660 780 3712 elatus
809 3660 1042 3712 rememorentur
1053 3661 1119 3708 Pich.
1130 3677 1171 3726 pro
1182 3664 1325 3724 mearam

263 3723 392 3786 Imperium
403 3734 518 3789 appetere,
528 3724 780 3788 uteonominerepre.
809 3725 848 3774 Sic
866 3733 889 3773 et
906 3725 941 3774 ed.
961 3740 996 3788 pr.
1019 3729 1146 3781 Potlemar
1165 3727 1230 3775 Flor.
1247 3727 1328 3777 Guuf.

261 3787 332 3835 hendi
342 3788 422 3850 possis,
434 3789 475 3836 sed
484 3789 617 3838 necessitate
626 3789 721 3854 publice
729 3789 779 3854 pri-
810 3789 886 3849 (Bud.
892 3790 952 3855 Agr.
961 3789 1022 3854 Reg.
1036 3789 1111 3852 hall.)
1121 3791 1174 3838 edd.
1183 3808 1220 3855 pr.
1234 3791 1326 3848 Puteal.

260 3861 468 3915 votaquecoactua
490 3853 562 3904 Erre.
808 3853 879 3918 idque
894 3857 953 3904 bene
971 3855 1104 3904 restitutum
1123 3871 1138 3904 a
1155 3856 1182 3904 J.
1200 3855 1326 3908 monerio.

294 3920 463 3965 Documentce
516 3919 555 3967 Sic
565 3918 617 3968 edd.
628 3933 714 3968 omnes.
742 3918 779 3968 At
808 3919 839 3968 In
851 3919 961 3970 Beroaldi
974 3919 1011 3967 ed.
1025 3919 1115 3984 irrepsit
1125 3923 1271 3984 partiemur,
1283 3923 1328 3971 du·

262 3981 396 4030 ertal'lor.
409 3981 482 4047 (Eud.
507 3983 710 4033 etGuelfiebestr
727 3999 779 4031 me·
808 3983 882 4045 blum,
899 3999 929 4034 an
943 3985 1210 4038 deconsilioBeroaldir
1227 3987 1283 4035 inde
1297 3987 1349 4050 ad¹

260 4046 353 4112 liusque
376 4048 449 4094 abeat.
481 4047 566 4111 Itaque
583 4047 665 4096 delevi.
705 4049 777 4098 Eunt.
808 4063 888 4098 omnes
903 4049 954 4098 edd.
969 4058 1131 4114 propagamur.
1161 4051 1268 4100 Pericula
1281 4066 1327 4100 non

264 4111 341 4160 Rhea.
358 4118 441 4160 servat.
807 4113 922 4177 partimur
932 4129 961 4162 ex
974 4129 1049 4178 equo,
1064 4116 1104 4164 sed
1118 4115 1232 4167 subimus.
1254 4115 1327 4172 Eure,

295 4177 336 4224 Ne
345 4178 460 4224 Othonem
471 4177 565 4238 quidam
575 4177 653 4227 Daca
664 4183 723 4237 arte,
735 4186 778 4227 aar
809 4179 1017 4242 Budpericulam.
1027 4179 1086 4244 Agr.
1089 4182 1204 4244 pericula.
1213 4179 1268 4241 Bip.
1275 4194 1328 4226 rur·

261 4243 377 4315 creatae
387 4243 479 4307 abed]
491 4240 779 4294 Bredmmmsententia-
809 4257 881 4292 susre
912 4253 972 4299 nunt
978 4247 1124 4308 partiemur,
1133 4259 1176 4292 nec
1184 4244 1290 4302 dubium,
1297 4242 1328 4290 li-

259 4319 327 4416 ,iffi
337 4319 362 4416 ip
380 4315 469 4380 areum
475 4306 735 4432 11οἱοιιιοξξέςιειι(Ιιιιιιίἓῖ,
728 4316 781 4420 stui
809 4261 1196 4424 οειεᾱὲιὶξειεῖῑιιαὲιιὶνὶὸζέηὲηῑὶἑιί
1215 4316 1241 4355 ut
1257 4321 1328 4355 carae

285 4385 302 4417 u
359 4384 514 4420 orreretur
588 4387 657 4420 onem
751 4389 769 4420 u
810 4389 856 4422 an
916 4391 937 4423 v.
1035 4406 1042 4420 .
1119 4389 1160 4422 os
1205 4385 1327 4430 musenius

260 4448 307 4482 non
317 4434 467 4497 grammatice
474 4444 560 4486 struma
570 4438 607 4484 sit
636 4436 721 4485 lusum
731 4437 779 4485 duo
809 4389 920 4488 oddicum.
982 4407 990 4436 ’

260 4507 411 4570 argumenta:
431 4498 542 4562 primum,
560 4502 633 4550 victur
650 4502 714 4551 Otho
731 4516 778 4549 non
