3059 4975
121 4314 123 4319 Ι
224 4333 369 4392 junctionem
385 4346 429 4396 qne
444 4333 503 4380 bene
517 4331 603 4379 delerit
615 4331 744 4381 Rhenanus
777 4344 837 4382 sum.
856 4333 927 4380 Eun.

257 306 314 366 ror
639 300 944 365 msronlnnun
1147 306 1319 386 [nnana

252 466 432 569 mircho:
450 464 633 561 iuliterumr
654 466 732 532 Rex'
749 467 945 556 Epiphtnm,
966 468 1089 559 inpigre
1110 470 1169 561 pro
1190 470 1319 540 Othona

359 575 392 618 m
405 576 497 619 ciens.

250 574 430 705 Puiiniivl.
454 642 543 707 Tum
557 637 754 706 Othonianus
773 638 871 727 pedes¹
889 640 1010 729 erupit:
1033 644 1166 731 protrito
1179 644 1315 711 bostium

251 727 327 805 acie,
348 727 429 791 versi
450 726 483 789 in
504 728 624 813 fugam,
648 727 741 791 etiam
762 727 818 813 qui
840 727 1080 794 subveniebant:
1103 752 1176 795 nam
1192 733 1316 811 Caecina

249 834 315 876 non
328 812 421 876 simul
434 812 585 889 cohortes,
600 812 655 876 sed
669 811 806 898 singulas
820 814 988 880 acciverat:
1011 837 1083 902 quae
1096 840 1145 881 res
1159 816 1192 879 in
1205 817 1314 905 proelio

250 898 488 987 trepidationem
514 898 615 976 auxit,
644 920 717 963 cum
741 898 905 985 dispersos,
936 924 992 965 nec
1022 914 1155 988 usquam
1183 903 1313 983 validos,

249 1006 348 1071 pavor
361 982 549 1071 fugientium
562 978 727 1071 abriperet.
765 986 847 1049 Orta
866 997 897 1050 et
916 987 1076 1052 incastris
1091 988 1210 1066 seditio,
1226 990 1313 1075 quod

248 1090 313 1134 non
326 1070 462 1134 universi
476 1070 680 1135 ducerentur:
696 1070 819 1134 vinctus
831 1072 1003 1141 Praefectus
1013 1085 1194 1153 castrorum,
1206 1075 1312 1141 Julius

247 1156 382 1234 Gratus,
406 1163 596 1242 “tamquam
617 1155 717 1236 fratri,
738 1156 826 1243 apud
849 1158 1008 1223 Othonem
1031 1160 1187 1239 militanti,
1208 1156 1312 1247 prodi-

247 1242 363 1307 tionem
436 1244 521 1306 ret:''
542 1263 615 1305 cum
628 1242 756 1307 fratrem
771 1242 849 1329 ejuS,
873 1244 896 1306 J
898 1244 997 1309 ulium
1018 1245 1218 1324 Frontonem,
1240 1242 1312 1324 Tri.

246 1325 380 1407 bunum,
443 1327 569 1393 honinni
588 1326 650 1391 sub
666 1328 776 1393 eodem
800 1329 926 1393 crimine
939 1330 1125 1403 ,vinxissent
1163 1327 1310 1397 Ceterum

245 1411 284 1477 'ea
296 1414 352 1477 ubi
375 1434 415 1477 ne
428 1412 563 1478 formido
581 1414 644 1479 fnit
663 1414 750 1501 apud
768 1414 935 1501 fugientes
955 1430 1160 1495 mcnrsantes,
1182 1418 1216 1481 in
1235 1418 1309 1497 acie,

245 1517 305 1585 pro
315 1437 407 1577 viiio,
416 1510 454 1561 ut
470 1506 492 1538 “
502 1496 599 1564 deleri
608 1508 680 1571 cum
692 1500 836 1565 universo
847 1502 983 1567 exercitu
994 1500 1150 1569 Caecinam
1161 1504 1308 1601 potuisse,

243 1584 278 1647 ni
293 1585 463 1649 Suetonius
476 1584 639 1649 Pauiiinus
653 1586 791 1673 receptui
805 1588 991 1665 cecinisset,'’
1013 1591 1154 1675 utrisque
1167 1612 1199 1651 rn
1213 1590 1309 1675 parti-

244 1669 305 1733 bus
326 1668 545 1756 percrebuerit.
581 1672 770 1735 “Timuisse
792 1670 853 1750 se,''
875 1668 1039 1738 Paullinus
1055 1674 1184 1753 ferebat,
1209 1682 1308 1739 “tarr-

242 1766 313 1820 tum
326 1758 454 1844 insuper
466 1755 580 1821 laboris
593 1779 629 1821 ac
643 1758 769 1835 itineris,
789 1780 828 1821 ne
843 1752 1031 1823 Vitellianus
1049 1760 1148 1836 miles,
1167 1780 1273 1824 recens
1290 1784 1308 1825 e

238 1843 360 1921 castris,
377 1845 474 1907 fessos
492 1842 725 1929 adgrederemr,
740 1856 781 1908 et
797 1844 945 1929 perculsis
965 1846 1086 1921 nullum
1106 1856 1190 1909 retro
1209 1847 1308 1911 subsi—

223 1928 331 1993 -dium
345 1930 424 1994 soret
434 1930 462 1992 :”
484 1929 570 2015 apud
590 1952 705 2016 paucos
721 1954 759 1995 ea
773 1929 875 1994 Ducis
888 1930 967 1994 ratio
982 1930 1125 2018 probata,
1145 1932 1177 1994 in
1192 1931 1307 2019 vulgus

241 2014 372 2079 adverso
384 2037 509 2084 rumore
522 2014 593 2079 fuit.
946 2070 948 2076 .
1106 2075 1108 2079 .
1260 2074 1262 2081 .

242 2090 250 2113 ¹
286 2102 435 2167 XXVII.
460 2102 560 2165 Haud
580 2100 709 2186 perinde
728 2100 761 2163 id
777 2100 928 2165 damnum
943 2097 1124 2167 Vitellianos
1137 2102 1171 2166 in
1185 2116 1304 2171 metum

241 2185 403 2287 compulit,
427 2208 523 2275 quam
545 2184 586 2249 ad
608 2186 789 2249 modestiam
810 2188 1000 2273 composuit:
1024 2210 1080 2251 nec
1101 2188 1200 2251 solum
1218 2190 1305 2287 apud

241 2272 409 2351 Caecinam,
435 2271 492 2359 qui
513 2270 637 2357 cuipam
661 2272 723 2333 “in
741 2270 872 2335 militem
881 2274 897 2299 ’'
918 2272 1103 2352 conserebat,
1127 2274 1305 2339 “seditloni
1357 2350 1361 2355 λ

239 2356 339 2445 inagis
353 2381 449 2445 quam
488 2356 576 2421 roelio
594 2368 738 2443 paratum
749 2358 791 2432 ;”'
803 2357 894 2423 Fabii
908 2382 1036 2446 quoque
1050 2358 1192 2425 Valentis
1206 2361 1304 2449 copiae

239 2444 256 2527 (
259 2445 327 2532 jam
348 2443 429 2509 enim
479 2442 596 2508 icinum
617 2446 758 2529 venerat)
781 2444 883 2530 posito
903 2444 1040 2511 hostiurn
1059 2452 1303 2532 contemptu,et

239 2525 443 2621 recuperandi
466 2530 585 2594 decoris
605 2528 762 2616 cupidine,
785 2531 974 2610 reverentius
995 2545 1027 2596 et
1047 2532 1198 2620 aequalius
1217 2533 1303 2598 Duc'i

270 2717 325 2764 Iter
332 2717 480 2780 Epiphanes]
491 2716 567 2765 Filius
575 2714 694 2774 Antiochi,
704 2715 752 2763 Re-
821 2719 924 2764 Tantum
935 2719 1033 2779 insuper
1044 2717 1141 2781 labor-tr]
1157 2718 1257 2766 Videtur
1267 2719 1301 2768 le·

236 2780 273 2844 gir
284 2780 444 2844 Commageni,
456 2783 523 2844 cujus
532 2782 557 2828 in
568 2784 636 2829 rebus
644 2779 754 2843 Vespasi-
785 2780 888 2844 gendum
899 2797 977 2844 anper,
989 2779 1078 2845 syllaba
1089 2784 1115 2828 tn
1129 2791 1191 2841 nata,
1203 2792 1231 2830 ut
1240 2796 1301 2848 saepe

236 2846 277 2894 nni
294 2853 318 2892 et
333 2847 396 2910 opud
414 2855 519 2894 nostrum
537 2846 631 2894 mentio.
659 2845 753 2892 Istum
785 2845 949 2907 eiibi,cfinali
960 2846 1114 2910 praecedentis.
1142 2845 1300 2896 Preteriabo-

235 2909 320 2958 Romo
332 2910 385 2969 tuit,
402 2912 450 2959 sive
464 2911 537 2970 obsce,
553 2917 664 2974 regnante
677 2907 754 2957 adhuc
785 2923 834 2958 rem
854 2919 923 2974 atque
940 2912 983 2958 iter
1002 2925 1025 2958 sc
1043 2909 1155 2968 timuisse,
1176 2925 1205 2958 ne
1222 2924 1300 2961 recens

235 2983 308 3037 petre,
317 2975 366 3023 sire
377 2976 422 3023 niis
431 2991 479 3040 qua
490 2976 519 3024 de
527 2988 615 3033 mussa,
622 2974 753 3022 Othonem·
785 2973 926 3022 Vitellianus
936 2977 1002 3023 rnilcs
1013 2983 1142 3038 erumperet
1152 2991 1164 3022 e
1177 2976 1262 3036 catus,
1277 2985 1300 3026 e't

234 3053 282 3104 que
294 3037 416 3088 soniturus
429 3049 472 3088 ent.
498 3041 537 3089 De
547 3041 597 3101 ejus
606 3039 753 3101 parentisque
784 3037 855 3086 tensos
869 3037 1035 3101 aggrederetur.
1064 3040 1102 3088 Sic
1118 3049 1140 3088 et
1154 3037 1215 3086 intre
1229 3043 1300 3090 obt.

234 3103 321 3152 tamn.
333 3104 591 3169 JoephusB.J.7‚7.
620 3105 752 3150 usercen
784 3117 826 3166 pro
839 3115 910 3166 aupcr
921 3105 1008 3151 editum
1023 3103 1094 3168 vulgo
1107 3107 1209 3168 insequor.
1238 3106 1299 3154 Mox

234 3175 274 3215 tur
284 3178 359 3217 vetere
368 3185 441 3228 more,
456 3185 504 3233 quo
514 3170 584 3216 etiam
595 3169 688 3229 Regum
699 3165 751 3223 tilii,
784 3167 889 3230 copulam
900 3175 929 3246 et,
939 3167 1074 3216 elibertano
1085 3169 1153 3222 (duce
1160 3169 1233 3230 Bud)
1244 3173 1300 3220 sub.

234 3233 400 3296 etquicunque
414 3234 496 3296 Regia
510 3233 587 3296 stirpis
597 3241 659 3291 sunt,
675 3231 751 3298 Reges
783 3232 863 3292 latam,
875 3233 973 3280 restituit
982 3233 1091 3292 Pichenm
1103 3247 1175 3296 quarn
1187 3235 1264 3282 Gucli'.
1276 3245 1299 3284 et

234 3305 352 3355 vocantur,
363 3307 391 3345 ut
401 3314 437 3360 ap
450 3298 543 3346 eros
554 3299 664 3348 Βασιλεῖς·
676 3296 748 3342 Ean.
784 3297 818 3344 ed.
827 3313 861 3360 pr.
873 3297 965 3346 habent
983 3298 1028 3346 Sed
1039 3297 1118 3345 eadem
1126 3297 1196 3346 habet
1202 3302 1298 3361 pericu·-

234 3359 297 3408 Cum
307 3361 377 3409 fratre
389 3363 502 3412 Callinico
511 3361 633 3409 exhibetur
643 3358 750 3423 miphs-
783 3360 1019 3426 tostaprcperenl'rts,
1027 3362 1083 3409 item
1092 3361 1146 3410 MS.
1154 3361 1214 3426 Reg.
1226 3363 1297 3412 Etru.

233 3439 274 3473 nes
296 3425 321 3473 in
343 3442 441 3475 nummo
457 3427 668 3490 Commagenornm
686 3424 750 3488 opud
783 3427 872 3474 Recens
883 3430 968 3475 castris
978 3426 1002 3473 in
1010 3428 1064 3474 Put
1071 3427 1141 3474 etiam
1148 3435 1171 3474 et
1179 3429 1232 3476 Alc,
1243 3425 1297 3477 edit.

233 3487 336 3541 Peiieriir
358 3493 420 3540 med.
444 3493 484 3541 des
506 3492 573 3550 Rois,
595 3489 688 3554 pm.
710 3489 748 3537 Cf.
782 3492 867 3539 Pnullo
888 3500 940 3542 ante
961 3487 1024 3539 uun
1047 3505 1075 3537 oc
1095 3493 1197 3540 itineris.
1236 3495 1298 3542 Mor

232 3555 324 3606 minu
334 3556 366 3604 Ι).
379 3557 686 3618 NN.vecvol.ap.znn
782 3555 891 3620 Muretus
912 3557 1005 3604 volebat
1024 3557 1090 3619 sare,
1118 3571 1164 3604 non
1186 3560 1298 3622 probante

256 3619 750 3684 Othoninnuspcdcscrupttll’utotrrupit3
781 3619 895 3668 Acidalio.
1035 3681 1038 3686 Ι
1292 3637 1293 3642 ’

230 3687 317 3748 neinpe
333 3685 359 3732 in
378 3687 459 3734 silvam
476 3697 500 3734 er
521 3687 599 3734 vinens
616 3681 746 3746 impeditas,
815 3681 1297 3752 Hoendpsrtndciddamnnm1Pronomen

231 3747 318 3812 qubus
326 3747 505 3799 detendebsntnr
511 3750 639 3798 vitehim'n
657 3748 749 3795 Giton.
780 3749 907 3812 agnoscunt
919 3751 980 3799 Flor.
996 3745 1076 3798 Gnelf,
1090 3751 1208 3798 rotante
1219 3746 1296 3802 Rhen:

231 3813 748 3878 Atproriampcrcctcrampercetiamdicun·
780 3827 867 3862 omues.
900 3814 1123 3863 Deietumttithen.
1141 3817 1210 3876 (duce
1220 3817 1295 3877 Bau.)

230 3879 399 3927 turmiiitmin
412 3881 460 3928 ade
470 3879 597 3936 constituti,
608 3877 746 3940 cumimpe‘
779 3879 1004 3941 restituitPichena.
1022 3879 1083 3926 Mox
1102 3883 1141 3928 aed
1159 3885 1212 3928 ante
1223 3881 1296 3930 faosi

230 3943 497 4007 mmtacereincipiunt
524 3943 610 3993 Primis
623 3942 686 3991 verbi
695 3955 748 4004 per·-
777 3938 1215 4004 asetsirn.‹unu)numn1ss
1228 3947 1295 3994 med.

229 4005 306 4056 muita
316 4008 379 4072 apud
389 4020 493 4066 nostrum
502 4009 618 4072 exempla,
628 4009 662 4056 A.
672 4008 694 4064 l,
706 4007 745 4054 titi.
780 4019 814 4072 pr.
832 4011 895 4072 quod
911 4025 965 4057 cum
986 4010 1011 4058 J.
1029 4009 1157 4076 Gronovio'
1167 4009 1295 4072 elegantius

229 4072 627 4136 t,7l.etc.Virgil.AEn.ll,tt⁰ti
642 4075 746 4133 Jamque
779 4081 844 4136 puto.
878 4077 1006 4138 AEqooltac
1027 4087 1095 4138 porro
1113 4085 1191 4122 ornnes
1210 4073 1252 4122 scr.
1271 4086 1295 4125 et

228 4134 745 4200 imrajootumtcttprogressucuterqncrab·
779 4137 830 4185 edd.
842 4148 924 4202 praetar
935 4141 990 4188 MS.
1005 4140 1064 4206 Agr.
1079 4140 1119 4201 qui
1132 4139 1202 4186 habet
1215 4147 1294 4201 oeqttn.

226 4203 745 4264 murmbtoerompnntctamorfflnn.
777 4203 865 4250 unns.-
905 4204 952 4252 uod
967 4205 1052 4251 frustm
1068 4203 1159 4267 prefert
1178 4203 1293 4268 Ryckius,

259 4265 461 4331 Apudsagtcntca
468 4265 669 4332 orcarrantcsquc]
680 4267 743 4316 Conss
777 4281 832 4316 cum
842 4219 974 4318 uindicem
985 4269 1022 4330 sit,
1037 4276 1064 4315 nt
1074 4278 1143 4331 snpra
1153 4269 1204 4330 jam
1218 4275 1294 4318 osten:

227 4397 299 4458 (duca
306 4396 391 4459 Buri).
402 4390 479 4450 Abest
492 4405 516 4446 et
526 4400 556 4447 sb
566 4396 602 4444 ed.
613 4412 648 4459 pr.
655 4406 678 4445 et
687 4398 743 4448 MS.
780 4417 784 4422 ·
809 4399 975 4460 Hcetspcrorasti
981 4397 1084 4464 kaath]
1094 4397 1158 4446 Bud-
1167 4400 1292 4459 dedecoris,

228 4459 288 4523 Reg-
306 4463 376 4510 Enn-
618 4468 622 4477 ’
775 4461 861 4509 librarii
872 4461 934 4510 vitio.
