3059 4975
242 235 392 310 nero]
633 235 712 295 nm.
732 235 769 292 v.
791 236 881 298 cnr.
902 245 949 302 ss.
1251 245 1309 302 sn
1390 202 1393 207 ¹

241 399 337 464 tium:
370 410 559 464 armamenta
582 397 759 464 Liburnicis
786 399 892 464 solita:
924 412 956 464 et
980 399 1074 464 simul
1097 417 1180 488 aptae
1202 401 1309 468 lintres

240 484 356 571 sagulis
381 481 613 548 versicoloribus
641 483 726 548 haud
752 484 895 548 iudeeore
918 508 976 572 pro
999 486 1075 550 velis
1099 487 1304 585 juvabantur.

241 572 265 634 S
288 569 386 634 etium
399 569 483 634 velut
495 567 629 654 aequorie
643 569 786 648 electum,
801 593 865 656 quo
876 571 978 634 Mosae
988 569 1125 636 fiumims
1138 597 1173 638 os
1187 596 1306 639 amnem

240 593 391 720 Rhenum
407 659 531 720 Oceano
544 652 700 718 adfundit.
744 655 863 718 Caussa
876 653 1065 720 instruendae
1079 655 1192 736 classis,
1214 681 1307 746 super

239 740 362 806 insitam
385 741 472 828 genti
492 738 671 817 vanitatem,
692 754 729 802 ut
746 763 785 803 eo
799 753 914 804 terrore
928 757 1117 808 mmmeatus
1132 743 1236 808 Gellia
1252 745 1307 808 ad-

239 839 400 891 ventantes
413 824 639 910 interciperent.
671 824 800 888 Cerialis
813 823 962 890 miraculo
976 827 1086 912 magis,
1120 851 1193 892 uem
1207 843 1305 908 metu,

237 912 354 977 'direxit
364 911 501 989 classem,
513 932 643 973 numero
654 910 804 996 inparem,
816 933 876 974 usu
887 910 1049 996 remigum,
1060 852 1306 997 guhematomm

239 1010 317 1077 arte,
332 996 459 1062 navium
473 994 687 1081 magnitudine
701 995 862 1082 potiorem.
903 995 966 1060 His
978 994 1094 1060 fiumen
1114 999 1303 1076 secundum;

238 1083 283 1148 illi
307 1097 401 1148 vento
420 1081 602 1168 agebantur.
648 1081 697 1146 Sic
719 1080 874 1168 praevecti,
896 1093 1014 1146 tentato
1033 1080 1150 1146 levium
1171 1083 1303 1150 telorum

237 1169 336 1254 jactu,
353 1168 553 1232 dirimuntur.
599 1165 717 1244 Civilis,
734 1165 812 1230 nihil
836 1166 918 1232 ultre
937 1190 1040 1244 ausus,
1055 1180 1140 1232 trans
1154 1169 1302 1234 Rhenum

238 1253 393 1319 concessit.
439 1252 576 1326 Cerialis,
599 1251 732 1316 insulam¹
746 1254 939 1318 Batavorum
959 1252 1110 1318 hostiliter
1123 1254 1303 1340 populatus,

237 1361 328 1424 egros
352 1338 502 1424 villasque
526 1337 634 1402 Civilis
658 1339 800 1413 intactos,
824 1351 984 1404 notante
1004 1339 1143 1418 Ducum,
1165 1339 1301 1406 sinebat:

231 1559 314 1620 ¹rorum
334 1571 481 1620 consentiunt
497 1569 556 1633 Reg.
573 1567 659 1634 (Bnd.)
672 1569 751 1618 Guell.
815 1573 925 1632 Spatium
936 1571 998 1618 orici
1009 1572 1109 1631 equoris
1120 1573 1230 1637 electum]
1244 1575 1301 1621 Ele.

234 1637 293 1698 Agr.
302 1635 337 1683 ed.
346 1652 381 1698 pr.
390 1649 516 1698 omnesque
524 1643 578 1682 ante
586 1633 702 1697 lipsium,
710 1635 752 1698 qni
783 1641 846 1682 ctnm
868 1635 922 1684 MS.
940 1635 1020 1683 Gnelt'.
1037 1633 1074 1682 ed.
1093 1651 1128 1698 pr.
1147 1645 1226 1684 oeterae
1248 1647 1302 1686 aute

234 1703 331 1748 tricenis
341 1701 539 1763 quadragenum
554 1699 654 1759 induxit,
672 1709 752 1748 utrum
784 1700 862 1747 Rhen.
874 1715 921 1774 quo
932 1699 1015 1748 alludit
1025 1699 1095 1746 etiam
1106 1700 1170 1748 Flos.
1180 1700 1248 1749 lectio
1258 1707 1302 1766 eje·

235 1765 313 1814 eVat
326 1777 356 1814 an
373 1781 387 1814 e
405 1765 519 1828 superiore
536 1763 614 1874 abique
630 1764 688 1812 mihi
705 1780 752 1812 non
782 1771 862 1812 ctum:
879 1765 950 1829 idque
960 1764 1059 1812 restituit
1070 1764 1135 1812 Pich.
1148 1779 1203 1823 cum
1213 1781 1227 1812 a
1237 1766 1303 1815 Rhe·

158 1881 162 1886 ,
235 1829 283 1878 vise
302 1830 408 1890 editione,
428 1827 517 1875 nescim
536 1843 559 1875 se
594 1827 639 1874 hoo
655 1828 751 1877 videtur.
783 1843 844 1876 nano
855 1828 997 1876 indefuisset
1008 1826 1190 1891 cdptameMS.
1201 1828 1264 1877 Bnd.
1275 1831 1300 1878 iu

235 1883 319 1956 ltaque
336 1892 459 1942 accusativi
478 1891 542 1938 haud
561 1891 631 1939 dubie
648 1893 750 1940 tenendi.
784 1900 941 1956 quoccplnm.
958 1893 1030 1940 Ean.
1249 1918 1250 1921 =

197 1958 202 1974 ¹
235 1957 293 2005 Post
305 1959 360 2022 sere
377 1973 394 2006 e
406 1959 476 2020 ferre
487 1956 559 2004 MSS.
572 1955 631 2018 Reg-
643 1956 704 2019 Agr.
715 1957 752 2005 ed.
825 1957 877 2012 Quo
888 1959 965 2004 Morae
977 1960 1191 2019 flamininumncm
1201 1959 1300 2010 Rhenes

233 2037 270 2084 pr.
278 2023 311 2070 ite
321 2030 408 2082 umen,
419 2029 446 2070 ut
457 2023 481 2068 in
494 2021 536 2068 isto
547 2027 709 2068 armamenta:
726 2021 751 2068 in
785 2022 815 2069 0.
824 2023 860 2086 n]
878 2022 962 2085 Probe,
973 2037 1016 2069 nec
1025 2021 1130 2084 improbe
1139 2023 1166 2069 in
1175 2022 1240 2070 libris
1247 2024 1301 2086 qni-

234 2085 276 2133 illo
286 2095 397 2146 arnustus,
407 2087 432 2134 in
442 2086 486 2133 hac
497 2101 564 2132 arma
575 2093 689 2148 sequntur.
707 2087 750 2133 Li·
783 2085 891 2144 busdam,
898 2087 1091 2146 Mnroejlnminir
1101 2101 1125 2132 os
1135 2101 1226 2133 omnem
1235 2088 1302 2134 nne-

234 2151 334 2200 burnice
346 2151 408 2199 solus
422 2149 472 2198 cod.
482 2149 542 2212 Agr.
554 2158 578 2197 at
588 2149 660 2196 solite
670 2159 751 2212 praeter
782 2166 846 2198 num.
881 2151 929 2198 Re
947 2151 1041 2214 quidem
1057 2149 1109 2211 ipsa
1126 2150 1215 2208 eadem
1233 2151 1300 2199 aliter

233 2215 312 2278 ipsunt
333 2216 403 2264 fidem
423 2215 485 2262 libri.
518 2213 581 2260 Edd.
600 2222 679 2260 ceterae
697 2224 750 2262 ente
782 2215 850 2262 elata.
877 2216 953 2263 larus.
988 2217 1040 2273 Quo
1051 2215 1117 2262 Moe.
1127 2215 1199 2262 MSS.
1211 2222 1234 2262 el
1244 2215 1296 2264 edd.

234 2279 379 2330 RhenllIS.
393 2279 471 2328 Guelf.
505 2279 647 2326 Liburnicae
663 2281 751 2340 coibat
782 2289 836 2326 ente
850 2280 925 2328 Rheu.
935 2279 977 2343 qui
987 2279 1050 2328 dedit
1067 2278 1298 2342 ubieBud.inquo

233 2345 519 2394 Rhemlllcrnicasolim.
551 2342 621 2391 Unde
632 2357 686 2390 sane
696 2358 750 2406 pro·
782 2349 874 2396 uteret.
900 2344 965 2391 Illud
974 2344 1074 2392 restituit
1082 2343 1190 2390 Pichenn
1217 2342 1298 2392 lentio
1384 2359 1391 2373 ·

233 2403 316 2462 babilis
323 2410 349 2457 fit
359 2409 426 2458 lectio
436 2409 490 2456 MS.
500 2409 557 2470 Agr.
565 2422 636 2470 quem
645 2407 751 2468 Ryckius
782 2423 797 2454 a
808 2407 889 2472 Lipsio
903 2408 998 2456 laudata
1010 2417 1045 2456 est
1057 2407 1083 2454 in
1093 2408 1156 2454 Flor.
1166 2409 1190 2454 R
1219 2441 1225 2452 .
1238 2407 1296 2470 Agr.

232 2473 257 2521 in
264 2481 354 2523 textum
361 2473 460 2537 recepits
472 2475 571 2521 tricenos
582 2473 751 2534 quadragenos·
783 2473 819 2536 (et
829 2474 890 2536 Ileg.
901 2472 976 2534 hall)
990 2473 1077 2585 edRpr.
1088 2481 1112 2521 et
1122 2473 1227 2535 congruit
1243 2489 1297 2521 cnm

249 2554 277 2586 nc
296 2541 366 2602 fiere
388 2546 489 2587 arniatos
511 2540 648 2587 Liburnica?
669 2538 750 2585 rolitoe.
780 2537 887 2586 aliolooo
898 2538 1013 2586 Tacitide
1060 2538 1184 2597 euimrsu,
1196 2539 1260 2587 Ann.
1272 2542 1297 2601 2,

233 2554 334 2669 helique
345 2602 456 2667 scriptura
467 2602 515 2651 cod.
528 2600 635 2651 Vaticani
646 2608 668 2647 et
679 2604 752 2647 simul
782 2603 805 2649 6.
817 2602 879 2649 unde
889 2602 949 2649 hanc
963 2602 1038 2665 potius
1052 2609 1142 2649 secutus
1153 2617 1213 2663 sum,
1225 2611 1252 2650 ut
1263 2613 1296 2650 et-

232 2668 368 2716 etoitidem
384 2668 458 2715 estin
470 2668 505 2715 ed.
515 2682 549 2729 pr.
558 2680 605 2727 pro
617 2667 669 2713 telis
681 2666 749 2713 etiem
781 2666 828 2713 iam
845 2666 872 2714 J.
890 2668 962 2715 Gron.
978 2666 1038 2713 fecit.
1072 2666 1187 2714 Praeterea
1207 2667 1247 2713 ed.
1259 2683 1296 2729 pr.

233 2732 305 2780 MSS.
318 2734 377 2795 Reg.
390 2732 450 2793 Agr.
466 2739 490 2777 at
506 2738 586 2777 ceterae
600 2729 652 2776 edd.
665 2738 688 2775 et
706 2744 749 2776 sor.
780 2728 848 2789 (item
867 2746 881 2777 e
899 2731 961 2777 Bne
978 2739 1002 2777 et
1019 2731 1079 2793 neg.
1097 2730 1171 2786 Irall.)
1189 2732 1295 2790 effundit.

232 2804 322 2855 tantum
331 2797 394 2843 haud
402 2797 506 2842 indecore
512 2808 560 2855 pro
566 2796 621 2839 nelis
625 2794 749 2855 juvabant,
781 2792 853 2841 Ean.
880 2793 949 2839 'Bnd.
960 2794 1029 2853 male,
1041 2800 1067 2840 ul
1077 2809 1127 2840 nior
1141 2801 1176 2841 cst
1185 2798 1297 2854 fluminis

232 2859 322 2914 omissis
339 2858 520 2922 precedentibus
536 2857 561 2904 in
577 2856 645 2904 hodie
656 2856 750 2917 vulgato
781 2872 873 2903 amnem
893 2865 936 2904 etc.
956 2871 1012 2913 non,
1034 2865 1062 2903 ut
1080 2857 1156 2905 Rhen.
1172 2858 1248 2918 refert,
1269 2866 1297 2915 nt

232 2938 273 2971 sex
286 2924 387 2971 vocibus.
419 2922 464 2971 Sed
482 2921 541 2969 nihil
557 2921 638 2969 attinet
648 2920 750 2967 laborare
781 2922 865 2969 Mocoe.
887 2920 1034 2980 Quodadn
1045 2922 1295 2981 fluminn,ef.c.7.et
1383 2961 1390 2969 .

231 2988 326 3048 inloto,
339 2989 387 3036 sine
397 2988 530 3035 melioribus
541 2986 606 3033 libris
619 2984 748 3032 insanabili.
781 2986 835 3033 biv.
846 2987 886 3043 22,
899 2987 937 3034 19.

231 3052 303 3099 Euri.
320 3053 384 3100 Bud.
396 3056 493 3099 tricenos
504 3053 700 3113 qrusdrigenosque
710 3064 750 3095 cen
814 3052 937 3097 Mirncalo
947 3053 1032 3111 ningit,
1041 3064 1110 3111 quam
1122 3048 1195 3109 metu]
1207 3049 1296 3112 Magis,

231 3113 750 3175 ornwntetalibnrnicissolihcndetoinquo
781 3114 837 3178 quia
858 3114 992 3173 mirabatur,
1015 3114 1113 3161 Civilem
1137 3113 1181 3160 hoc
1201 3114 1294 3175 audere,

232 3181 266 3228 nil
277 3182 340 3243 boni,
352 3180 466 3244 nisiquod
477 3178 615 3227 accusativos
625 3176 709 3223 hebeat
719 3178 749 3223 ab
781 3183 853 3241 quam
870 3178 932 3241 quod
943 3179 1039 3225 timeret.
1073 3178 1137 3225 Nam
1153 3192 1231 3226 revera
1245 3179 1297 3227 Ro·

231 3246 306 3293 ioitio.
338 3246 368 3302 ln
385 3241 528 3308 seq.linenm
546 3241 748 3300 condominam,
781 3242 856 3289 manis
869 3242 908 3289 lric
918 3242 1060 3305 peritissimis
1076 3242 1134 3290 nihil
1146 3243 1251 3306 periculi:
1273 3253 1297 3293 et

230 3310 290 3358 clare
300 3318 369 3375 patet.
398 3308 514 3357 Particuln
522 3322 560 3354 cen
569 3307 593 3353 in
601 3306 663 3352 mor.
671 3304 750 3367 expri·
780 3305 884 3353 nondum
890 3306 975 3354 Bstavi
984 3307 1010 3353 in
1019 3308 1078 3355 mari
1088 3308 1209 3370 antiquis,
1216 3308 1296 3371 quoles

232 3375 304 3423 mitur
365 3374 438 3433 setin
449 3372 500 3420 allis
510 3387 551 3434 per
559 3373 614 3435 scre
624 3368 661 3418 vel
671 3370 747 3431 ferre
779 3385 843 3418 nune
857 3371 976 3429 rnipamur.
1002 3372 1077 3418 Lina.
1108 3371 1164 3434 Bip.
1236 3382 1296 3422 nunt
1397 3370 1408 3416 .'

233 3438 297 3487 Hinc
305 3392 360 3503 liiii.
372 3439 485 3501 effingunt
495 3438 627 3500 ferentium
638 3442 661 3481 et
670 3434 748 3481 losum
781 3435 830 3482 sic:
848 3435 924 3497 magis
938 3444 965 3481 ut
979 3434 1084 3481 mirabile
1093 3435 1172 3484 fedane
1182 3436 1205 3483 vi

232 3502 265 3550 ita
285 3505 429 3564 munbrnant,
450 3510 477 3550 ut
496 3516 537 3563 ego
554 3499 639 3562 posui..
662 3497 749 3560 Recepi
779 3499 893 3558 hostibus,
901 3514 1019 3562 quameos
1029 3507 1143 3558 memens,
1153 3501 1294 3561 conjectant·

232 3575 310 3616 numm
321 3569 381 3628 ideo,
388 3568 452 3633 quod
462 3564 568 3629 proxime
575 3564 606 3612 ad
617 3564 679 3611 mor.
686 3576 749 3610 eone
779 3580 825 3628 qne
835 3565 881 3627 leg.
891 3566 972 3612 metui.

232 3631 275 3691 dil,
287 3633 329 3680 etsi
345 3646 392 3681 non
409 3646 500 3695 negem,
510 3628 656 3693 Ryokiannrn
671 3626 748 3675 lectio·
818 3630 992 3691 Magnitudines
998 3630 1127 3693 potiorem]
1155 3628 1203 3677 Hic
1212 3628 1296 3679 desinit

233 3709 287 3742 nem
308 3712 322 3743 e
340 3696 388 3745 cod.
406 3697 466 3759 Agr.
484 3693 633 3743 commodum
654 3706 747 3739 sensum
779 3700 857 3742 textus
866 3693 937 3755 hujus
946 3694 1000 3741 libri
1009 3694 1035 3741 in
1045 3693 1081 3741 ed.
1093 3708 1128 3755 pr.
1145 3693 1217 3742 Eun.

232 3758 569 3823 dtreoemqueadmisithul
589 3758 675 3806 Contra
681 3756 748 3805 Brot.
819 3760 869 3805 ffis
884 3762 977 3819 flumen
998 3760 1125 3806 secandum
1163 3758 1227 3807 Edd.
1242 3768 1296 3809 ante

233 3822 354 3887 irrigemur
370 3833 457 3872 servan
476 3826 571 3871 tricenis
582 3824 748 3883 quadragenis·
780 3822 983 3884 Pithirflumine
991 3824 1098 3871 meando.
1150 3839 1182 3872 ox
1188 3827 1296 3887 prouecti

233 3902 276 3949 que
286 3896 432 3936 armamenta
441 3890 576 3935 Liburnicis
586 3888 670 3942 solitu
681 3886 750 3933 intel-
781 3886 833 3934 edd.
844 3896 898 3935 ente
908 3888 984 3935 Rhen.
1019 3889 1133 3938 Provecti
1151 3896 1185 3937 est
1201 3898 1294 3953 preter·

232 3952 284 4015 ligii
293 3952 382 4017 quippe
392 3966 447 4001 cum
456 3952 553 4010 Hnetio,
565 3952 641 3999 XXX
652 3951 689 3998 vel
700 3950 749 3998 XL
781 3952 846 4011 vecti,
856 3961 884 3999 ut
891 3952 956 4001 alibi·
971 3952 1044 4000 Enii.
1069 3952 1135 4001 Pieli.
1145 3953 1296 4002 inundante

232 4030 261 4065 ex
278 4018 325 4067 illis
340 4017 448 4066 lintribus
463 4024 561 4064 armatas
576 4015 646 4063 fuisse
659 4014 683 4061 in
698 4029 749 4062 mo·
781 4015 845 4063 Ποῖ.
877 4016 924 4065 Sed
944 4017 977 4064 sic
994 4025 1019 4065 et
1035 4017 1099 4065 Bnd.
1130 4021 1159 4065 Ιι
1180 4021 1234 4079 (pro
1250 4018 1294 4077 iii)

231 4080 290 4129 dum
301 4083 488 4131 liburnicarum.
521 4080 559 4127 Ita
569 4080 645 4127 houm
656 4094 749 4143 quoque
772 4082 867 4140 flamen
883 4084 1018 4141 annuum,
1035 4082 1098 4146 qnod
1108 4082 1185 4129 lilim.
1199 4096 1225 4128 se
1239 4096 1294 4143 prc-

232 4146 322 4195 Gallice
338 4147 437 4195 reddidit
451 4144 583 4195 Dotteville
616 4145 688 4192 Porro
706 4159 749 4207 pro
778 4144 1138 4209 menreoepinessdintextu
1147 4143 1294 4206 vulg-habat.

233 4218 306 4275 capte
321 4212 402 4259 lintres
413 4212 468 4275 Bip.
480 4220 594 4275 reponunt
605 4216 673 4271 αμα,
685 4208 749 4273 quod
780 4208 842 4257 Dein
853 4210 916 4257 Bnd.
925 4213 1047 4273 preventi,
1057 4210 1112 4257 inde
1122 4208 1200 4255 Rieu.

230 4276 324 4323 etmihi
334 4276 425 4324 videmr
434 4276 518 4340 aptius)
530 4282 557 4322 ut
566 4275 598 4321 A.
610 4276 636 4333 2,
646 4275 669 4321 6.
700 4272 749 4320 De·
782 4307 786 4311 -
814 4276 913 4323 Tantalo
924 4278 1047 4324 incisim.
1058 4276 1094 4337 JK]
1119 4273 1220 4320 miani
1229 4274 1292 4322 mor.
1362 4309 1367 4319 .

233 4354 298 4387 mum
310 4340 373 4389 Bud.
380 4356 427 4403 pro
439 4339 652 4403 velirJ’uvnbnnlnr.
781 4339 847 4387 addit
855 4348 912 4388 teste
923 4339 1022 4402 nyekio.
1048 4340 1163 4401 Recipere
1174 4344 1197 4385 cl
1206 4337 1262 4399 Bip.
