3059 4975
256 272 315 331 rue
638 264 944 329 nrsronrnnunr
1152 268 1243 347 [ιιι.
1256 274 1329 331 ιιι.

255 432 339 499 stiles
358 430 484 530 spiritus
502 429 647 496 induisse.
691 430 789 497 Nunc
808 432 924 513 hostes,
938 433 1015 583 quia
1030 430 1125 498 molle
1141 432 1325 509 servitinmr

255 542 329 585 cum
343 517 465 607 spobati
483 517 632 603 exutique
655 516 783 598 fuerint,
805 518 919 583 amieos
954 520 1036 585 ore.”
1082 521 1164 583 Haec
1183 518 1326 583 ferociter

254 604 394 683 locutus,
416 617 582 692 postquam
602 616 739 689 perstare
757 604 792 667 in
814 604 945 701 perfidia
964 604 1134 669 Classicum
1155 604 1324 669 Tutorem-

257 714 320 777 que
340 689 437 767 videt,
459 710 549 753 verso
572 687 693 766 itinere,
718 690 890 753 Novesrum
913 689 1061 754 concedit
1115 689 1201 755 Galli
1223 688 1324 754 duum

254 775 387 840 millium
406 775 506 862 spatio
521 772 709 839 distantibus
722 774 841 861 campis
853 774 1028 840 consedere.
1050 774 1131 840 Illuc
1150 796 1326 839 commean-

255 861 336 925 tium
361 859 589 925 Centurionum
616 858 815 945 militumque
842 862 1025 926 emebantur
1052 860 1163 926 animi:
1193 871 1231 923 ut
1256 860 1326 945 (lla-

255 947 368 1034 gitium
388 945 593 1033 incognitum)
613 946 778 1010 Romanus
795 946 949 1011 exercitus
967 946 1002 1010 in
1015 960 1143 1012 externa
1159 946 1256 1010 verba
1270 947 1327 1033 ju·

255 1044 370 1109 rarent,
398 1031 497 1118 pignu
536 1052 576 1093 ue
604 1031 682 1095 tanti
711 1031 831 1095 sceleris
855 1054 929 1096 nece
953 1044 1010 1096 eut
1031 1031 1163 1099 vinculis
1188 1033 1325 1117 Legato-

256 1140 328 1183 rum
338 1117 477 1183 daretur.
499 1052 641 1194 silocula,
656 1138 848 1203 quamquam
861 1116 1002 1205 plerique
1016 1118 1126 1205 fugam
1140 1116 1324 1195 suadebant,

256 1203 437 1269 audendum
461 1214 559 1279 ratus,
584 1217 693 1267 vocata
722 1203 878 1281 concione,
906 1201 940 1266 in
967 1203 1052 1267 hunc
1074 1203 1207 1267 modum
1230 1203 1327 1267 disse·

259 1290 332 1355 ruit.
934 1339 938 1347 ,

301 1375 433 1441 LVIII.
457 1377 671 1462 “Numquam
686 1373 773 1463 apud
783 1397 839 1439 vos
849 1375 945 1441 verba
954 1375 1025 1453 feci,
1039 1388 1095 1439 aut
1103 1395 1162 1462 pro
1169 1374 1258 1439 vobis
1266 1374 1328 1438 sol·

256 1461 379 1541 licitior,
393 1471 449 1525 aut
462 1484 520 1548 pro
533 1484 584 1525 me
598 1462 740 1525 securior.
768 1462 853 1525 Nam
866 1460 944 1524 mihi
956 1462 1086 1525 exitium
1100 1460 1213 1548 parari,
1227 1460 1327 1524 libens

258 1546 369 1629 audio:
386 1558 580 1634 mortemque
587 1547 620 1611 in
631 1559 678 1611 tot
688 1546 959 1625 malishonestam,
969 1560 1006 1611 nt
1016 1547 1111 1610 finem
1121 1545 1326 1625 miseriamm,

258 1646 412 1719 exspecto.
456 1633 562 1701 Vestri
583 1656 634 1696 me
655 1632 755 1719 pudet
776 1632 972 1717 miseretque,
994 1632 1143 1697 adversus
1186 1653 1244 1695 uos
1263 1654 1328 1695 non

327 1718 403 1783 limn
415 1728 447 1783 et
456 1719 536 1782 acies
544 1730 706 1804 parantur,
715 1718 748 1781 id
759 1718 842 1781 enim
850 1717 898 1781 fas
906 1738 1063 1781 armorum
1076 1731 1108 1781 et
1117 1654 1325 1804 judlrostium.

257 1740 386 1868 illitum
408 1824 480 1868 cum
502 1802 627 1889 Populo
648 1805 794 1868 Romano
807 1802 917 1866 vestris
934 1824 967 1866 se
987 1803 1133 1867 manibus
1221 1824 1327 1882 urum,

259 1889 414 1954 Classicus
437 1902 549 1976 sperat,
580 1888 816 1975 Imperiumque
842 1901 874 1952 et
895 1878 1122 1953 sacramentum
1185 1886 1327 1952 alliarum

258 1985 401 2040 ostentat.
445 1974 539 2039 Adeo
553 1996 621 2053 nos,
637 1974 662 2039 si
675 1974 803 2039 fortuna
812 1974 846 2038 in
859 1996 996 2060 praesens
1003 1973 1165 2061 virtusque
1178 1972 1327 2053 deseruit,

259 2061 353 2126 etiam
375 2072 481 2126 vetera
501 2059 644 2147 exempla
665 2059 824 2139 deliciunt,
852 2060 996 2145 quotiens
1018 2060 1174 2125 Romanae
1191 2057 1328 2145 legiones

256 2147 358 2234 perire
378 2138 631 2245 prreoptaverint,
645 2168 685 2210 ne
705 2143 775 2209 loco
790 2145 1001 2232 pellerentur?
1023 2146 1097 2211 socii
1115 2166 1197 2231 saepe
1217 2145 1326 2223 nostri,

258 2232 395 2297 exscindr
411 2233 504 2296 urbes
518 2255 600 2309 suns,
618 2253 713 2318 seque
726 2253 800 2294 cum
813 2230 1000 2318 conjugibus
1018 2254 1055 2295 ac
1068 2229 1173 2295 liberis
1185 2230 1326 2308 cremari,

300 2317 472 2387 rtulerunt:
496 2338 598 2403 neque
608 2315 693 2381 aliud
708 2314 844 2403 pretium
856 2316 970 2395 exitus,
982 2339 1079 2405 quam
1089 2316 1167 2381 fides
1174 2315 1330 2401 famaque.

258 2340 412 2468 lilolerant
435 2424 507 2468 cum
536 2402 673 2469 maxime
694 2400 833 2490 inopiam
858 2401 1078 2492 obsidiumque
1105 2400 1191 2491 apud
1215 2404 1331 2467 Vetera

291 2591 325 2637 Irr
342 2596 376 2638 tot
391 2593 461 2638 malr'r
476 2591 593 2655 herilem]
618 2590 691 2640 Haud
707 2589 777 2654 pinne
803 2593 848 2654 με
857 2591 972 2639 bortlum.
1004 2590 1114 2639 ceterum
1124 2589 1267 2638 sermione
1277 2589 1330 2638 sat-

259 2651 354 2702 damno.
386 2653 572 2714 Quideitamen
583 2655 704 2710 faciamus,
716 2669 779 2715 por·
808 2655 864 2703 lust
887 2655 940 2704 Cat.
956 2654 996 2702 bl.
1013 2657 1041 2702 tn
1056 2657 1124 2702 luctu
1139 2661 1210 2716 atque
1225 2656 1330 2701 miseren

260 2718 439 2781 tumetflnrm?
456 2717 522 2777 Quid
528 2718 549 2766 si
558 2721 585 2765 tn
591 2724 625 2766 tot
632 2719 700 2765 malie
708 2719 779 2770 horre-
808 2726 906 2767 mortem
916 2734 1083 2767 erumnarum
1092 2719 1208 2780 requiem,
1215 2733 1264 2765 non
1274 2733 1332 2765 rra·

260 2784 341 2831 etam?
353 2783 428 2832 Inrs.
444 2783 780 2845 Tentabam‚otr‘umetstnrm
808 2785 908 2844 clatum,
926 2799 982 2832 erar.
1013 2783 1133 2832 Brotcrius
1144 2782 1330 2846 (ntSalineriur)

260 2849 422 2907 miserturum,
433 2847 551 2896 lObserv.
561 2849 597 2895 ll.
615 2848 706 2896 fluore.
723 2848 779 2900 Me·
939 2847 1266 2911 explicetrnulaexlrostibus·
1282 2847 1330 2896 Sed

259 2911 359 2960 liushoc
371 2912 483 2976 Lipsiano
493 2912 602 2971 remedio,
611 2921 653 2961 rut
661 2912 780 2977 Pithenae,
891 2913 989 2963 vocum
1007 2927 1055 2961 non
1075 2912 1146 2961 modo
1166 2913 1197 2960 ab
1216 2911 1330 2970 hostibus,

259 2976 302 3040 qui
317 2977 385 3024 leodic
400 2979 521 3034 tentabste
544 2977 608 3040 quod
624 2991 679 3026 sane
695 2976 780 3040 frigide
811 2977 907 3026 etiamr
920 2978 977 3037 suis,
988 2987 1063 3038 crant,
1075 2985 1104 3025 ut
1116 2985 1165 3026 tota
1177 2976 1329 3024 namatiodo-

259 3041 365 3089 rdtlitum
376 3041 448 3090 foret:
466 3041 507 3089 sed
516 3051 595 3088 tamen
603 3042 663 3089 neci
707 3057 732 3089 m
744 3059 779 3093 sa·
810 3051 853 3090 eet.
882 3042 954 3090 Ilnn.
970 3041 1081 3091 ,Colerus
1092 3042 1161 3091 dabat
1170 3044 1197 3088 ln
1207 3047 1242 3088 tat
1252 3043 1330 3087 mort

259 3105 382 3169 tisplacet.
402 3105 597 3169 Ingeniosiusest,
607 3121 638 3169 qu
679 3105 780 3157 Trillero
810 3107 854 3154 tur
870 3107 983 3155 boetiam
1018 3107 1075 3171 Bip.
1094 3114 1233 3165 extremum,
1256 3105 1331 3169 quod,

261 3171 473 3218 inurentemvenit
488 3170 548 3218 Obs.
564 3184 589 3232 p.
604 3170 661 3218 423.
677 3171 781 3221 nostram
810 3170 929 3236 quomodo
952 3186 968 3218 a
987 3172 1087 3220 bbrariis
1107 3170 1208 3235 pommb
1225 3169 1283 3218 verti
1302 3169 1330 3218 in

261 3235 365 3308 etpnem
377 3249 409 3308 ιιι.
425 3234 467 3307 ita,
477 3243 511 3308 ‘ut
524 3235 627 3310 borthm
644 3234 674 3282 sit
683 3237 780 3299 cellum,
811 3235 1099 3312 Iwrttam‚difficiledictu.
1122 3235 1329 3283 Potiusborrertam

261 3297 780 3426 terbelllffitnffstffi
811 3299 1331 3428 nntlttdttbllffl

260 3426 348 3486 schola,
360 3426 402 3490 qui
413 3433 511 3475 mortem
518 3428 624 3489 januam,
635 3427 730 3484 ostium,
739 3445 781 3478 ro-
811 3444 859 3492 que
876 3429 914 3484 tt.
925 3432 965 3477 25.
980 3444 1023 3494 pro
1037 3429 1158 3476 renouata
1172 3425 1227 3474 libri
1242 3426 1331 3475 babent

260 3493 352 3547 cabant,
362 3500 390 3538 nt
400 3490 457 3539 locis
467 3493 559 3540 Seuere
569 3500 592 3539 et
599 3492 695 3540 Amani
705 3503 783 3542 osten-
812 3495 839 3541 irc
849 3495 921 3554 ncne,
933 3495 1032 3542 sutosa.
1319 3517 1322 3525 ·

260 3555 330 3602 ditur.
362 3555 435 3604 Adde
449 3555 542 3619 plurae
553 3556 629 3620 Idpsii
640 3557 781 3606 Manud.ad
843 3561 927 3623 Etjor
935 3559 1050 3622 hostiam]
1068 3555 1205 3605 Flet-Bud.
1212 3555 1276 3620 Agr.
1286 3555 1329 3605 ad-

261 3619 350 3668 Philos.
365 3621 434 3668 Staio
452 3621 529 3678 3,-23.
562 3620 609 3669 Sed
624 3620 649 3668 in
660 3621 711 3670 istis
724 3623 781 3672 loeis
811 3622 872 3671 dunt
882 3631 925 3672 cst.

261 3690 302 3730 aut
316 3685 404 3732 mentio
420 3687 522 3732 corcertr
538 3691 561 3732 et
577 3686 695 3745 custodire,
712 3687 780 3735 utin
842 3690 935 3750 Imprr.
947 3685 1272 3748 numentanorum]
1284 3686 1328 3734 ie.

261 3747 313 3794 loco
328 3750 430 3805 Senecre,
446 3757 487 3796 aut
507 3748 573 3796 aliud
588 3748 646 3812 q'uid
662 3752 779 3813 precedit,
808 3753 881 3812 iactat
895 3751 1018 3799 Gallonrm
1033 3753 1077 3799 sub
1094 3750 1166 3800 ductu
1183 3759 1207 3799 et
1222 3750 1329 3814 auspiciis

261 3819 288 3858 nt
305 3811 330 3857 ln
346 3811 402 3862 locIs
413 3813 509 3861 Arriani
522 3813 545 3871 l,
558 3815 582 3862 9.
594 3821 618 3861 et
631 3816 671 3862 211.
686 3824 781 3878 propter
812 3815 931 3863 Romanos
961 3815 1109 3876 militaturos,
1142 3823 1329 3878 sacramentoque

261 3875 325 3938 quod
335 3876 387 3923 ostii
397 3877 436 3924 rel
441 3878 520 3938 janue
530 3877 654 3942 appellatio
661 3881 781 3928 conveniat
812 3879 887 3928 uuus
902 3879 1012 3928 dietum
1038 3880 1099 3929 Mox
1114 3882 1236 3942 rimaeque
1251 3881 1329 3927 uberat

261 3939 346 4013 mertis
373 3940 445 3999 velut,
468 3942 603 3991 abeundum
625 3959 673 3992 erse
694 3945 781 4001 evita,
810 3944 962 3993 austum
973 3943 1329 4055 Ryekiusautemebls.ffi

261 4003 424 4066 relmqnendas
434 4005 546 4065 miserias,
563 4015 606 4055 etc.
639 4007 780 4070 Simpliciter
810 4007 950 4057 ediditadw
961 4023 1008 4058 vor.
1031 4009 1168 4059 strenis.
1185 4007 1253 4056 Harl.
1278 4007 1285 4018 ⁰

261 4077 361 4132 mortem
382 4067 494 4131 appellari
514 4073 601 4118 ortium
624 4073 780 4134 autjurruanr
810 4070 1329 4138 arqueeffioeciusummio.nu.1nnun

260 4135 427 4192 miserturum,
438 4131 544 4180 nondum
551 4135 634 4198 reperi,
647 4151 689 4186 nec
703 4137 781 4186 doceri
810 4136 874 4187 deest
884 4141 970 4198 virtus,
981 4146 1113 4186 remanente
1122 4152 1175 4199 que,
1184 4135 1330 4202 quodnegli-

219 4220 221 4228 =
261 4197 414 4263 passecredo.
447 4196 621 4246 Immonstium
632 4202 781 4251 miseriarum
809 4202 914 4264 gentiam
925 4202 1013 4251 librarii
1027 4202 1112 4266 prodit.
1133 4201 1198 4250 Bud.
1212 4203 1328 4249 donner.

260 4277 302 4324 per
313 4261 464 4309 Latinitatem
469 4259 529 4308 foret
536 4263 653 4312 aduerat
661 4269 778 4327 murrea«,
809 4267 933 4326 Acidalius
943 4266 1121 4330 interrogatione
1131 4267 1181 4315 bec
1191 4275 1215 4315 et
1224 4280 1281 4314 mox
1290 4279 1327 4312 se·

257 4329 390 4454 -ιι
400 4325 779 4460 nannenten
810 4329 1329 4459 mermes

263 4461 286 4498 et
294 4454 338 4501 hnc
347 4455 408 4502 male
417 4463 516 4503 tractum
532 4471 600 4505 essee
612 4460 727 4522 proximo,
738 4462 780 4508 nbi
846 4463 958 4509 Poterant
975 4477 1030 4509 eum
1047 4461 1165 4526 marim]
1178 4459 1234 4510 MS.
1249 4457 1329 4507 uuetf.
