3059 4975
222 255 283 314 362
521 251 556 312 C.
576 247 809 312 CORNELIUS
827 251 1003 313 uncinus

221 415 375 482 tissimum
395 411 521 480 initium
541 415 683 482 credunt.
731 417 801 480 Nec
820 415 945 482 dicrum
962 417 1144 498 numerum,
1166 429 1204 485 ut
1224 443 1291 500 noa,
1321 463 1324 469 ,

222 501 277 567 scd
290 499 429 565 noctium
442 513 634 589 computant.
681 502 732 568 Sic
746 503 951 581 constituunt,
963 503 1006 568 sic
1019 504 1206 570 condicunt:
1228 529 1292 572 nox

221 588 335 653 ducere
348 586 432 652 diem
446 587 579 652 videtur.
625 587 713 652 Illud
727 610 766 651 ex
781 586 924 654 libertate
933 589 1056 668 vitium,
1072 591 1158 676 quod
1173 615 1237 656 non
1252 594 1292 656 si·

221 672 299 748 mul,
315 695 371 737 nec
385 686 423 737 ut
441 673 522 761 jussi
536 674 736 752 conveniunt,
752 673 807 737 sed
821 686 853 738 et
866 677 944 740 alter
963 687 997 740 et
1014 675 1122 741 tertius
1135 677 1202 742 dies
1216 701 1298 743 cun⁸¹

220 759 355 826 cutione
372 758 550 824 cocuntium
569 759 752 824 absumitur.
798 761 845 826 Ut
865 762 968 826 turbae
981 761 1109 848 placuit,
1123 764 1291 829 considunt

220 845 342 911 armati.
386 844 550 910 Silentium
569 867 626 931 per
647 845 838 924 Sacerdotes,
853 848 970 934 quibus
992 862 1061 912 tum
1081 863 1112 912 et
1129 849 1290 914 coercendi

215 931 271 1019 jus
285 943 342 1010 est,
361 929 542 1020 imperatur.
587 933 669 996 Mox
691 935 774 1009 Rex,
788 933 839 996 vel
854 933 1013 1020 Princeps,
1028 948 1124 1023 prout
1136 949 1211 1000 aetas
1224 935 1292 999 cui·

219 1039 292 1103 que,
315 1030 410 1103 prout
431 1016 585 1096 nobilitat,
606 1030 703 1106 prout
725 1018 821 1083 decus
841 1019 1005 1099 bellorum,
1028 1034 1125 1110 prout
1142 1021 1289 1086 facundia

219 1115 277 1181 eet,
292 1101 476 1182 audiuntur,
491 1102 674 1170 auctoritate
688 1103 839 1170 suadendi
853 1106 962 1192 magis,
999 1129 1073 1170 uam
1084 1107 1220 1194 jubendi
1232 1129 1288 1194 po-

221 1199 342 1254 testate.
390 1188 423 1252 Si
446 1187 604 1276 displicuit
629 1190 790 1267 sententia,
813 1191 939 1256 fremitu
1003 1204 1209 1279 spemantur3
1241 1192 1293 1259 ain-

219 1273 347 1361 placuit‚
362 1274 495 1339 frameas
505 1275 696 1342 concutiunt.
727 1277 1012 1342 Honoratissimum
1026 1277 1176 1343 adsensus
1188 1301 1291 1365 genus

221 1373 279 1439 est,
293 1359 388 1425 armis
400 1359 537 1426 laudare.

220 1608 244 1652 et
256 1602 384 1663 perspicue
398 1599 533 1650 habeamus.
566 1600 613 1650 Sed
627 1615 684 1650 uuus
696 1617 738 1649 au·
768 1596 827 1664 gelli
836 1603 930 1650 coelum
940 1601 1009 1666 plane
1017 1611 1044 1648 ut
1054 1601 1104 1649 cod
1123 1599 1212 1664 Kappii
1222 1616 1241 1648 a.
1252 1602 1290 1650 cd.

219 1664 324 1714 diculus.
340 1665 412 1713 ERN.
439 1665 487 1714 Ed.
498 1666 568 1714 Rom.
577 1667 737 1730 ouspteausrt.
770 1665 920 1712 Norimb.ad
934 1665 997 1729 quod
1012 1665 1155 1728 Longoliuar
1173 1665 1289 1728 “quidsi

220 1745 294 1777 mum.
769 1744 812 1793 pro
827 1736 927 1778 actuum
933 1731 965 1777 t”
996 1729 1044 1777 Ed.
1066 1731 1135 1777 llum.
1152 1730 1223 1779 habet
1239 1745 1284 1776 ere-

253 1797 300 1844 Seu
310 1796 427 1858 noctium]
445 1794 483 1842 De
493 1795 538 1843 hoc
548 1795 594 1843 ritu
601 1811 622 1844 v.
634 1796 702 1858 plura
712 1796 737 1843 in
770 1801 846 1842 tuum.
875 1795 932 1842 Put.
942 1797 1085 1842 cocuntium.

220 1859 323 1908 Scherzii
333 1860 410 1908 Gloaa.
421 1860 559 1908 Germanico
564 1860 635 1909 madii
643 1861 702 1909 ari:
715 1876 737 1909 v.
805 1861 839 1907 Ut
852 1861 927 1907 turbo
937 1861 1039 1921 placuit,
1051 1859 1173 1906 correidunt
1184 1862 1273 1906 annoti

221 1926 314 1972 Nocte.
768 1923 865 1988 Scripsit
876 1924 972 1971 omnino
987 1924 1093 1984 Tacitus,
1115 1925 1148 1970 Ul
1156 1925 1225 1970 turbu
1231 1926 1292 1986 pluae

253 1991 295 2036 Sic
309 1991 463 2048 conciliarunt,
479 1991 514 2036 alc
525 1990 659 2054 condicunt]
676 1990 737 2039 Sunt
769 1991 837 2036 ertit.-
855 2005 897 2036 rua
906 1988 963 2051 ipsis
974 1989 1067 2037 scilicet.
1095 1989 1222 2050 Postquam
1231 1989 1286 2036 ends

219 2056 290 2102 rerba
301 2054 407 2115 loremia,
419 2069 472 2118 que
487 2055 632 2102 illustrantur
646 2069 661 2102 e
676 2057 737 2102 Gro-
768 2052 901 2116 frequenta
908 2054 1039 2102 convenisse
1049 2053 1094 2102 eibi
1104 2052 1147 2101 riui
1157 2061 1218 2102 sunt.
1252 2053 1286 2102 llt

218 2119 288 2166 novio
298 2119 357 2168 Oba.
377 2119 398 2179 1,
412 2121 434 2168 l.
467 2119 528 2167 Vult
542 2118 616 2166 dicere
631 2117 656 2166 in
668 2122 736 2168 rebus
767 2117 1174 2180 habetetpuoartsuamvenerem.
1194 2117 1232 2166 Sic
1242 2117 1285 2166 Iri·

218 2183 356 2244 forensibus,
368 2199 422 2232 cum
439 2191 531 2248 tempus
548 2192 637 2231 certum
651 2185 736 2232 conati-
768 2181 819 2230 vina
827 2183 914 2241 ³3‚31.
926 2183 1072 2230 Antiochum
1079 2189 1286 2242 transgressurum

218 2247 333 2296 tuendum
345 2257 387 2308 eet,
398 2257 426 2296 ut
435 2248 461 2296 ln
469 2247 606 2298 vadimoniis
616 2257 639 2296 et
653 2249 735 2296 simili.
768 2248 795 2292 ln
809 2248 932 2308 Europam
949 2263 1024 2310 quum
1036 2249 1144 2310 primum
1155 2248 1178 2291 ei
1188 2262 1226 2292 ree
1237 2263 1287 2294 euoe

217 2313 271 2372 bue,
289 2321 367 2362 noctes
387 2313 480 2372 finiunt,
503 2327 550 2360 non
571 2313 634 2361 dier:
660 2329 736 2377 neque
762 2313 1120 2372 praecesserauonduoluouut.
1138 2309 1287 2370 lucaman.

218 2376 264 2424 diei
275 2377 338 2441 apud
348 2378 409 2438 illua,
425 2378 465 2425 sed
480 2378 552 2426 noctis
566 2377 642 2426 dictio.
671 2377 734 2426 Add.
771 2378 818 2424 Ubi
833 2378 1013 2439 sutupuouore
1029 2379 1099 2437 viror,
1116 2378 1202 2438 etjam
1218 2377 1286 2422 noller

218 2441 367 2492 Casuum
375 2445 443 2503 6,Ῑᾶ
456 2442 517 2491 Mox
525 2457 572 2491 nou
578 2443 639 2491 diem
652 2444 735 2491 ducere
767 2455 855 2503 quoque
862 2441 1286 2504 addeleudumprloremlgnomlnium
1342 2439 1346 2447 '

217 2508 363 2565 uidetunest
373 2522 421 2555 nox
431 2508 494 2571 prior
504 2508 549 2568 die,
561 2508 735 2572 diesacquino·
766 2508 854 2553 losum
868 2509 982 2570 poscebat.
1004 2508 1109 2555 Velleius
1120 2508 1145 2565 2,
1158 2506 1211 2553 ua
1245 2509 1287 2553 Itu

217 2579 288 2629 uem,
300 2560 464 2619 urealaraia
482 2572 556 2619 Eun.
761 2572 869 2631 placebat
878 2573 984 2618 turoam
991 2572 1287 2631 uumerueeuunilufidu·

250 2636 310 2683 Nun
320 2637 399 2693 umal,
411 2638 533 2699 uecjmet']
548 2635 734 2697 Bambcrgeneie,
765 2635 803 2679 cio
819 2635 918 2692 virium,
929 2642 957 2681 ut
972 2636 1103 2695 ubicunque
1121 2637 1203 2683 Caeeur
1218 2641 1283 2690 cerel.

208 2699 291 2763 jusu.
323 2698 452 2747 Rhenanus
465 2700 491 2746 in
506 2698 578 2746 veteri
591 2699 669 2746 codice
685 2698 733 2761 (cd.
765 2698 829 2745 cabil
835 2698 861 2744 iu
871 2712 896 2745 ee
904 2706 1049 2760 reponerent.
1073 2700 1160 2747 Senma
1170 2700 1285 2761 epium

218 2764 339 2827 Norimb.)
350 2764 397 2828 legi
413 2764 454 2826 ait,
465 2778 507 2812 uec
522 2765 625 2827 injussi.-
642 2778 671 2811 ex
687 2778 735 2827 quc
765 2764 1002 2817 aonmtnmuueura,
1008 2766 1286 2826 cumillivlreeeuuplu·

217 2830 353 2879 beneetiam
361 2829 484 2893 scripseris,
494 2830 643 2893 uecutjueei.
659 2828 734 2878 Iura.
767 2828 867 2876 ruerint.
873 2828 1048 2888 sucurram.
1057 2828 1286 2890 'l'hebaiddetaumr

217 2894 275 2943 MS.
286 2893 404 2958 quondam
411 2893 585 2954 Pirclrheimeri,
594 2892 648 2941 dein
655 2893 735 2941 Comi-
769 2891 849 2947 Quum
856 2894 962 2956 profugo
969 2894 1080 2955 placuere
1091 2896 1146 2952 tori,
1160 2896 1283 2955 corumque

218 2959 249 3007 tia
265 2958 387 3007 Arondelii
403 2974 445 3006 uec
461 2967 488 3007 ut
496 2958 571 3021 junru
587 2960 734 3007 conueniunt.
768 2963 859 3018 recepto
869 2960 992 3019 Sanguine
1002 2974 1091 3019 magua
1104 2960 1175 3006 redte
1192 2958 1283 3007 (lana.

217 3024 251 3072 Et
269 3024 302 3072 ele
322 3024 456 3087 legendum,
476 3032 525 3085 aut,
537 3023 735 3089 quemadmodum
768 3021 865 3085 Recepit
876 3021 1109 3071 lurtuAlemannua.
1141 3023 1194 3071 Nec
1203 3022 1283 3069 dubito

218 3088 323 3153 lo'pdua,
334 3096 362 3137 ut
368 3092 450 3152 jurat.-
462 3089 506 3137 hoe
512 3096 554 3149 est,
565 3102 612 3135 non
623 3096 736 3150 tanquam
767 3086 851 3134 melias
861 3102 910 3135 eece
917 3088 1018 3150 vulgato.
1029 3088 1103 3137 Ean.
1126 3088 1227 3137 Iallcm.
1238 3102 1285 3135 uun

217 3168 247 3203 ex
257 3152 308 3217 lage
318 3162 341 3202 et
351 3154 457 3217 imperio,
473 3162 501 3201 nt
515 3153 544 3201 ud
555 3152 617 3199 diem
634 3152 735 3201 edictum
767 3150 860 3215 recepit,
877 3151 982 3215 probavit
997 3160 1085 3212 tamen,
1103 3153 1162 3201 sicut
1176 3160 1201 3201 et
1217 3152 1283 3199 Brot.

216 3218 323 3279 ιάἰςίοη
343 3218 499 3265 observatione
524 3224 659 3272 occurrente
687 3232 735 3265 non
766 3214 890 3273 Bletmluc,
898 3216 947 3266 alu
964 3216 1098 3281 Bipontinia
1104 3218 1226 3281 vulgatum
1233 3216 1285 3281 pla·

232 3281 284 3329 uari
293 3290 398 3345 parentes
411 3281 509 3345 irnperio
522 3280 642 3329 indicentis
652 3282 689 3329 vel
699 3281 736 3330 in-
767 3288 810 3328 cet.

216 3299 352 3406 luentium,
364 3346 473 3394 redvelut
480 3345 601 3395 commodo
611 3346 735 3395 etarbitrio
801 3344 891 3399 Quidue
901 3352 983 3394 tumet
991 3344 1166 3410 coeroeudljur]
1188 3345 1228 3393 Ex
1234 3345 1284 3392 Ar-

215 3427 266 3461 auo·
294 3412 328 3461 Ut
338 3410 374 3459 illi
388 3410 492 3459 adunam
510 3410 616 3459 Plautini
627 3411 693 3459 Poen.
708 3414 733 3473 3,
765 3408 841 3472 tolphi
857 3410 947 3459 codice:
966 3412 1049 3473 quibua
1064 3416 1143 3457 tumen
1157 3411 1283 3467 coercendi,

218 3480 241 3537 l,
251 3476 336 3541 laqui
343 3478 424 3523 llberos
432 3477 589 3539 dominusper
596 3476 678 3523 urbem
685 3492 735 3523 mo·
766 3473 896 3523 Rhmanue
905 3484 977 3525 notat
1011 3476 1042 3523 In
1057 3474 1107 3522 cod.
1122 3473 1201 3538 Kapp.
1211 3488 1284 3537 quem

215 3544 275 3601 dico,
287 3543 367 3603 mugla
376 3558 426 3605 pur
441 3556 496 3601 eree,
505 3543 585 3603 gradu
602 3543 645 3599 tre,
658 3556 733 3589 ceure-
765 3539 847 3586 a-md.
862 3540 974 3603 Artolphi
984 3555 1033 3588 non
1044 3538 1159 3587 divmarum
1170 3546 1236 3602 puto,
1248 3547 1284 3587 cat

215 3608 278 3653 lunt.
296 3606 387 3655 (laon.
420 3606 489 3653 Nihil
500 3605 732 3664 aliudfuitinlibru‚
765 3605 876 3667 ruquod
890 3605 1019 3654 Rhenanus
1028 3604 1085 3667 legit
1099 3608 1185 3652 tumea
1217 3602 1283 3651 Mihi

215 3670 278 3718 unde
292 3670 344 3718 end.
360 3670 393 3718 Κ,
411 3670 487 3719 editus
502 3679 545 3731 eat,
559 3670 600 3735 qui
616 3668 685 3718 habet
696 3672 733 3718 lu·
765 3667 856 3716 ridetur
875 3685 928 3718 erae
947 3682 1069 3731 oper-amm
1087 3666 1171 3715 vitium
1187 3683 1230 3731 pro
1250 3670 1285 3717 tu.

207 3736 282 3799 μή.
313 3734 367 3797 Ego
379 3738 475 3799 utJueri
482 3736 549 3784 cdere
562 3749 609 3783 nnn
620 3734 732 3797 dubitavi,
764 3732 838 3781 Eure.
855 3734 903 3782 Ed.
913 3734 1020 3782 Norimb.
1032 3734 1061 3779 tri
1071 3737 1102 3779 et.
1121 3731 1168 3779 Ed.
1181 3733 1253 3781 Ram.
1261 3742 1284 3780 et

214 3798 468 3863 quodetBurmannue
476 3802 596 3865 probabat.
615 3798 733 3849 Habuiase
765 3796 822 3846 Ms.
839 3798 949 3863 Longulii
964 3804 1042 3845 tumen
1057 3803 1088 3845 et.
1128 3796 1183 3847 Hoc
1198 3797 1282 3861 recepit

213 3864 306 3913 ridetur
322 3862 438 3913 inanimo
453 3865 531 3913 lucum
542 3864 627 3927 virgil
642 3864 731 3925 ΕΜ,
765 3860 866 3926 Longu.
877 3863 969 3912 Putccl.
979 3869 1039 3910 tum.

214 3930 270 3979 236.
281 3929 416 3976 baudrecur
422 3929 628 3994 ucjuaelsuoluut.
648 3929 733 3978 Paullo
797 3928 877 3977 Prcut
892 3935 949 3976 otas
964 3925 1223 3991 cuiq'ue]'Claudianus
1237 3926 1283 3973 hoc

212 4004 266 4058 post
276 3992 324 4043 cod.
335 3991 413 4057 Kapp
422 4008 464 4057 pru
471 3998 603 4043 coeuntium
612 3994 732 4042 habetcoe.
764 3990 834 4040 etiam
849 3994 874 4040 in
886 3992 971 4047 Getico
983 4007 1089 4041 consensu
1104 4000 1169 4039 notat
1183 3990 1283 4038 debello

213 4062 283 4107 llum.
302 4057 375 4106 Ena.
402 4058 458 4106 MS.
470 4059 579 4123 Iaongolii
587 4074 627 4107 uec
637 4061 731 4121 lrp'ueel.
764 4056 846 4105 Getico
852 4059 1177 4120 479.-pn'moequeauorum
1183 4057 1283 4104 Consul·

212 4123 252 4173 Sic
263 4133 286 4172 et
297 4122 333 4172 ed.
351 4123 422 4171 Rom.
437 4122 571 4173 Gebaverus
586 4124 603 4171 l.
615 4139 635 4173 c.
655 4140 679 4187 p.
691 4125 732 4173 30.
763 4123 1085 4185 turejulet‚belllruouleque
1093 4122 1210 4169 verendos.
1225 4121 1282 4169 Cri·

212 4187 308 4252 perinde
315 4196 391 4249 putat,
406 4187 453 4236 rive
466 4188 529 4250 legas
539 4204 580 4235 neo
588 4188 663 4249 jurei,
683 4188 730 4237 sire
762 4188 844 4247 algeri
855 4189 1026 4249 ecdereputrca.
1044 4188 1119 4235 Iura.

212 4266 253 4299 nec
264 4259 291 4299 ut
301 4254 382 4314 jurrl,·
400 4266 494 4300 emaum
502 4266 558 4309 csse,
568 4254 730 4312 etiumrijuari
790 4253 836 4298 Sin
837 4254 937 4312 placuit,
939 4254 1049 4315 frameae
1060 4252 1208 4315 caucetum]
1216 4248 1280 4298 Add.

203 4316 311 4374 suerint,
322 4323 387 4363 extra
398 4316 502 4363 ordinem
516 4316 600 4363 scilieet
615 4324 637 4363 et
651 4315 681 4361 ad
693 4332 729 4364 re-
762 4314 796 4365 H.
809 4318 833 4376 5,
848 4317 884 4371 17.
902 4316 974 4365 ERN.

212 4378 498 4438 pentluammifiemaeti.
527 4380 653 4429 DeinMS.
665 4380 729 4429 Inn-
756 4412 768 4421 .,
