3059 4975
461 544 512 637 O.
538 544 823 637 CORNELII
859 540 1058 633 TACITI

368 734 1121 846 ‘HISTORIARUM

545 945 709 1021 mana
736 944 955 1020 narnus.

666 1135 834 1171 *-

541 1286 817 1349 BREVIARIUM
837 1286 963 1371 LIBRI.

199 1380 202 1387 ·
224 1369 233 1401 1

204 1421 281 1498 Gap.
305 1425 331 1479 1.
351 1418 527 1478 Praefamen.
566 1417 707 1478 Auctoris
728 1417 868 1496 dignitas,
893 1415 1177 1486 remansurorum.
1203 1421 1248 1477 ·2.
1268 1423 1297 1478 3.

201 1526 206 1532 ·
243 1498 401 1558 Praesentis
420 1497 550 1557 historiae
563 1516 677 1557 summa
689 1495 798 1575 capita.
837 1500 866 1556 4.
879 1500 907 1557 5.
922 1499 1022 1555 Status
1043 1495 1133 1565 urbis,
1148 1514 1231 1554 mens
1245 1516 1297 1555 ex-

201 1619 205 1626 ·
247 1580 405 1647 ercituum,
426 1576 546 1635 habitus
565 1576 794 1654 provinciarum,
815 1574 915 1635 occiso
929 1575 1062 1634 Nerone.
1101 1574 1299 1653 Nymphidius

200 1696 205 1703 ·
243 1656 407 1737 imperium·
421 1656 586 1728 adfectans,
606 1674 774 1733 oppressus.
813 1658 842 1715 6.
857 1657 885 1719 7.
905 1654 1031 1714 Galbam
1052 1654 1212 1713 crudelitas
1233 1673 1297 1721 sua,

206 1773 208 1776 -
242 1747 326 1807 aetas,
340 1735 476 1827 corporis
489 1734 585 1794 forma
599 1744 631 1793 et
643 1735 806 1793 amicorum
820 1734 891 1793 vitia
904 1733 1034 1792 reddunt
1053 1732 1189 1793 invisum.
1230 1736 1257 1792 8.
1272 1738 1299 1795 9.

244 1818 346 1874 Status
357 1814 522 1891 Hrspaniae,
532 1812 649 1882 Galliae,
661 1812 908 1872 Germanicorum
922 1812 1118 1883 exercituum,
1130 1812 1298 1882 Britannia,

203 1921 206 1925 ⁸
240 1892 365 1973 Illyrici.
408 1896 453 1953 10.
467 1892 503 1949 ln
517 1891 602 1970 Syria
611 1892 748 1951 Muciani
759 1891 883 1951 virtutes
898 1903 928 1951 et
938 1892 1017 1951 vitia.
1058 1890 1299 1969 FlVespasiani,

243 1976 263 2032 J
265 1973 403 2031 udaicum
413 1970 524 2031 bellum
534 1970 773 2039 administrantis,
783 1971 894 2029 animus
904 1971 935 2027 in
946 1970 1082 2029 Galbam.
1105 1974 1151 2029 11.
1164 1970 1301 2049 AEgypti,

244 2052 366 2118 Africa,
388 2050 593 2119 Mauretania,
617 2048 751 2118 Rbaetioe,
773 2049 888 2121 Norici,
912 2048 1057 2119 Thraciae,
1081 2048 1174 2107 ltaliae
1195 2060 1300 2122 status,

244 2132 328 2191 Coss.
339 2128 436 2189 Galba
449 2138 481 2187 et
494 2127 592 2188 Vinio.

287 2214 332 2268 12.
346 2206 515 2267 Deficiente
523 2205 682 2285 superioris
690 2203 856 2267 Genuaniae
866 2204 970 2279 milite,
979 2204 1076 2266 Galba
1085 2207 1122 2266 de
1131 2207 1299 2285 adoptando

247 2290 365 2350 Gaesare
375 2286 497 2365 cogitat.
528 2290 575 2347 13.
588 2285 691 2344 Vinius
703 2285 816 2345 Othoni
827 2284 919 2353 favet,
932 2306 993 2345 non
1007 2285 1048 2345 ita
1058 2288 1137 2346 Laco
1150 2296 1181 2345 et
1191 2286 1299 2345 Icelus.

197 2422 203 2432 ,
248 2372 294 2430 14.
308 2366 415 2436 Galba,
428 2364 584 2424 transactis
599 2363 719 2443 imperii
733 2363 870 2431 comitiis,
886 2363 1024 2423 Pisonem
1039 2365 1131 2443 eligit,
1145 2364 1295 2424 hominem

246 2446 359 2525 antiqui
372 2447 462 2504 moris
476 2454 508 2503 et
519 2462 666 2514 severum,
681 2444 731 2504 cui
761 2448 810 2505 15.
825 2448 871 2504 16.
884 2442 941 2503 ado
962 2443 1049 2504 tionis
1064 2462 1182 2504 caussas
1196 2455 1226 2503 et
1240 2446 1299 2505 Im·

244 2525 318 2608 parii
332 2523 553 2583 administrandi
567 2522 721 2582 consilium
734 2523 838 2602 aperit.
882 2527 927 2586 17.
941 2466 1055 2582 Pisonis
1070 2523 1146 2582 inter
1159 2523 1223 2582 baec
1236 2545 1301 2584 mo·

244 2604 370 2674 deratio,
409 2605 454 2664 18.
468 2602 589 2680 adoptio
603 2602 750 2662 incastris
771 2613 952 2680 nuncupata,
997 2607 1043 2664 19.
1058 2613 1121 2661 tum
1141 2602 1171 2659 in
1185 2615 1299 2662 senatu.

245 2681 351 2762 Legati
372 2682 412 2742 ad
430 2681 599 2742 defectores
617 2681 709 2744 missi.
747 2685 798 2742 20.
819 2681 946 2741 Neronis
969 2681 1102 2762 prodiga
1124 2681 1298 2742 donationes

245 2781 387 2822 rescrssae.

285 2847 334 2902 21.
347 2840 463 2902 Othoni
481 2859 534 2919 spe
547 2839 631 2918 lapso
646 2839 801 2898 consilium
814 2839 845 2898 in
859 2839 989 2909 turbido,
1031 2845 1079 2900 22.
1093 2839 1300 2919 instigantibus

247 2920 374 2989 libertis,
390 2920 490 2988 servis,
504 2918 740 2987 mathematicis3
770 2924 818 2980 23.
833 2923 880 2980 24.
895 2918 1005 2999 paratis
1017 2921 1078 2998 jam
1093 2931 1161 2978 ante
1175 2920 1300 2978 militum

246 2998 352 3058 studiis
372 3019 425 3078 per
438 2998 597 3058 blanditias
618 3009 650 3056 et
670 2997 854 3076 largitiones,
876 2999 1021 3058 oscitante
1041 2999 1078 3057 ad
1098 2998 1129 3057 id
1143 2999 1301 3060 Praefecto.

246 3083 297 3140 25.
311 3081 361 3138 26.
376 3079 458 3156 Ergo
469 3080 530 3156 jam
544 3077 676 3155 legiones
688 3089 719 3136 et
729 3079 841 3138 auxilia
852 3097 907 3157 pro
918 3077 1048 3136 Othone.
1081 3080 1129 3141 27.
1144 3078 1219 3136 Mox
1231 3098 1302 3139 con·

247 3159 392 3218 salutatus
405 3157 570 3234 Imperator
611 3160 659 3216 28.
673 3155 777 3215 castris
791 3157 980 3216 Praetorianis
993 3157 1127 3216 infertur.

286 3241 335 3298 29.
349 3241 397 3298 30.
411 3235 480 3294 Piso
492 3235 656 3305 cohortem,
668 3254 735 3314 quae
744 3235 775 3292 in
789 3237 898 3314 palatio
909 3236 1066 3295 stationem
1080 3237 1151 3314 agit,
1164 3238 1300 3297 hortatur

247 3315 286 3375 ad
297 3315 397 3376 hdem.
424 3320 474 3379 31.
488 3315 545 3373 Illa
557 3326 643 3393 parat
657 3315 753 3393 signa,
765 3315 885 3394 reliquis
900 3315 993 3394 copiis
1007 3315 1222 3376 deficientibus.
1251 3323 1300 3378 32.

247 3400 297 3455 33.
318 3394 418 3452 Plebis
436 3393 569 3452 adulatio
583 3406 614 3452 et
626 3394 739 3452 levitas.
781 3395 921 3454 Fluctuat
935 3395 1034 3454 Galba
1048 3414 1116 3453 cum
1135 3396 1247 3466 amicis,
1262 3416 1301 3456 an

248 3473 486 3532 occurrendum?
508 3476 557 3534 34.
575 3472 767 3532 Praemittitur
780 3473 810 3531 in
825 3485 922 3532 castra
931 3473 1010 3532 Piso.
1031 3472 1133 3532 Falsus
1148 3475 1185 3532 de
1200 3477 1300 3535 occiso

250 3551 373 3610 Othone
395 3571 507 3613 rumor.
545 3555 594 3613 35.
615 3551 748 3630 Populus
769 3562 800 3610 et
822 3551 948 3612 Senatus
969 3552 1093 3624 Galbae;
1135 3557 1184 3614 36.
1205 3566 1302 3615 castra

248 3629 362 3690 Othoni
381 3630 491 3689 favent.
530 3633 581 3694 37.
594 3635 642 3692 38.
658 3630 716 3690 Hic
729 3631 855 3690 militurn
875 3633 987 3691 animos
1005 3631 1139 3691 oratioue
1158 3633 1213 3692 sibi
1227 3653 1299 3694 con·

247 3709 330 3768 ciliat
341 3735 351 3785 3
375 3709 480 3768 Galbae
501 3720 533 3767 et
552 3709 650 3769 Pisoni
669 3710 770 3770 reddit
789 3711 928 3770 infensos.
968 3711 1062 3770 Arma
1081 3709 1166 3778 militi
1187 3713 1300 3776 dividit.

247 3793 298 3850 39.
311 3787 415 3867 Agitat
425 3788 508 3848 Laco
519 3788 557 3847 de
568 3788 649 3847 caede
659 3787 748 3847 Vinii.
775 3793 823 3850 40.
838 3790 935 3850 Galba
944 3790 1079 3850 fluctuat.
1106 3789 1193 3851 Plebs
1206 3805 1301 3856 nutat.

248 3867 410 3927 Othoniani
423 3867 519 3926 forum
533 3870 714 3946 inrumpunt.
753 3873 803 3930 41.
818 3869 916 3930 Galba
930 3870 1075 3940 desertus,
1091 3868 1218 3944 occisus,
1251 3879 1300 3936 42.

248 3946 293 4007 sic
303 3958 335 4006 et
343 3946 458 4005 Vinius.
480 3951 528 4008 43.
543 3945 706 4025 Sempronii
716 3948 809 4008 Densi
822 3949 915 4018 fides.
926 3949 995 4009 Piso
1006 3969 1110 4020 caesus,
1131 3953 1181 4012 44.
1194 3971 1302 4030 magna

248 4025 377 4086 Othonis
390 4025 501 4088 laetitia.
532 4026 665 4086 Oaedium
678 4028 797 4104 praemia
810 4040 967 4107 poscentes
977 4031 1062 4107 jussu
1072 4028 1185 4088 Vitellii
1197 4046 1302 4110 postea

248 4104 409 4165 interfecti.
428 4109 477 4166 45.
488 4105 658 4164 Adulantur
668 4109 793 4165 Senatus
803 4118 834 4166 et
843 4107 974 4186 Populus
984 4109 1128 4168 victorem
1139 4108 1302 4181 Othonem,

249 4184 301 4262 qui
315 4185 483 4244 coercendo
495 4184 621 4244 militum
634 4184 728 4244 furori
747 4186 840 4263 inpar.
879 4192 928 4246 46.
943 4187 986 4244 Hi
999 4189 1169 4248 vacationes
1186 4188 1240 4246 sibi
1254 4207 1301 4246 re-

248 4262 326 4321 mitti
345 4273 461 4342 petunt.
501 4263 585 4323 Laco
599 4274 630 4322 et
643 4263 743 4324 Icelus
756 4265 834 4328 caesi.
873 4269 922 4330 47.
936 4267 1050 4326 Pisonis
1065 4276 1096 4326 et
1110 4265 1147 4324 Τ.
1160 4265 1238 4322 Vinii
1252 4285 1299 4325 se-

248 4342 380 4421 pultura,
420 4345 469 4402 48.
490 4342 598 4420 elogia,
619 4353 805 4408 testamenta.
844 4350 893 4409 49.
913 4345 1018 4406 Galhae
1038 4344 1198 4423 sepultura,
1219 4355 1301 4415 aetas,

249 4419 398 4495 nobilitas,
412 4440 519 4497 mores,
533 4422 670 4484 honores.
