3059 4975
220 288 280 345 mo
597 280 900 344 fflsroamaum
1124 286 1296 359 [nasas.

223 450 284 514 hoc
299 452 432 515 Senatus
448 448 569 536 judicio
588 448 675 514 velut
695 448 855 515 admoneri
869 448 1058 537 Principem,
1073 468 1154 537 quos
1167 448 1292 537 probet,

224 558 305 625 quos
324 534 521 600 reformidet:
545 529 667 599 nullum
687 536 790 623 majus
805 534 880 599 boni
896 534 1025 623 Imperii
1038 536 1293 612 instrumentum,

225 642 322 713 quem
335 622 434 687 bunos
448 620 570 686 amicos.
615 622 695 687 Esse
709 620 783 685 satis
799 620 963 700 Marcello,
983 621 1070 709 quod
1085 622 1246 686 Neronem
1260 619 1294 683 in

227 708 357 773 exitium
371 718 418 773 tot
432 706 641 772 innocentium
655 707 814 795 inpulerit.
859 707 1032 772 Frueretur
1041 706 1181 823 praemiis
1197 717 1230 770 et
1245 705 1294 769 in-

226 794 386 885 punitate;
413 792 636 882 Vespasianum
651 792 831 858 melioribus
844 791 1042 881 relinqueret.

271 878 370 945 VIII.
405 876 585 959 Marcellus,
609 886 630 919 ‘⁴
641 902 704 944 non
726 902 815 943 suam
837 879 1019 944 senteutiam
1039 878 1219 966 inpugnari,
1240 874 1296 940 sed

230 966 399 1031 Consulem
412 966 610 1053 designatum
624 966 807 1043 censuisse,”
820 963 953 1045 dicebat,
976 972 997 1004 ‘⁴
1006 965 1176 1030 secundum
1189 978 1296 1027 vetera

229 1051 381 1139 exempla,
418 1075 466 1116 uae
478 1064 591 1117 sortem
601 1050 808 1137 legationibus
816 1050 1055 1147 posuissent,'ue
1065 1050 1225 1114 ambitioni
1240 1060 1296 1112 aut

229 1076 496 1203 immidtiislocus
509 1138 601 1202 foret.
634 1136 723 1200 Nihil
736 1157 883 1213 evenisse,
898 1158 955 1199 cur
968 1137 1143 1223 antiquitus
1156 1135 1298 1199 instituta

230 1224 456 1297 exolescerent3
480 1235 536 1286 aut
550 1220 704 1308 Principis
717 1221 862 1284 honoria
875 1222 1065 1307 cujusquam
1078 1220 1298 1286 contumeliam

230 1322 419 1375 verteretur:
441 1307 579 1372 sufficere
593 1330 700 1371 omnes
718 1305 883 1393 obsequio:
905 1306 939 1370 id
953 1308 1053 1393 magis
1068 1306 1243 1384 vitandum,
1258 1326 1299 1369 ne

230 1394 401 1483 pervicacia
425 1392 623 1480 quorundam
647 1393 827 1457 inritaretur
851 1392 983 1472 animus,
1008 1407 1090 1457 novo
1113 1391 1298 1477 Principatu

231 1500 409 1566 suspensus,
434 1491 466 1543 et
487 1478 594 1543 vultus
615 1502 742 1566 quoque
764 1502 800 1543 ac
822 1500 977 1543 sermones
1002 1479 1143 1542 omnium
1167 1478 1298 1541 cucum-

231 1574 380 1662 spectans.
427 1566 466 1629 Se
481 1564 654 1629 meminisse
668 1578 856 1653 temporum,
878 1565 994 1650 quibus
1013 1578 1107 1629 natus
1127 1563 1177 1643 sit,
1201 1586 1298 1661 quam

230 1648 362 1715 arvitatis
382 1650 515 1715 formam
559 1664 640 1715 atres
658 1652 772 1738 avique
790 1650 997 1715 instituerint:
1020 1650 1168 1714 ulteriora
1180 1648 1298 1727 ulmari,

232 1736 397 1824 praesentia
411 1738 514 1823 sequi:
530 1674 628 1801 iones
640 1736 845 1824 Imperatores
855 1749 930 1800 voto
939 1748 1094 1823 expetere,
1105 1734 1300 1821 qualescum-

255 1844 295 1885 ue
309 1822 447 1887 tolerare.
492 1823 569 1887 Nou
588 1823 687 1909 magis
707 1846 763 1887 sua
776 1818 914 1887 oratione
928 1822 1113 1899 Thraseam,
1135 1842 1231 1907 quam
1248 1820 1301 1907 ju-

231 1846 314 1973 iieio
334 1910 477 1989 Senatus,
497 1909 667 1973 adflictum.
712 1909 873 1973 Saevitiam
889 1907 1022 1972 Neronis
1081 1932 1098 1971 r
1115 1905 1299 1993 hujusmodi

233 1993 383 2082 imagines
403 1994 555 2074 inlusisse,
578 2018 634 2059 nee
655 1995 759 2059 minus
781 1995 839 2059 sibi
860 1994 985 2058 anxiam
1050 2018 1100 2058 em
1121 1991 1299 2070 amicitiam,

233 2102 329 2169 quam
344 2080 410 2145 aliis
424 2081 560 2145 exilium.
599 2081 745 2167 Denique
759 2080 942 2159 constantia,
961 2077 1156 2157 fortitudine,
1171 2076 1300 2142 Catoni·

233 2167 294 2232 bus
316 2180 348 2232 et
373 2167 482 2231 Brutis
507 2181 684 2253 aequaretur
710 2166 894 2231 Helvidius:
925 2188 958 2229 se
979 2188 1078 2229 uuum
1099 2188 1164 2230 esse
1185 2186 1225 2228 ex
1246 2162 1301 2227 illo

234 2372 347 2429 upmeat,
364 2367 389 2413 in
406 2366 441 2415 etl.
454 2366 752 2416 Alsietiexeideraterrure
783 2369 896 2415 censuisse
917 2368 1013 2426 abesset,
1035 2361 1157 2429 probarem
1177 2361 1300 2410 lectionem

235 2446 364 2494 operarum.
393 2430 458 2479 Nam
472 2432 497 2479 In
512 2432 563 2480 aliis
574 2442 627 2481 aute
639 2448 690 2480 eam
702 2432 753 2481 edu,
784 2433 839 2481 MS.
857 2431 937 2479 Guelf.
965 2430 1038 2479 Nune
1052 2430 1151 2477 alterum
1167 2428 1206 2474 eea
1220 2428 1299 2475 locum

236 2497 344 2544 omnibus
352 2505 392 2545 est.
404 2497 477 2544 Eser.
500 2497 566 2545 Brut
576 2499 695 2559 conjectat,
707 2498 752 2560 leg.
783 2498 918 2546 nonhabet.
943 2496 1052 2543 Cetermn
1063 2495 1135 2542 uratia
1145 2501 1188 2551 est,
1196 2502 1224 2540 ut
1233 2491 1299 2552 alibi,

236 2561 331 2619 Seneca,
347 2567 374 2606 ut
391 2559 566 2624 superadditum
576 2562 601 2609 in
611 2562 662 2610 uod.
675 2561 753 2610 Vatia.
783 2561 876 2608 duriore
900 2575 954 2623 quae
971 2560 1109 2619 molliretur,
1129 2559 1149 2607 si
1163 2566 1236 2606 esset:
1260 2557 1301 2605 reu

239 2623 310 2674 1⁹53,
480 2659 483 2664 -
785 2627 855 2672 Cone.
871 2625 1038 2687 dengnmnm
1054 2639 1109 2670 eam
1124 2624 1239 2669 censuim
1255 2629 1300 2670 ete·

271 2688 523 2744 Qaembunuaanetcue.
545 2689 752 2737 EsaeratirMur.
783 2688 874 2736 Verum
890 2702 937 2735 nun
955 2686 1108 2735 neeessariam
1123 2696 1190 2750 puto,
1209 2685 1301 2749 aliquid

237 2754 306 2817 utto]
316 2753 390 2802 MSS.
400 2753 465 2802 Flor.
475 2751 554 2801 Guelf.
565 2754 625 2817 Agr.
637 2753 689 2802 edd.
701 2763 754 2802 ante
783 2752 876 2803 mutari.
891 2753 964 2800 Erus.
980 2751 1090 2814 Repetite
1099 2753 1139 2799 sed
1149 2753 1241 2800 subesse
1251 2750 1300 2799 vim

237 2817 317 2866 Rhen.
342 2819 418 2874 Quam
432 2820 599 2866 bonusamicus
612 2833 664 2866 eree.
688 2821 753 2867 Satis
781 2819 901 2880 judicabat
911 2819 1033 2866 Gruterus.

238 2883 357 2932 Marcello
386 2897 442 2930 uam
452 2883 660 2946 interpunctionem
671 2884 755 2948 recepit
816 2885 849 2931 Id
861 2885 941 2944 magis
955 2882 1092 2946 mandam]
1113 2883 1301 2930 Vitanaamnon

237 2946 350 3012 Ryelrius.
365 2899 437 2996 gar.
466 2947 528 2996 Item
539 2948 604 2996 Brut.
617 2945 679 2997 Lau.
690 2949 753 2996 Cun-
784 2955 833 2996 erat
843 2949 868 2995 in
878 2948 933 2995 MS
943 2947 1007 2994 Bud.
1019 2945 1099 2994 Guelf-
1122 2947 1168 2995 Sed
1177 2947 1203 2994 in
1213 2947 1257 2995 hoe
1267 2954 1303 2994 est

238 3020 275 3060 tra
284 3022 386 3061 ausuum
397 3013 473 3061 Rhea.
486 3027 499 3060 e
510 3012 573 3062 Bud.
589 3012 660 3061 dedit.
680 3013 753 3062 Reae·
784 3013 895 3076 seriptum
910 3011 957 3058 alia
971 3025 1044 3058 manu
1057 3011 1088 3058 sd
1097 3012 1241 3075 marginem
1258 3021 1303 3059 nse

238 3091 293 3140 pere
303 3077 357 3142 Bip.
783 3077 809 3124 id
816 3079 913 3125 verbum
923 3075 1022 3138 intelligi
1029 3076 1140 3124 omissum
1148 3085 1230 3140 potest.
1252 3076 1302 3125 Ve-

271 3143 405 3190 Secandam
420 3149 498 3190 actara
514 3143 635 3206 exempla]
652 3141 706 3190 Hoc
720 3143 755 3190 vi-
783 3155 837 3189 rum
848 3141 940 3200 excidit,
949 3150 977 3188 ut
986 3140 1032 3187 alia
1038 3141 1062 3187 in
1071 3141 1214 3206 hissliimue
1225 3139 1301 3189 Taaiti

239 3215 292 3253 rum
303 3206 397 3254 ductum
408 3207 474 3254 valde
486 3205 583 3254 anxium
600 3206 696 3265 habuit,
714 3207 756 3271 qui
784 3206 858 3255 MSS.
886 3207 947 3254 Mox
964 3207 1112 3267 aumantium
1128 3206 1191 3254 Ποῖ.
1211 3205 1247 3253 ed.
1264 3219 1302 3267 pr.

238 3269 338 3334 negabat
349 3270 451 3318 demere
464 3286 491 3318 eu
507 3271 633 3334 selegisse.
659 3271 756 3335 Egoita
785 3271 863 3319 Rhea.
883 3273 909 3334 (e
926 3269 1003 3332 Bud.)
1021 3285 1073 3334 sqq.
1091 3271 1187 3334 Reliqui
1206 3269 1257 3318 edd.
1279 3277 1304 3317 et

238 3333 340 3398 soeipiuc
358 3349 405 3382 nun
424 3335 490 3397 quasi
507 3349 596 3398 semper
611 3336 681 3399 legati
698 3337 756 3384 forte
785 3336 865 3384 Guelt
877 3340 1023 3399 capuanam,
1031 3335 1116 3398 quode
1121 3333 1302 3399 precedentibus

239 3399 296 3448 olim
307 3398 380 3460 missl,
390 3399 430 3448 secl
438 3413 510 3462 seper
527 3401 582 3448 etin
591 3415 643 3448 eam
653 3417 702 3449 rem
714 3417 755 3450 ex·
785 3408 871 3449 umere
882 3401 1012 3463 repetitum·
1044 3399 1152 3463 Denique
1162 3413 1205 3462 pro
1218 3413 1242 3445 re
1252 3413 1302 3445 nse-

239 3464 317 3528 empls
332 3465 383 3513 hac
399 3465 492 3528 reperim
522 3465 602 3514 Cicero
618 3465 648 3514 al
664 3467 718 3515 Att.
733 3468 754 3528 1,
785 3468 882 3513 minure
892 3465 1020 3513 Rhenanus
1031 3467 1072 3525 (ex
1082 3462 1187 3526 ingenio)
1200 3462 1302 3511 maleum

241 3530 280 3578 19.
304 3533 404 3578 &wear
413 3531 521 3589 nemost,
530 3537 559 3578 ut
567 3531 639 3592 legata
648 3546 701 3578 cana
712 3547 756 3578 aa·
785 3533 936 3578 naemineisset.
953 3529 1025 3575 Ean.

240 3597 348 3642 rimante
355 3597 512 3642 minarentur.
527 3594 754 3659 Additpostpauesr
819 3598 871 3643 Per
894 3595 1029 3656 hujusmodi
1050 3595 1168 3654 imagines
1187 3593 1305 3657 illudere]-

239 3654 349 3706 Heeaun
359 3673 417 3720 qaeu
422 3661 557 3722 preterire,
565 3675 619 3706 cnm
627 3661 654 3706 da
667 3663 757 3708 Consa-
786 3659 853 3708 Bene
862 3661 895 3707 its
904 3657 965 3705 libri.
991 3657 1045 3704 Hoc
1059 3657 1121 3704 enim
1131 3656 1187 3704 dicit
1197 3657 1302 3721 Eprius:

240 3724 329 3770 lenibus
339 3737 391 3770 mea
398 3726 478 3786 prirna
489 3725 695 3784 earnemcarnem
704 3740 756 3773 voce
786 3739 832 3772 non
844 3741 868 3772 se
878 3723 952 3784 magis
962 3730 1079 3769 auctorem
1092 3721 1244 3770 interficiendi
1254 3723 1303 3770 cla·

241 3789 691 3851 Sanatasfrcqaeneretinendnmnaein
700 3790 756 3838 arbe
785 3804 823 3837 ros
833 3789 893 3837 virus
904 3787 994 3834 Nema
1007 3785 1087 3847 laima,
1102 3801 1175 3851 quam
1189 3788 1301 3836 Senstrrm

240 3855 336 3899 cenauit.
370 3852 498 3917 Equibus,
510 3852 649 3901 sortitionem
660 3854 708 3902 illie
718 3853 757 3902 lir-
786 3854 918 3901 universum
929 3850 1178 3914 quieusclsmusverit.
1196 3851 1301 3900 SedNe·

241 3916 445 3976 tresenreuter.
472 3917 521 3965 Diu
531 3919 570 3978 59,
583 3918 621 3964 23.
651 3916 757 3984 Πρέσξιις
785 3932 865 3966 runem
876 3915 980 3964 videlicet
990 3915 1194 3980 hucquasivelum
1202 3923 1302 3978 preten-

240 3999 266 4028 rr
280 3980 312 4027 ἐπ’
321 3983 394 4034 αὐτοῖς
403 3982 487 4036 ἄλλους
498 3985 580 4051 κλήρῳ,
592 3983 629 4029 καὶ
637 3983 673 4030 τὸν
682 3985 757 4030 Kasa-
785 3982 845 4030 disse
854 3982 985 4040 sceleribus,
996 3988 1031 4040 ut,
1043 3998 1097 4045 quae
1106 3991 1187 4045 sponte
1194 3983 1305 4041 jussurus*

241 4045 281 4092 isa
296 4044 387 4112 algere»,
401 4043 511 4106 ἔπεμψαν.
556 4047 630 4096 Plura
648 4047 758 4110 exempla
785 4057 842 4106 erat,
854 4047 1227 4111 eaperaccusatoresetsmstum
1235 4056 1302 4092 exer·

239 4110 306 4158 aride
321 4108 432 4174 quesiviz
458 4110 507 4169 sed,
530 4119 557 4159 ut
574 4121 654 4160 vuum
673 4112 754 4172 fatear,
786 4121 847 4160 aeret
852 4129 861 4171 3
873 4121 942 4176 atque
950 4110 983 4158 ita
989 4109 1092 4172 imagine
1099 4109 1302 4174 quadsmjuatitiae

238 4175 336 4224 &mavi
345 4174 443 4240 Hylam.
454 4175 529 4236 lues.
545 4175 654 4224 Ceterum
661 4175 712 4223 eda
720 4191 756 4240 pr.
786 4176 920 4224 hominibus
930 4190 982 4224 vere
992 4174 1105 4223 illuderet.
1130 4174 1211 4237 Vulgo
1222 4183 1256 4223 est
1269 4175 1302 4221 il·

238 4238 344 4288 Beroald.
356 4239 410 4288 Alc.
425 4237 515 4286 addunt
525 4241 572 4286 aad.
599 4241 687 4288 Contra
697 4240 752 4288 MS.
788 4243 882 4289 lauisse.
900 4241 975 4288 Irrrs.
1000 4239 1094 4304 Nempe
1108 4240 1134 4286 in
1150 4239 1202 4288 edd.
1218 4239 1273 4288 iude
1287 4253 1307 4286 u

237 4303 317 4354 Guelf-
330 4304 366 4352 ed.
377 4304 468 4362 Puteal.
481 4305 522 4350 red
530 4311 623 4351 vetera.-
640 4313 667 4352 ut
675 4313 756 4354 temen·
789 4305 880 4355 Putaui.
905 4307 968 4354 Nam
978 4303 1004 4350 iu
1013 4303 1049 4350 ed.
1060 4320 1094 4367 pr.
1103 4314 1138 4353 est
1148 4306 1264 4366 idumeae,
1274 4311 1303 4352 ut

237 4367 262 4414 in
272 4370 378 4444 margine
384 4368 439 4416 MS.
449 4368 478 4415 sit
486 4367 531 4414 alia
537 4381 608 4417 manu
619 4369 753 4420 cauendum.
789 4371 813 4419 in
825 4372 896 4423 Mss.
909 4372 972 4421 Flor-
984 4369 1072 4434 (Boe)
1084 4370 1162 4420 ursit
1179 4371 1252 4420 ERN·

239 4434 286 4478 Sed
299 4433 384 4481 delerit
398 4431 527 4481 Rhenanus
537 4432 609 4498 (duce
620 4432 704 4498 Bari-l
722 4437 748 4486 Si
