3059 4975
242 274 283 331 ,0
626 262 927 327 nrsronmnun
1146 272 1316 347 [reses.

241 430 361 496 laetitia.
395 428 499 496 Vocat
514 430 663 493 Senatum
676 430 798 493 Praetor
814 424 972 493 urbanus:
996 438 1117 493 certant
1131 429 1316 497 adulationi-

241 518 303 583 hus
316 514 410 581 ceteri
422 514 640 600 Magistratus.
662 514 851 579 Adcurrunt
862 514 990 579 Patres:
1008 514 1184 579 decernitur
1196 518 1315 583 Othoni

243 610 265 643 “
281 600 468 668 Tribunicie
480 615 616 686 potestus
630 613 662 665 et
677 622 791 665 nomen
807 600 949 685 Augusti
963 614 994 665 et
1008 622 1116 665 omnes
1131 602 1235 667 Prinei
1260 628 1316 669 um

241 688 403 772 honores‚''
429 686 643 751 adnitentibus
670 686 790 751 cunctis
818 684 941 750 abolere
963 686 1102 753 convicia
1125 710 1160 751 ac
1187 627 1315 775 proisro,
1345 703 1347 711 ’

242 798 325 873 quoe,
341 773 518 859 promiscue
533 773 629 859 jecta,
645 770 769 837 hoesisse
783 772 888 837 animo
902 773 981 870 ejus,
997 795 1089 837 nemo
1104 773 1216 839 sensit:
1239 776 1316 839 omi.

242 873 330 925 sisset
343 859 485 937 offensas,
500 882 541 923 an
556 856 735 936 distulisset,
749 856 902 923 brevitate
915 858 1037 945 smperii
1058 858 1090 921 in
1112 859 1228 925 incerto
1242 860 1316 925 fuit.

242 946 338 1024 Otho,
353 958 484 1011 cruento
501 944 606 1009 adhuc
619 944 699 1021 loro,
722 966 779 1040 per
794 957 928 1029 stragem
946 944 1128 1031 jacentium,
1153 944 1186 1010 in
1200 947 1317 1033 capito-

241 1032 330 1110 lium,
358 1045 454 1117 etque
478 1030 552 1095 inde
576 1030 610 1093 in
637 1028 790 1116 poletrum
815 1044 933 1109 vectus,
959 1030 1087 1095 concedi
1111 1054 1242 1119 corpore
1270 1058 1316 1098 se.

241 1117 389 1205 pulturae,
401 1115 593 1202 cremarique
603 1115 753 1202 permisit
777 1116 922 1179 Pisonem
932 1116 1069 1181 Verania
1081 1140 1161 1181 uxor
1171 1141 1207 1181 ac
1219 1118 1316 1183 frater

243 1203 473 1281 Scribonianus,
496 1205 537 1267 T.
554 1202 683 1266 Vinium
698 1201 843 1287 Crispina
861 1202 935 1279 filia,
950 1226 1162 1289 composuere,
1177 1205 1316 1293 quaesitis

240 1290 474 1377 redemptisque
481 1287 646 1373 capitibus,
657 1311 731 1373 quae
739 1287 860 1351 venalia
869 1287 1079 1353 interfectores
1088 1305 1293 1354 servaverant.

285 1375 453 1440 XLVIII.
469 1373 544 1437 Piso
557 1395 657 1438 unum
667 1387 699 1437 et
710 1372 898 1446 tricesimum
912 1374 1011 1440 aetatis
1026 1396 1143 1439 annum
1158 1374 1314 1462 explebat,

240 1462 327 1527 lanan
336 1459 473 1538 meliore,
484 1482 580 1546 quam
588 1460 725 1525 fortuna.
748 1461 876 1525 Fratres
890 1461 969 1548 ejus,
982 1460 1139 1547 Magnum
1151 1460 1316 1541 Claudius,

242 1548 392 1613 Crassum
403 1546 492 1611 Nero
502 1545 729 1613 interfecerant
753 1548 828 1633 Ipse
841 1546 896 1611 diu
907 1546 1007 1623 exsul,
1019 1547 1188 1633 quatriduo
1199 1550 1317 1627 Caesar,

241 1646 409 1720 properata
422 1631 588 1719 adoptione
602 1631 643 1697 ed
657 1632 717 1697 hoc
731 1646 856 1697 tentum
868 1632 978 1719 majori
993 1632 1081 1697 fratri
1095 1632 1244 1719 praelatus
1258 1650 1315 1712 est,

241 1732 279 1785 ut
298 1719 384 1806 prior
397 1718 599 1785 occideretur.
644 1720 686 1784 Τ.
702 1717 814 1783 Vinius
828 1719 928 1783 LVII
945 1741 1042 1783 annos
1061 1719 1154 1783 variis
1176 1720 1316 1786 moribus

240 1804 314 1891 egit
338 1807 433 1871 Peter
442 1804 488 1871 illi
498 1828 518 1869 e
527 1804 682 1871 Praetoria
690 1804 820 1883 familia,
832 1818 992 1869 maternus
1005 1827 1084 1869 avus
1098 1829 1115 1870 e
1127 1804 1315 1891 proscriptis.

188 2020 191 2026 ’
285 2031 357 2077 Vocet
384 2033 500 2078 Senatum
522 2028 621 2075 Praetor
642 2028 760 2092 arbones]
796 2025 1123 2090 DehecPliniusep.2,2il.
1154 2026 1256 2073 Veranio
1267 2026 1314 2073 Pi-

241 2092 348 2157 Uterque
366 2096 430 2143 enim
451 2092 540 2140 Gonsrrl
561 2106 634 2139 cmnrs
655 2101 712 2151 eret,
734 2101 762 2139 ut
795 2095 859 2139 sonis
871 2093 982 2151 pariter
988 2093 1090 2153 jacebat,
1102 2091 1200 2137 Pisonis
1222 2092 1316 2138 411ιοί1-

240 2160 299 2205 berre
306 2171 385 2208 monet
393 2156 511 2213 Suillius,
518 2155 560 2218 qui
568 2155 648 2203 laudat
654 2164 677 2202 et
686 2154 761 2203 Cicer.
796 2158 850 2209 iisse,
862 2170 929 2215 quem
938 2156 1013 2203 Gotho
1024 2155 1152 2216 adoptavit.
1169 2154 1245 2203 Isrrs.
1265 2154 1315 2203 De·

240 2222 271 2270 ed
282 2223 350 2270 Fam.
361 2224 402 2281 lo,
415 2222 453 2269 12.
478 2221 579 2267 Placuit
588 2220 663 2277 nobis,
675 2226 702 2266 ut
712 2226 761 2267 sto-
795 2219 830 2267 dit
840 2218 920 2267 decem
931 2218 1067 2272 ministrs,
1079 2227 1171 2267 auctore
1182 2218 1316 2267 Plutarcho.

240 2289 286 2334 tim
293 2289 325 2335 od
336 2289 470 2336 Cornutum
479 2286 610 2331 Pretorem
620 2284 672 2330 neh.
680 2284 761 2331 literas
795 2283 902 2331 Verbum
914 2284 1072 2346 componendi,
1081 2282 1110 2331 de
1121 2282 1257 2347 sepeliendis
1268 2284 1316 2331 usi-

240 2352 406 2413 deferremus:
429 2351 478 2410 qui,
495 2348 556 2409 quod
574 2349 640 2396 Coss.
656 2349 761 2403 ourani,
795 2357 880 2407 tantm,
893 2350 944 2409 jam
962 2350 991 2396 ab
1004 2348 1056 2397 sliis
1071 2348 1158 2411 passim
1173 2347 1316 2397 illustratum

243 2416 375 2465 ersmers
388 2429 476 2461 messus
490 2413 618 2459 suumin
632 2427 696 2460 more
710 2430 761 2461 rno-
795 2422 836 2461 est.
868 2412 906 2461 Sic
917 2412 987 2461 etiam
997 2411 1316 2474 existimantesque,

233 2482 328 2543 jerani.
346 2478 393 2529 Sed
403 2478 480 2527 mirlte
489 2494 527 2542 sp.
539 2475 636 2526 nivium
646 2480 761 2543 exempla.
797 2478 853 2528 110.
869 2478 942 2532 Ense.

240 2545 303 2593 Mox
314 2552 444 2592 occurrunt
455 2544 510 2592 MS
521 2541 601 2591 Oxou.
610 2543 674 2606 quod
684 2545 762 2608 place·
828 2543 928 2592 Annum
946 2544 1063 2608 explebat]
1091 2542 1236 2606 Temporum
1257 2543 1317 2592 ratio

239 2610 281 2657 hst
292 2609 418 2657 Gronorio.
445 2609 580 2681 Utrumque
589 2616 687 2654 rectum.
714 2609 761 2657 Sed
795 2609 897 2672 postulet
906 2611 1026 2671 expleret.-
1044 2617 1066 2656 et
1076 2607 1109 2656 sic
1119 2607 1217 2656 Tacitus
1225 2607 1316 2656 ridetur

240 2674 363 2738 ungemur
373 2674 452 2737 plures
462 2681 485 2720 et
494 2672 600 2720 mersores
610 2671 672 2720 libri.
688 2673 761 2722 Eun.
795 2672 919 2737 scripsisse.
951 2673 990 2722 De
1003 2681 1095 2722 mortuo
1109 2672 1172 2720 enim
1189 2687 1264 2720 sermo
1274 2682 1316 2721 est.

239 2738 305 2787 Bud.
314 2741 456 2786 adeumnt.
495 2769 502 2780 ·
795 2737 868 2786 Ense.

271 2805 420 2851 Decernitnr
429 2809 472 2850 etr.
504 2801 536 2849 V.
546 2810 626 2850 contre
637 2801 671 2848 Η.
683 2804 708 2861 2,
720 2806 760 2850 55.
828 2805 953 2865 Magnum
965 2804 1091 2863 Claudius,
1105 2803 1222 2851 Crassum
1233 2803 1315 2866 Nero]

272 2870 381 2916 Haesim
392 2870 472 2915 animo
500 2866 556 2915 MS.
568 2866 646 2913 nunt
658 2866 683 2913 in
694 2877 761 2916 textu
795 2869 873 2932 Atqui
889 2869 976 2917 Seneca
986 2868 1011 2916 in
1025 2867 1154 2932 Menippea
1164 2867 1235 2914 etiam
1247 2868 1316 2916 Gras-

239 2931 662 3060 ffiithll'lssiifflss
677 2946 762 3045 tte
795 2931 1317 3060 hildilniffiii⁰lluil³niiii

333 3034 339 3044 ·
661 3029 668 3042 ·
861 3031 867 3044 ·
996 3031 1004 3057 r

240 3071 301 3111 aetn
317 3063 391 3111 Eun.
423 3061 487 3110 Bud.
504 3063 598 3119 lesisse,
615 3061 656 3108 sed
670 3061 763 3110 viduus
798 3061 1229 3124 Crmsnm,Mngnnm,Scriloninm‚
1243 3065 1315 3110 Asso·

178 3147 181 3155 ·
239 3127 312 3177 ethic
322 3128 424 3176 ediuim
434 3126 499 3188 prius
509 3127 593 3173 exisse.
795 3129 895 3187 dorem,
912 3129 999 3175 nobiles
1014 3133 1109 3174 tomen.-
1129 3127 1244 3175 Crassum
1261 3141 1317 3174 vero

273 3193 399 3240 Omisisset
407 3193 513 3251 taffensos,
523 3205 554 3237 on
563 3190 704 3255 distulisset]
722 3190 761 3240 Sic
795 3198 845 3240 tom
862 3194 973 3257 fituum,
993 3199 1020 3240 ut
1042 3205 1142 3253 regnare
1158 3197 1245 3252 posset.
1278 3189 1317 3238 De

239 3256 314 3305 MSS.
326 3257 391 3304 Flor.
401 3255 481 3304 Guelf.
493 3255 545 3302 edd.
561 3261 615 3302 aute
628 3254 706 3318 Rhea.
718 3256 762 3318 qni
796 3257 880 3308 Crasso
895 3274 910 3306 a
924 3258 1018 3306 Nerone
1035 3256 1155 3304 interfecto
1167 3255 1237 3303 etism
1252 3255 1315 3302 Plio.

238 3321 312 3370 edidit
318 3323 424 3368 ernisius
435 3325 471 3367 tot
477 3322 582 3380 infensos,
590 3334 621 3365 an
632 3319 759 3368 distulisse.
796 3321 862 3385 epist.
875 3323 898 3381 l,
911 3325 934 3372 5.
951 3322 1027 3370 Isrrs.
1060 3321 1106 3369 Sed
1118 3320 1177 3368 elius
1188 3319 1228 3368 ille
1238 3322 1268 3367 ab
1279 3335 1316 3376 eo,

238 3383 570 3434 PriscumrestituitPiehens.
587 3383 649 3432 Mox
656 3391 762 3448 stragem
795 3402 865 3450 quem
882 3387 995 3435 Claudius
1011 3384 1131 3434 interfecit.
1148 3384 1180 3433 V.
1193 3385 1222 3432 ad
1238 3400 1257 3432 c.
1276 3385 1314 3431 14.

240 3450 294 3499 dedi
301 3467 331 3498 ex
342 3451 379 3499 ed.
389 3467 426 3514 pr.
437 3465 480 3512 pro
491 3457 591 3511 strages.
606 3449 761 3498 Consentiunt
795 3453 977 3515 lederseceront
994 3450 1058 3514 quod
1080 3465 1093 3498 e
1113 3449 1177 3498 Flor.
1194 3449 1258 3496 dedit
1275 3447 1316 3496 Pi·

238 3515 313 3566 MSS.
325 3517 373 3564 duo
383 3532 423 3580 sp.
434 3515 577 3574 Broterium,
588 3515 631 3578 qui
643 3514 706 3562 idem
719 3515 761 3564 de-
795 3515 876 3576 ehens,
893 3532 935 3580 pro
951 3517 1109 3579 interficeret,
1123 3514 1194 3562 etism
1207 3513 1286 3562 Guelf.
1302 3529 1317 3562 e

238 3580 281 3629 dit.
306 3581 379 3629 linu.
407 3580 471 3628 Flos.
484 3587 591 3643 corrupte
613 3586 648 3628 nn
667 3581 761 3643 senior.
795 3595 867 3629 manu
877 3597 914 3644 pr.
925 3580 999 3635 (Bud.
1011 3580 1181 3643 interfecerat.)
1212 3577 1274 3626 Mox
1285 3579 1317 3626 ari

237 3645 305 3694 Bnd.
316 3652 351 3692 tot
365 3647 471 3705 qffenscn
505 3646 631 3706 Perpetem
648 3659 703 3706 ergo
717 3645 761 3691 Pi·
795 3646 838 3692 loe
849 3646 905 3695 MS.
916 3645 979 3694 idem
991 3645 1026 3709 (et
1035 3643 1112 3705 Bud.)
1124 3643 1160 3692 ed.
1171 3658 1206 3708 pr.
1218 3643 1316 3691 Rhene·

238 3710 313 3758 meos
322 3709 466 3758 liberianum
476 3708 642 3758 exFlorentini
652 3724 727 3756 errore
735 3709 762 3757 id
795 3724 840 3758 nus
854 3725 906 3774 sqq.
916 3710 999 3759 medie
1010 3710 1106 3756 adhoc:
1124 3709 1193 3757 mele.
1210 3708 1284 3756 Esn.

238 3781 274 3823 tot
283 3773 404 3823 muniisse
417 3783 493 3836 putet,
504 3773 569 3838 quod
579 3773 646 3822 Mur.
656 3782 680 3821 et
689 3773 761 3822 Acid.
828 3777 911 3826 ΝΠ
920 3789 992 3823 erutos
1027 3773 1074 3834 Sic,
1092 3775 1266 3836 qninquaginta
1280 3787 1315 3820 se.

238 3839 325 3887 delent.
340 3837 403 3887 Mox
412 3838 477 3886 But
490 3847 591 3902 straga,
605 3837 670 3902 quod
682 3849 762 3887 serrat
790 3848 866 3902 ptem.
883 3839 957 3890 MSS.
1019 3856 1039 3887 r.
1044 3837 1139 3952 cqtlliud.)
1156 3840 1216 3902 Agr.
1231 3837 1267 3886 ed.
1278 3853 1316 3900 pr.

239 3903 315 3951 (hon.
795 3915 856 3954 recte
968 3920 981 3953 e
1003 3905 1043 3968 Ity
1073 3904 1109 3952 ‘us
1131 3911 1155 3951 et
1177 3902 1317 3952 Gronovius.

272 3970 387 4017 Pisonem
402 3967 517 4028 Veranio]
542 3967 696 4016 Plutarchum
705 3969 762 4018 hinc
795 3969 853 4020 Vid.
871 3969 948 4033 Ryc'
993 4004 1000 4018 .
1032 3969 1110 4018 Ceteri
1128 3967 1183 4016 libri
1197 3968 1316 4015 XLVII.

238 4035 389 4082 melenus
404 4033 430 4080 in
444 4032 525 4080 eedem
540 4033 586 4082 ists
595 4049 620 4082 re
631 4034 709 4082 Gelhs
719 4037 760 4083 28.
795 4034 842 4084 Sed
866 4049 977 4083 numerus
996 4033 1162 4099 exprimendus
1185 4038 1271 4095 septem
1293 4039 1316 4080 et

237 4101 279 4154 Τὴν
292 4099 314 4144 ii
325 4099 434 4150 Πείσωνος
448 4095 573 4161 (supanis)
592 4101 603 4152 ἡ
620 4101 669 4156 yesi
685 4098 760 4147 innisi
793 4101 976 4163 quinquaginta.
994 4101 1065 4148 Enet-

237 4162 666 4275 p‘lasppsi'spgpisigpsietscriebtgmus,
678 4167 760 4275 οὐιρέ-
808 4151 853 4240 ΙἘ
875 4163 1232 4278 Proet3fiosam.]tBud.5{'r2t.
1249 4161 1318 4275 fain:

235 4234 567 4366 ..nhnnndil'
584 4229 762 4342 idem
789 4244 968 4358 111111ῗῖ1.
986 4244 1180 4358 5111..
1226 4242 1281 4289 nes
1294 4243 1318 4275 '¹

237 4363 280 4417 est,
290 4371 346 4420 quse
359 4357 465 4420 precibus
478 4364 548 4418 ceput
562 4356 641 4406 mariti
654 4358 758 4409 abstulit.
828 4362 959 4409 Maternus
978 4375 1037 4408 noes
1054 4375 1066 4408 e
1084 4357 1239 4422 procerioris]
1263 4357 1316 4419 Ego
