3059 4975
238 277 272 331 a.
286 277 315 321 e.
329 260 410 337 70.],
612 259 692 319 LlB.
713 258 765 317 IV.
787 258 881 319 CAP.
902 260 948 323 17.
1250 267 1309 327 255

240 425 325 503 belli,
348 422 403 489 sed
422 421 554 497 Civilem
575 444 651 501 esse,
674 423 793 510 patuit:
821 422 1058 510 erumpentibus
1078 423 1240 511 paullatim
1261 428 1310 493 in-

241 511 339 589 ditiis,
354 532 426 597 quae
442 507 602 586 Germani,
624 506 696 573 laeta
709 509 793 575 bello
809 532 897 595 gens,
917 531 980 572 non
994 508 1051 574 diu
1070 511 1309 579 occultaverant.

242 597 310 662 Ubi
323 595 442 661 insidia
455 617 567 681 parum
582 616 708 673 cessere,
720 595 761 659 ad
772 594 836 657 vim
847 608 1066 692 transgressus,
1079 596 1309 679 Canninefates,

241 682 367 758 Frisios,
384 684 520 746 Batavos
533 680 667 767 propriis
679 680 787 743 cuneis
800 694 978 767 compomt;
1001 681 1118 745 directa
1132 706 1171 747 ex
1187 684 1311 751 diverso

241 768 332 844 acies,
355 768 440 833 haud
461 764 570 854 procul
592 790 612 831 a
635 766 764 831 flumine
779 766 904 845 Rheno,
924 780 956 830 et
975 767 1111 833 obversis
1134 769 1167 832 in
1188 769 1310 837 hostem

240 854 383 933 navibus,
410 876 498 938 quas,
523 852 654 916 incensis
678 850 820 930 castellis,
842 852 916 916 illuc
938 852 1139 939 adpulerant:
1173 878 1229 919 nec
1252 857 1310 921 diu

238 952 366 1019 certato,
382 940 588 1035 Tungrorum
603 938 712 1003 cohors
731 938 820 1088 {igine
833 937 876 1002 ad
890 936 1022 1003 Civilem
1041 940 1217 1017 transtulit:
1240 966 1312 1030 per-

240 1025 381 1113 culsique
394 1023 507 1089 mihtes
527 1024 685 1111 inprovisa
698 1046 736 1111 pr
791 1024 874 1088 tione
887 1047 907 1089 a
926 1024 1016 1089 sociis
1035 1025 1238 1125 hostibusque
1251 1052 1311 1093 coe-

239 1112 407 1177 debentur.
451 1110 573 1175 Eadem
590 1110 684 1175 etiam
697 1109 830 1175 navibus
849 1110 987 1197 perfidia
1032 1112 1112 1175 Pars
1124 1135 1278 1199 remrgum
1292 1138 1312 1179 e

241 1198 380 1277 Batavis,
393 1210 553 1283 tamquam
566 1194 719 1283 inperitia,
731 1196 832 1262 officia
845 1210 1013 1263 nautarum
1027 1220 1085 1284 pro
1107 1214 1313 1285 ugnatorum-

263 1307 304 1347 ue
317 1282 534 1371 inpediebant:
557 1305 632 1347 mox
651 1297 759 1349 contra
773 1282 911 1362 tendere,
926 1296 959 1348 et
972 1307 1096 1370 puppes
1131 1284 1213 1349 ostili
1231 1285 1311 1371 ripoe

240 1307 393 1435 bbicere:
425 1368 467 1433 ad
489 1379 681 1455 postremum
704 1370 928 1457 gubernatores
950 1370 1227 1457 centurionesque,
1250 1371 1311 1451 nisi

241 1394 350 1521 eadem
368 1454 517 1533 volentes,
537 1455 706 1534 trucidant,
726 1455 825 1520 donec
846 1456 991 1519 universa
1004 1470 1140 1543 quatuor
1153 1468 1185 1521 et
1199 1456 1310 1544 viginti

240 1540 368 1605 navium
382 1539 486 1605 classis
500 1541 718 1628 transfugeret,
733 1554 790 1606 aut
803 1553 974 1627 caperetur.

293 1626 406 1692 XVII.
431 1626 526 1691 Clara
548 1650 585 1691 ea
604 1628 733 1693 victoria
754 1628 788 1691 in
811 1650 958 1714 praeseus,
981 1627 1014 1691 in
1035 1640 1194 1714 posterum
1218 1629 1308 1694 usui:

172 1778 173 1781 ,
239 1735 387 1799 armaque
410 1726 442 1777 et
470 1734 574 1791 naves,
600 1714 717 1800 quibus
745 1713 939 1800 indigebant,
966 1714 1083 1800 adepti,
1112 1736 1227 1800 magua
1254 1739 1312 1801 per

242 1798 426 1865 Germanias
437 1798 618 1886 Galliasque
628 1800 721 1880 fama,
738 1808 760 1839 “
775 1799 926 1865 libertatis
939 1801 1100 1865 auctores”
1114 1799 1312 1865 celebraban-
1362 1793 1366 1803 ’

240 1898 303 1951 tur.
349 1884 528 1948 Germaniae
557 1885 661 1949 statim
696 1886 807 1951 misere
834 1886 964 1972 legatos,
993 1885 1110 1949 auxilia
1137 1886 1309 1951 offerentes.

242 1970 417 2036 Galliarum
440 1969 616 2035 societatem
631 1972 741 2037 Civilis
754 1984 822 2036 arte
835 1971 988 2057 donisque
1002 1971 1189 2049 adfectabat,
1203 1987 1312 2059 captos

240 2056 415 2121 cohortium
428 2056 597 2123 Praefectos
611 2081 683 2123 suas
697 2058 729 2123 in
743 2058 883 2123 civitates
895 2056 1097 2121 remittendo:
1120 2057 1312 2137 cohortibus,

241 2142 338 2221 abire,
360 2166 400 2207 an
425 2165 549 2219 manere
571 2144 710 2224 mallent,
733 2144 809 2211 data
833 2157 1003 2231 potestate:
1034 2143 1233 2208 manentibus
1254 2144 1325 2207 ho·¹

241 2228 495 2305 noratamilitia3
521 2229 768 2328 digredientibus
789 2230 888 2319 spolia
910 2230 1124 2295 Romanorum
1140 2229 1313 2295 offereban-

240 2328 303 2380 tur.
347 2314 447 2381 Simul
462 2330 585 2381 secretis
604 2317 799 2385 sermonibus
820 2318 1007 2382 admonebat
1023 2324 1044 2355 “
1060 2314 1224 2394 malorum,
1238 2340 1312 2403 qnae

241 2413 289 2471 tot
301 2402 389 2466 antris
410 2402 558 2489 perpessi,
574 2403 718 2469 miseram
740 2404 921 2469 servitutem
940 2402 1020 2467 falso
1033 2425 1141 2491 pacem
1155 2417 1310 2468 vocarent.

242 2490 388 2566 Batavos,
410 2511 602 2575 quamquam
624 2491 814 2556 tributorum
833 2497 986 2576 experteS,
1006 2513 1092 2554 arma
1107 2503 1215 2554 contra
1228 2513 1312 2554 com-

240 2597 350 2638 munes
375 2573 517 2638 dominos
541 2576 674 2662 cepisse:
707 2577 810 2676 prima
828 2577 893 2640 acie
913 2575 1021 2639 fusum
1043 2575 1225 2673 victumque
1246 2578 1313 2640 Ro-

240 2683 386 2724 manum:
410 2659 511 2747 quid?
535 2661 560 2725 si
576 2660 687 2727 Galliae
701 2686 818 2750 Jugum
839 2666 979 2726 exuant?
1001 2676 1156 2748 quantum
1170 2684 1203 2724 rn
1219 2661 1312 2726 Italia

240 2745 420 2832 reliquum?
447 2746 676 2831 provinciarum
692 2748 842 2834 sanguine
855 2748 1029 2834 provincias
1045 2748 1136 2812 vinci.
1171 2750 1222 2811 Ne
1238 2747 1314 2810 Vin-

241 2831 319 2895 dicis
332 2831 428 2895 aciem
439 2831 621 2917 cogitarent.
651 2836 773 2898 Batavo
784 2833 889 2919 equite
899 2834 1046 2919 protritos
1056 2833 1184 2898 AEduos
1193 2836 1313 2897 Arver-

241 2939 378 3016 nosque:
404 2914 499 2980 fuisse
519 2917 600 2982 inter
614 2918 757 3005 Verginii
779 2917 896 2982 auxilia
910 2917 1040 3004 Belgas:
1064 2942 1199 3005 vereque
1219 2942 1312 3006 repu-

241 3003 390 3081 tantibus,
406 3001 544 3066 Galliam
566 3002 694 3068 suismet
712 3004 833 3069 viribus
854 3002 1030 3069 concidisse.
1075 3006 1170 3068 Nunc
1188 3005 1311 3070 easdem

241 3089 382 3153 omnium
403 3105 517 3174 parteS,
537 3089 657 3176 addito,
680 3090 798 3177 siquid
819 3088 960 3154 militaris
973 3089 1144 3176 disciplinae
1157 3089 1190 3154 in
1205 3091 1312 3156 castris

241 3174 460 3239 Romanorum
473 3173 625 3260 viguerit:
649 3200 714 3241 esse
732 3199 838 3241 secum
852 3190 1013 3241 veteranas
1029 3178 1180 3256 cohortes,
1196 3176 1313 3264 quibus

241 3283 342 3348 nuper
352 3259 485 3326 Othonis
495 3260 631 3348 legiones
641 3263 875 3349 procubuerint.
900 3262 1058 3326 Servirent
1071 3263 1162 3350 Syria
1170 3264 1313 3350 Asiaque
1384 3318 1387 3324 .

241 3360 273 3412 et
288 3359 395 3412 suetus
406 3345 549 3434 Regibus
561 3347 693 3414 Oriens:
716 3348 832 3414 multos
843 3349 947 3414 adhuc
956 3347 990 3412 in
1000 3348 1105 3414 Gallia
1114 3351 1230 3429 vivere,
1241 3361 1313 3414 ante

273 3569 373 3616 neena
392 3581 422 3615 ea
440 3569 532 3616 diverse
551 3569 624 3633 eche]
650 3568 689 3618 Sic
708 3569 762 3618 libri
825 3571 921 3618 Multos
930 3570 1007 3617 adhuc
1018 3571 1044 3616 ta
1056 3569 1149 3632 θαῑὶἐα]
1173 3567 1247 3616 Caute
1259 3566 1312 3616 vide

242 3645 330 3691 omnes,
348 3631 393 3680 nisi
410 3633 474 3696 qnod
488 3634 563 3696 princ.
578 3635 614 3697 (et
629 3634 705 3696 Bud.)
724 3636 762 3682 de-
793 3634 865 3698 legas.
897 3634 922 3684 Si
940 3635 1002 3682 enim
1021 3633 1143 3696 deprime
1161 3633 1269 3681 servitute
1288 3641 1312 3682 et

242 3701 309 3756 tecta,
331 3696 419 3744 vitiose.
452 3698 489 3746 At
511 3698 615 3747 Pichena
636 3698 763 3762 corrigebat
794 3699 916 3764 stipendio,
932 3699 996 3764 quod
1015 3699 1093 3748 casas
1105 3698 1224 3760 imposuit,
1239 3698 1311 3762 capis,

241 3763 300 3819 ecte,
321 3761 377 3824 quia
395 3763 499 3825 sequitur
519 3765 622 3812 obversis
643 3767 758 3826 nectem
794 3765 904 3830 cupieris:
923 3764 1040 3828 quomodo
1054 3763 1117 3811 enim
1133 3778 1186 3811 vera
1203 3762 1253 3810 hac
1270 3763 1313 3812 ad·

240 3825 304 3888 quod
321 3825 404 3887 placet.
438 3827 667 3892 Moxproqarred.
678 3844 713 3892 pr.
726 3831 761 3893 (et
794 3827 1312 3891 sarnacumsbeotemporeadhuncdiem,

241 3887 318 3948 Bud)
332 3891 417 3952 queri.-
441 3892 511 3939 etsie
525 3893 617 3941 volebat
629 3894 706 3942 Rhen.
721 3895 761 3943 ssd
793 3894 848 3942 anni
865 3895 912 3942 sint
922 3896 982 3942 inter
992 3894 1039 3941 fere
1050 3893 1141 3941 CXX?
1158 3908 1201 3940 nec
1216 3901 1265 3941 tam
1277 3895 1312 3942 ri·

240 3970 315 4018 operas
326 3969 373 4004 non
384 3969 487 4017 paruere.
509 3956 760 4021 Itaqueilludinom-
793 3960 858 4017 tales,
870 3969 897 4007 ut
907 3959 998 4021 opinor,
1010 3967 1066 4006 tnnc
1076 3958 1149 4006 nostri
1160 3958 1233 4007 Galli.
1265 3957 1312 4008 Sed

241 4020 310 4068 nibus
321 4036 371 4083 sqq.
386 4029 429 4079 est,
441 4027 464 4067 et
475 4020 546 4068 simul
562 4024 693 4084 appulerat,
705 4025 761 4072 vitio
793 4023 824 4071 ad
840 4024 978 4087 Augustum
996 4025 1092 4087 ejusque
1102 4040 1178 4073 mrum
1194 4023 1219 4069 id
1233 4022 1312 4070 referrl

240 4100 378 4148 operarum:
404 4085 468 4148 quod
484 4094 562 4134 tamen
580 4103 654 4152 usque
671 4089 702 4138 ad
717 4090 759 4138 Li·
792 4089 867 4136 verius
889 4090 945 4137 erit:
972 4090 1014 4152 qui
1035 4104 1129 4138 censum
1150 4089 1311 4148 tributumque

240 4149 317 4212 psium
325 4157 448 4198 serratum.
466 4150 546 4200 Infra:
562 4153 760 4216 centurionesque
792 4152 900 4213 institnit,
918 4153 982 4218 quod
998 4154 1124 4219 penderent
1141 4151 1219 4200 Galli:
1239 4150 1311 4213 idque

239 4215 320 4262 eadem
331 4215 375 4262 vol.
386 4214 411 4262 in
422 4215 479 4264 MS.
493 4216 573 4264 Guelf.
585 4219 760 4283 suntinmarg.
791 4217 817 4266 in
836 4218 964 4267 Gonmlatu
982 4235 1025 4268 mo
1041 4220 1147 4282 septimo.
1178 4215 1222 4262 Ad
1237 4229 1311 4278 quem

240 4293 256 4326 s
276 4293 339 4326 men.
360 4293 404 4328 sec.
425 4279 496 4330 Eur.
530 4281 593 4330 Bud.
611 4286 759 4347 appeterent.
793 4284 905 4333 rationem
919 4284 979 4332 nihil
995 4283 1089 4333 obaudi
1103 4289 1144 4332 ant
1156 4279 1211 4330 vani
1225 4281 1250 4328 in
1265 4277 1310 4328 hae

240 4341 304 4396 Dein
314 4344 362 4392 aas
372 4345 567 4396 eadem-uolentis.
792 4349 894 4400 credone
904 4349 993 4399 Civilis·
1010 4348 1084 4398 Iure.

277 4409 396 4471 Vindicta]
425 4409 478 4460 Hoc
489 4427 574 4462 nomen
585 4412 648 4463 deest
659 4413 684 4462 in
695 4414 758 4464 Bud.

240 4472 410 4536 spatiorelictn.
