3059 4975
222 262 263 323 ῃ
607 253 908 317 nlsromnnuu
1131 266 1214 339 [se.
1229 264 1297 323 sus.

226 416 416 489 familiarum
435 420 633 519 adjectiones,
655 419 855 506 Lingonibus
878 410 1028 496 universis
1052 422 1210 491 civitatem
1231 426 1298 491 Ru

226 530 362 588 menam,
382 504 549 596 provrnciae
570 505 697 571 Boetieoe
716 507 905 571 Maurorum
924 506 1065 573 civitates
1084 508 1168 574 dono
1189 510 1292 575 dedit!

225 618 309 660 nova
326 595 403 679 jura
424 591 641 681 Cappadociae,
663 614 746 656 nova
759 592 889 672 Africae,
911 592 1047 658 ostentui
1068 595 1177 681 magis,
1200 606 1297 683 quani

225 702 381 745 mansura.
436 680 526 743 Inter
545 700 629 764 quae,
650 677 829 742 necessitate
850 678 1051 765 praesentium
1072 702 1177 745 rerum
1198 696 1230 745 et
1250 682 1297 745 in-

227 766 381 832 stantibus
400 765 484 829 curis
504 777 661 843 excusata,
683 784 723 827 ne
744 775 814 827 tum
829 762 956 849 quidem
977 763 1128 831 inmemor
1143 790 1296 847 amorum,

226 866 345 917 statuas
359 854 407 916 Po
429 873 507 938 paeae
528 872 585 937 per
607 852 740 915 Senatus
760 850 937 914 consultum
955 852 1105 936 reposuin
1149 852 1296 919 Creditus

226 950 274 1003 est
287 938 381 1002 etiam
395 873 435 1001 di
448 934 632 1001 celebranda
647 934 783 1001 Neronis
799 936 947 1001 memoria
964 935 1137 1022 agitavisseq
1158 961 1212 1025 spe
1227 939 1298 1003 vuta

226 1046 305 1111 gum
317 1022 502 1088 adliciendi:
522 1036 555 1085 et
572 1022 672 1101 fuere,
709 1021 743 1085 ui
755 1020 905 1107 imagines
922 1022 1056 1086 Neronis
1068 1039 1295 1111 proponerent:
1322 1037 1330 1045 ‘

227 1125 323 1195 etque
336 1110 430 1173 etiam
444 1108 563 1172 Othoni
598 1107 675 1171 uibu
713 1128 764 1171 nm
779 1106 890 1172 diebus
908 1106 1044 1193 populus
1062 1122 1094 1173 et
1105 1108 1203 1187 miles,
1218 1116 1295 1175 tam-

227 1219 323 1282 quam
331 1194 522 1261 nobilitatem
534 1132 676 1257 aodecus
689 1192 895 1271 adstruerent,
910 1194 942 1257 N
944 1192 1072 1257 ERON
1075 1194 1092 1257 I
1109 1196 1293 1262 ΟΤΗΟΝΙ

227 1281 422 1345 adclamavit.
466 1281 541 1365 Ipse
559 1278 594 1343 in
614 1301 763 1368 suspenso
782 1276 893 1365 tenuit,
909 1278 1035 1346 vetandi
1054 1293 1152 1360 metu,
1169 1281 1219 1347 vel
1239 1282 1298 1349 ade

195 1387 198 1395 ’
227 1366 396 1455 gnoseendi
408 1364 538 1453 pudore

259 1600 422 1647 Familiurum
438 1595 588 1661 adjectione]
615 1596 654 1645 Ita
673 1596 747 1645 solent
775 1596 904 1646 Beroaldus
913 1598 1010 1647 Ostenta
1021 1613 1053 1646 m.
1070 1614 1092 1661 q.
1103 1614 1138 1646 m.
1169 1597 1224 1646 Nisi
1234 1597 1295 1646 clare

228 1663 330 1711 hmani
338 1663 479 1713 coloniarum
491 1662 651 1725 infrequentia
663 1664 747 1710 subve-
775 1669 810 1709 tot
830 1662 884 1711 libri
904 1664 1006 1710 ostentui
1022 1662 1141 1721 haberem,
1159 1663 1294 1723 conjicerem

227 1728 286 1787 nire,
297 1741 357 1776 nova
367 1727 509 1775 familiarum
515 1726 605 1790 aliquot
611 1726 746 1788 adjectione.
773 1732 888 1773 crustata
899 1729 984 1787 magis.
1018 1728 1081 1775 Nam
1095 1726 1159 1775 haud
1173 1727 1243 1776 dubie
1257 1742 1294 1773 re·

225 1792 360 1850 mnnita,
375 1793 412 1847 17.
447 1793 746 1839 PostuluntibueuSenotu
775 1790 850 1853 spexit
860 1791 884 1838 h.
894 1790 1021 1838 l.adillud
1032 1790 1116 1853 Virgil.
1129 1792 1187 1839 AEn.
1199 1792 1223 1849 6,
1236 1792 1294 1841 869.

221 1858 415 1919 Aquileiensium
422 1858 515 1918 tegare,
524 1860 552 1903 ut
559 1858 693 1903 cumrerum
700 1872 746 1903 nu-
774 1856 837 1901 tunc
848 1862 941 1904 tuntum
951 1856 1069 1903 ostendent
1077 1858 1208 1905 eerrtsntt.
1219 1855 1293 1906 Enrt.

225 1936 318 1971 merum
328 1928 435 1982 augeret,
446 1922 512 1967 mute
522 1927 545 1968 et
554 1922 691 1984 quingenta
699 1921 745 1983 su-
774 1918 830 1981 Bip.
841 1918 966 1981 praeierunt
976 1926 1081 1968 ostenta.-
1099 1936 1183 1984 parum
1193 1921 1294 1969 intorem.

225 1988 297 2035 mun
307 2000 338 2035 ee
348 1987 398 2035 SC.
408 1986 509 2049 sm'ptae.
527 1986 605 2035 Ltrs.
627 1985 667 2033 Gi.
678 1985 743 2034 etA-
775 1982 836 2031 Mox
848 1983 911 2032 Bud.
922 1984 1082 2033 eredituesine
1092 1993 1134 2033 est.

228 2051 269 2110 13,
280 2052 320 2099 31.
800 2050 1050 2109 Interquenerersitate
1056 2052 1297 2111 presentiumrerum

258 2117 407 2177 Lingonibus
416 2112 543 2178 uniuersis]
567 2114 637 2162 Iratet
645 2113 684 2162 hic
693 2129 745 2162 om.
774 2119 796 2159 et
808 2114 950 2161 instantibus
959 2116 1024 2159 curte
1032 2117 1150 2175 connato]
1170 2114 1208 2163 Sic
1219 2115 1294 2165 MSS.

224 2179 282 2228 nino
291 2180 412 2229 mendum.
443 2180 551 2228 Primum
565 2180 637 2237 enin,
648 2179 744 2242 qmslo
774 2176 837 2223 Flor.
854 2177 933 2225 Guelt',
952 2176 1003 2225 edd
1022 2176 1113 2226 Puteal.
1131 2179 1187 2227 Ber.
1201 2178 1254 2228 Alc.
1265 2188 1294 2228 ut

224 2260 269 2294 cus
283 2245 430 2307 Lingonibus
450 2244 549 2307 (Galliae
566 2242 585 2289 ii
601 2252 666 2302 sunt)
684 2242 745 2291 inter
772 2254 882 2289 euenum
893 2240 1003 2289 rderanu
1018 2241 1142 2290 adterere
1159 2252 1200 2291 aut
1214 2244 1293 2305 potius

225 2310 347 2371 Hisponis·
363 2307 462 2371 populos
479 2321 529 2355 esse
547 2310 640 2371 potest?
665 2308 743 2367 Adde,
774 2305 803 2353 ed
816 2307 949 2368 interque,
961 2306 1024 2369 quod
1035 2314 1069 2367 est
1082 2306 1107 2353 in
1118 2306 1154 2355 ed.
1165 2322 1201 2369 pr.
1212 2308 1294 2357 Rhen-¹

224 2374 288 2437 quod
298 2372 417 2435 Lingones
429 2371 468 2419 isti
483 2371 536 2435 ipsi,
547 2372 617 2435 prlmi
627 2378 651 2419 et
666 2372 744 2435 preci.
774 2372 797 2425 (e
810 2370 885 2430 Bud.)
894 2386 929 2434 sq.
964 2370 998 2418 At
1011 2371 1067 2433 quia
1076 2370 1101 2419 in
1112 2372 1175 2419 Bud.
1186 2372 1237 2421 cod.
1247 2372 1293 2421 fuit

223 2436 745 2565 instituentium
771 2435 1291 2564 teregnurnttrrttt’

222 2566 308 2630 loquiis
318 2567 349 2614 ad
364 2535 454 2615 billum
468 2565 595 2630 hpulerer
612 2566 646 2626 hi,
659 2567 700 2630 qui
710 2576 744 2614 et-
772 2565 910 2613 Excusatue
919 2565 989 2614 hebet
1000 2565 1068 2612 etiam
1078 2518 1135 2615 its·
1145 2519 1294 2630 signin-pr.¹

223 2631 345 2681 iamnunc
359 2630 460 2680 Othonis
472 2640 548 2694 partes
561 2641 698 2695 oppugnant
708 2632 743 2680 vi.
772 2629 836 2692 quod
851 2630 929 2692 ipsum
945 2645 1038 2694 quoque
1053 2631 1107 2678 ferri
1122 2639 1206 2694 posset.
1238 2633 1295 2681 lio-¹

223 2695 670 2811 guffiuffigqqqg
678 2713 742 2810 3³0¹?-
772 2693 1166 2816 fflicttt'ttttttbtt
1180 2697 1292 2809 effic

223 2833 247 2874 et
267 2840 373 2877 censeam
392 2824 513 2888 Hispania
531 2823 634 2888 aliquam
650 2834 743 2888 gentem
805 2824 841 2871 Et
840 2824 921 2885 suere,
933 2825 976 2886 qut
986 2825 1101 2886 tunginus
1112 2827 1218 2874 Neronis
1225 2841 1292 2888 pree-

222 2889 395 2954 reponendum:
413 2890 531 2948 Latonae,
543 2903 574 2939 an
585 2890 742 2939 illue-conus?
766 2887 894 2953 ponerent]
911 2888 1002 2936 Plinius
1012 2889 1053 2950 ³5,
1065 2890 1088 2936 «l.
1121 2891 1239 2953 Princeps
1251 2897 1289 2938 ta·

222 2968 253 3005 en
269 2954 315 3002 tale
325 2953 421 3018 aliquod
433 2968 527 3015 nomen,
541 2953 605 3018 quod
614 2969 699 3016 parum
709 2957 744 3003 vi.
772 2953 850 3000 dulum
857 2956 949 3014 pictum
955 2955 1042 3014 prelii,
1051 2969 1096 3016 quo
1106 2955 1290 3016 Carthaginien.

205 3017 302 3068 ‘onum
312 3018 388 3067 adhuc
395 3018 486 3083 repperi
493 3026 605 3082 corrupte
613 3021 670 3068 voci.
687 3021 742 3069 Nee
770 3032 807 3063 see
825 3025 848 3066 et
867 3019 999 3066 Hieronem
1019 3019 1045 3065 iu
1061 3021 1146 3066 stetten
1163 3019 1290 3076 deuicerat,

222 3084 331 3147 scirefur
338 3093 373 3132 est
379 3086 466 3137 omnm,
475 3084 508 3130 ait
515 3083 630 3145 Lyricusz
642 3092 669 3132 tu
679 3085 743 3147 cogi.
765 3083 922 3143 propoeutttu
932 3084 1003 3130 latere
1012 3083 1091 3132 Curtoe
1098 3084 1216 3132 Hosttttoe.
1225 3081 1296 3134 Suete

222 3147 297 3196 tabis..
313 3149 390 3199 Luta.
429 3148 525 3204 Omnes
537 3147 592 3194 libri
607 3147 633 3194 in
646 3149 741 3211 vulgato
772 3144 1290 3210 Catil.HuJusmodtvecetguttbuetndtette

222 3213 383 3261 consentiunt.
407 3213 459 3260 Neo
476 3212 576 3260 renones
593 3212 668 3275 Lipsii
687 3214 742 3262 satis
769 3225 842 3272 neque
850 3214 987 3274 propositis.
1011 3211 1102 3260 ouon.
1125 3215 1290 3275 Proponerent

220 3291 303 3338 greum
315 3276 430 3326 videntur.
463 3277 529 3323 Nam
542 3276 608 3324 nulla
621 3277 743 3328 necessitas
770 3275 844 3324 MSS.
856 3277 918 3324 mor.
929 3274 1016 3340 (Bud.)
1030 3277 1087 3340 Agr.
1099 3277 1177 3325 Guelf.
1189 3277 1240 3326 edd.
1251 3294 1288 3342 pr.

221 3349 256 3389 est
266 3339 380 3400 credeudi,
388 3340 568 3404 Hispaniensem
577 3342 692 3404 populum
702 3342 741 3392 hie
770 3339 826 3387 Put.
853 3341 890 3388 At
905 3341 930 3388 in
947 3340 984 3388 ed.
1000 3340 1111 3389 Beroaldi
1125 3341 1215 3404 irrepsit
1226 3359 1288 3404 pre·

220 3419 239 3452 e
247 3405 330 3456 Tacito
339 3414 561 3458 commemoratum
581 3413 604 3453 et
616 3414 741 3469 potuerunt
764 3412 893 3466 ponerent:
901 3405 1029 3454 Rhenanus
1036 3405 1077 3467 (ex
1083 3405 1188 3468 ingenio)
1194 3421 1289 3468 repone.

220 3469 271 3518 hnc
288 3470 438 3520 delinimenta
454 3469 609 3533 Lingonibus,
628 3481 741 3546 utsupra
770 3469 920 3529 rentmaluia
928 3469 1021 3532 aliique.
1038 3472 1288 3532 Propornrentverum

221 3535 360 3583 Germanico
370 3534 576 3596 exerdtuiobjici.
589 3535 741 3600 V.Ryolnus.
769 3544 810 3580 est.
843 3535 873 3585 In
893 3533 949 3583 locis
969 3533 1067 3596 publicis
1088 3535 1170 3598 injussi
1191 3550 1288 3599 posuere

220 3598 293 3649 Eas.
318 3597 382 3650 Cum
390 3599 472 3662 Lipsio
479 3599 568 3647 faciunt
581 3599 633 3663 etp.
644 3610 745 3663 putans«
767 3596 880 3662 intagines
891 3597 999 3647 Neronis.
1015 3599 1087 3646 Eun.

219 3679 266 3726 que
281 3679 306 3712 se
320 3665 346 3710 in
362 3665 518 3726 Longobriga
530 3664 663 3712 Lusitania
674 3665 740 3714 inre-
803 3664 892 3712 Othoni
911 3664 1049 3725 quibusdum
1070 3663 1160 3726 diebus]
1180 3719 1181 3722 Ἴ
1194 3663 1288 3723 Quibus

219 3729 281 3776 nisse
290 3727 413 3782 medelam.
422 3730 489 3790 cujus
498 3728 580 3777 neuls
589 3729 667 3779 forsan
675 3729 740 3778 Lon.
768 3726 867 3776 diebus?
885 3737 908 3777 et
924 3744 965 3776 cur
979 3727 1023 3775 hoc
1033 3727 1066 3774 ita
1081 3728 1188 3788 ἀορίστως
1196 3731 1207 3776 i
1228 3729 1287 3777 For.

216 3791 364 3854 goneedieti.
397 3790 537 3852 Conjecnrra
547 3808 661 3857 perquam
674 3794 739 3856 scita,
768 3802 826 3842 tasse
839 3793 1036 3854 Quinquatruum
1047 3793 1140 3840 diebus.-
1157 3793 1288 3857 qnodscri-

219 3856 258 3904 cui
275 3856 337 3906 favet
353 3856 417 3905 Bud.
434 3859 594 3918 Longonttue.
629 3857 739 3908 Ceterum
766 3864 835 3920 ptum
843 3857 969 3906 initialibus
977 3856 1046 3904 modo
1055 3856 1196 3908 litterisfnit.
1211 3859 1287 3906 ers.

219 3921 398 4048 petressciigritqtem
417 3921 745 4037 litoffiomdbiplipsusALpgii
768 3921 852 4034 Ξὶἓιιιέ.
865 3925 972 4034 {zmabel
992 3922 1075 3970 iisdem
1095 3923 1183 3982 dubus,
1202 3925 1287 3972 iisdem

219 3999 245 4038 m
310 4000 434 4032 ennmu
510 4002 580 4034 use
677 4001 864 4035 ..usne
895 4003 914 4033 e.

218 4052 260 4099 32.
275 4050 310 4098 Η.
324 4052 349 4108 3,
366 4018 406 4098 55:
438 4051 543 4114 Ryckius
558 4061 643 4113 censet,
659 4024 739 4117 inproi
801 4050 1071 4116 Cognoseendipudore]
1105 4050 1200 4111 Malim,
1211 4063 1287 4111 ugno-

218 4117 289 4164 bante
303 4112 445 4180 Spnubemio
460 4115 485 4162 in
500 4117 676 4166 orbe-Romano
687 4121 736 4169 c9
765 4117 854 4163 scendi.
870 4114 945 4164 ers.
984 4117 1023 4164 stc
1033 4133 1046 4166 e
1056 4117 1120 4164 Flor.
1131 4115 1232 4178 repostus
1242 4115 1284 4162 Pi.

217 4189 242 4228 et
255 4181 293 4228 16.
768 4179 855 4238 chena3
873 4181 905 4228 sic
921 4188 944 4228 et
959 4179 995 4227 ed.
1012 4197 1047 4244 pr.
1063 4179 1135 4228 Enn.
1166 4178 1230 4226 Bud
1246 4194 1287 4227 co-

242 4246 363 4294 ‘Oetentni
378 4245 469 4309 nug-ie]
493 4245 531 4293 Sic
541 4244 597 4294 Ms.
608 4245 687 4294 Guelf.
699 4246 735 4294 ed.
765 4246 899 4306 guoceendt.
912 4245 978 4293 Idem
987 4244 1128 4304 metu‚unde
1136 4243 1286 4292 Rhenmetu

131 4320 133 4323 '
217 4325 253 4372 pr·
264 4311 341 4360 Rhen.
353 4307 461 4374 (eBud.)
472 4318 496 4357 et
505 4325 568 4373 seqq.
579 4319 659 4374 estque
668 4310 743 4359 valde·
767 4311 897 4385 -pudorq
905 4309 968 4373 quod
974 4309 1067 4374 Lipsius
1075 4309 1160 4374 aliique
1167 4323 1284 4372 recepere:

214 4374 328 4427 mustum
348 4375 431 4426 Tacito
451 4375 555 4425 vntum.
588 4375 623 4426 At
643 4375 736 4427 Ponet
767 4390 832 4438 pnus
842 4375 959 4439 legebatur
967 4375 1220 4440 metum-pudorem.
