3059 4975
210 288 266 345 νω
587 282 890 344 msronmuum
1095 284 1269 357 [uuam.

204 461 321 596 afflant:
337 448 395 513 hos
404 448 461 527 ira,
472 447 591 527 odium,
600 447 727 514 ultionis
736 446 940 534 cupiditasad
950 445 1097 511 virtutem
1108 444 1263 511 accendit:

204 534 216 596 i
240 534 260 611 ',
276 556 332 620 per
345 534 505 598 fastidium
518 548 550 598 et
563 533 799 611 contumaciam,
818 532 995 597 hebescunt.
1028 532 1161 617 Aperiet
1175 546 1207 597 et
1221 554 1269 595 re-

204 618 311 684 cludet
334 633 473 683 contecta
496 633 528 684 et
553 619 754 684 tumescentia
779 617 951 682 victricium
975 616 1267 703 partium'vulnera

204 703 322 769 bellum
336 704 449 790 ipsum.
485 706 553 770 Nec
563 700 641 769 mihi
654 704 754 790 major
768 701 799 765 in
816 716 871 767 tua
884 702 1054 788 vigilantia,
1067 702 1265 787 parsimonia,

203 788 361 876 sapientia,
372 790 487 854 fiducia
497 805 553 868 est,
565 812 662 877 quam
672 790 705 852 in
717 788 835 855 Vitellii
847 804 981 875 torpore,
992 788 1122 866 inscitia,
1139 787 1265 859 saevitia.

205 874 268 937 Sed
286 887 318 938 et
336 875 495 940 meliorem
511 876 545 939 in
564 875 646 939 bello
667 896 818 952 caussam,
840 896 936 961 quam
957 873 989 936 in
1006 896 1081 961 pace
1094 874 1262 938 habemus:

203 981 276 1023 nam
313 960 347 1023 ui
360 960 543 1039 deliberant,
558 960 782 1025 desciverunt?

245 1046 277 1109 L
315 1045 443 1112 XVIII.
466 1048 544 1111 Post
558 1045 701 1112 Muciani
719 1045 890 1109 orationem
907 1044 999 1108 ceteri
1021 1042 1186 1108 audentius
1207 1044 1265 1108 cir-

203 1130 394 1209 cumsistere,
412 1131 540 1210 hortari,
562 1139 739 1218 “responsa
754 1142 909 1195 vatumet
923 1129 1058 1194 siderum
1073 1132 1194 1193 motus''
1218 1152 1265 1193 re-

202 1216 292 1281 ferre.
315 1218 384 1281 Nec
396 1230 463 1281 erat
475 1217 610 1281 intactus
623 1216 678 1281 tali
692 1213 918 1302 superstitione,
937 1213 1044 1300 utqui
1059 1237 1143 1293 mox,
1159 1238 1263 1279 rerum

202 1300 357 1380 dominus,
385 1302 549 1366 Seleucum
573 1301 741 1390 quendam,
769 1299 1032 1378 mathematicum,
1058 1314 1206 1363 rectorem
1232 1315 1263 1366 et

200 1387 363 1473 praecium
379 1386 481 1473 palam
495 1388 647 1453 habuerit.
684 1386 903 1459 Recursabant
913 1384 1016 1449 animo
1026 1398 1131 1449 vetera
1140 1386 1260 1449 onrina:

233 1640 368 1705 Hor-illi]
386 1643 441 1690 Hor
455 1641 486 1690 ad
498 1642 615 1705 teruntios,
633 1644 671 1690 illi
684 1644 714 1691 ad
746 1650 812 1707 puto.
851 1640 916 1689 Nam
936 1639 999 1704 quod
1019 1638 1138 1689 Acidaliae
1151 1656 1198 1705 pro
1216 1641 1263 1689 cle-

200 1704 454 1818 imiiiif‘ili
470 1706 606 1819 iiiiii
616 1706 679 1755 Μὴ
690 1711 714 1769 ²’
747 1706 843 1817 minii
856 1704 1263 1817 ‘'iiiiiilotiuieiiu‘nisii}

233 1833 332 1895 Apeuer
341 1840 366 1882 et
375 1836 491 1899 recludet]
508 1836 558 1884 vix
568 1838 640 1894 abest,
657 1836 714 1901 quin
746 1785 843 1883 ivdlritia
858 1834 935 1897 opinio
950 1832 1114 1895 parsimoniam
1128 1784 1263 1883 hicoepuacito

200 1895 231 1944 ad
243 1897 293 1945 hac
303 1898 465 1947 Demosthenis
480 1899 510 1946 sit
525 1900 674 1965 adspectum:
692 1911 716 1950 et
747 1899 853 1948 obtrusit
877 1898 947 1947 Ean.

199 1970 259 2011 certe
269 1963 334 2026 paria
348 1971 410 2022 sunt,
426 1964 452 2011 in
462 1964 617 2027 Olynthium:
629 1964 703 2012 Ὥστε
782 1964 830 2019 Qui
847 1964 981 2020 deliberent,
998 1962 1158 2025 disciderunt]
1184 1962 1263 2011 Acuta

202 2030 278 2080 braic
291 2028 392 2083 σώμασιν
402 2032 471 2088 ἡμῶν,
482 2029 522 2081 ἕως
533 2029 571 2086 μὶν
581 1987 717 2099 {dirupisse}
747 2026 936 2075 etveredictum.
962 2025 1046 2073 Fidem
1057 2025 1177 2087 enimjam
1186 2026 1262 2088 fregit,

201 2108 245 2146 τις,
263 2090 318 2137 odili
335 2092 490 2138 {aasabim
505 2100 549 2138 τῶν
564 2095 614 2139 καθ’
626 2092 715 2141 ἕκαστον
747 2091 789 2154 qui
811 2092 929 2150 deliberat,
954 2104 984 2138 an
1008 2099 1087 2137 servet
1125 2090 1263 2139 Plutarchus

202 2156 296 2220 σαθρῶν.
305 2152 358 2201 ἐπὰν
367 2153 388 2200 u
397 2156 533 2217 ἀρῤὠοτημά
542 2176 564 2203 τι
572 2156 653 2216 capii,
661 2158 716 2202 τάν.
747 2156 874 2218 exprimere
889 2156 914 2203 iu
930 2154 1007 2202 Galba
1020 2154 1092 2202 voluit
1110 2154 1200 2217 (magni
1209 2155 1264 2203 lecit

201 2238 231 2265 τα
245 2220 342 2277 κινεῖται,
355 2217 394 2276 κᾷν
406 2222 487 2281 ῥῆγμα,
499 2218 538 2278 κᾷν
551 2210 660 2284 στςίμνίο,
676 2220 715 2285 κᾷν
746 2218 786 2267 ifle
796 2219 831 2267 vir
841 2217 903 2267 hunc
912 2228 1024 2275 nostrum,
1034 2227 1057 2265 et
1063 2232 1205 2281 quamquam
1214 2234 1263 2267 aevo

200 2280 259 2329 ἄλλο
275 2300 298 2329 rr
313 2289 357 2327 τῶν
373 2283 511 2345 ὑπαρχόντων
530 2286 605 2351 σαθρὸν
620 2282 642 2350 {l-
659 2284 715 2331 airu
746 2298 848 2347 compar,
864 2283 939 2331 multa
953 2280 1065 2329 verbatim
1076 2296 1105 2329 ex
1116 2282 1159 2329 hac
1168 2282 1263 2331 historia

201 2345 239 2393 καὶ
249 2354 294 2393 τῶν
303 2345 398 2401 πόλεων,
408 2346 444 2392 nal
455 2352 498 2394 τῶν
507 2346 618 2410 τυράννων.
628 2346 670 2401 ἕως
676 2348 715 2406 μὶν
746 2348 884 2407 convertite)
903 2347 945 2395 ubi
960 2344 1076 2393 Vinnium
1092 2344 1147 2395 facit
1161 2345 1262 2395 Galbam

200 2408 226 2455 οἳν
245 2410 287 2472 ἔξω
306 2414 441 2478 τοῃεμῶτνν,
461 2411 532 2472 ἀφανῆ
549 2410 580 2457 τὸ
596 2411 655 2457 κακὰ
671 2414 716 2466 τοῖς
746 2412 846 2461 excitare
860 2420 883 2461 et
896 2410 984 2475 alloqui
999 2425 1018 2457 c.
1030 2410 1053 2457 4.
1078 2407 1106 2457 'u
1118 2410 1203 2466 rint«,
1214 2413 1263 2457 rhu

92 2512 98 2527 ,
199 2476 293 2531 πολλοῖς
311 2470 379 2518 ieris·
397 2472 479 2520 iendis
492 2472 513 2520 ii
527 2472 603 2542 ὅμορος
618 2476 716 2534 πόλεμον
747 2472 823 2556 τρόπον
837 2476 983 2532 derideri&
1002 2476 1027 2522 ri
1041 2474 1081 2544 rip
1094 2476 1170 2535 ζητεῖν,
1183 2474 1262 2536 Νίρωνν

201 2537 334 2602 συμπλακῇ,
341 2536 415 2583 πάντα
423 2538 520 2589 ἐποίησεν
532 2539 622 2592 ἔκδηλον.
639 2539 713 2587 Iam.
747 2559 764 2586 er
776 2541 851 2588 meru
862 2541 967 2600 plectura,
975 2539 1013 2594 ἤδη
1020 2541 1124 2600 μενόντων
1134 2540 1190 2586 ἐστί.
1212 2540 1263 2588 Vo-

199 2601 368 2649 Barnosthenes
377 2601 454 2666 prima
462 2601 488 2648 in
496 2601 650 2666 Philippum:
668 2607 714 2650 οὐκ
746 2603 799 2651 cula
819 2617 906 2668 negans
927 2603 1019 2662 excidit,
1040 2611 1063 2650 st
1080 2601 1205 2665 legendum
1224 2605 1261 2658 ἤδη

199 2666 234 2715 iel
243 2667 282 2720 τὴν
292 2665 367 2711 ἰκτῖνον
375 2665 545 2724 τλονσοΰμεθας
561 2670 604 2712 Ποῖ
612 2667 635 2723 dh
649 2684 714 2733 rpra-
747 2670 769 2713 od
780 2669 891 2726 μενόντων.
916 2667 1003 2714 vertor
1022 2669 1138 2728 OlGulbm
1150 2669 1263 2728 quomodo

200 2729 332 2798 cgncdpsia,
349 2728 411 2796 iperi
429 2748 473 2782 τις,
492 2731 625 2794 ιῦρήτεντᾶ
643 2729 715 2799 σαθρὰ
746 2731 878 2779 deliberas?
905 2733 974 2780 Nam
990 2745 1102 2793 quaerere,
1118 2745 1149 2778 au
1166 2733 1262 2779 Neroni
1326 2734 1337 2758 x

200 2800 243 2840 τῶν
260 2794 337 2839 ἐκείνου
353 2793 487 2858 πραγμάτων
504 2796 569 2848 αὐτὸς
585 2798 594 2842 i
610 2796 714 2854 πόλεμον.
738 2798 787 2857 fidi
798 2799 999 2858 maneamua,jum
1010 2810 1055 2842 ueri
1067 2798 1212 2843 marcentium
1220 2803 1261 2844 est.

199 2857 290 2905 (inor.
327 2858 417 2903 Tumor
427 2857 715 2924 eleganteretpropriede
745 2860 841 2909 Alludit
857 2869 880 2908 et
894 2861 938 2908 hoc
955 2859 1044 2915 Taciti,
1056 2859 1081 2907 in
1096 2859 1207 2922 Agricola
1225 2861 1261 2908 16.

199 2921 334 2969 vulneribus
349 2918 453 2968 noudum
469 2922 555 2970 sanatis
568 2932 592 2970 et
601 2923 716 2988 erupturis
745 2928 806 2973 Jum
817 2927 886 2988 ὅρων,
904 2925 964 2987 quod
973 2925 1139 2986 difficillimum
1150 2931 1192 2984 eet,
1204 2927 1262 2972 deli.

198 3001 255 3034 mox
276 2986 360 3034 dicitur
380 2985 445 3049 apud
462 2985 595 3036 Ciceronem
613 2997 636 3036 et
651 2987 715 3036 elios.
746 2990 833 3036 derare.
871 2991 951 3038 Porro
968 2991 995 3035 io
1015 2989 1128 3051 ejusmodi
1149 2991 1261 3051 consiliis,

199 3051 271 3099 Erue.
742 3055 900 3116 periculosius
915 3067 962 3101 esse
976 3053 1123 3116 &prehendi
1135 3069 1206 3116 quom
1219 3069 1262 3100 cu-

234 3118 389 3166 Coracttum
400 3133 421 3164 v.
425 3133 451 3178 p.
460 3118 495 3180 n]
510 3117 583 3166 Hunc
593 3118 715 3165 verborum
746 3120 807 3166 dere.
825 3119 922 3168 Inrs..
1268 3175 1272 3179 ⁴

198 3181 305 3228 ordinem
323 3197 337 3228 e
353 3180 416 3228 Flor.
435 3180 500 3229 dedit
518 3181 583 3229 Picb.
604 3181 715 3230 habetet
780 3184 891 3232 Siderum
899 3179 1177 3244 uwtue]V.adA.4,58.
1188 3183 1260 3232 unu.

199 3245 261 3292 Bud.
746 3247 928 3296 Procudcntiur
938 3247 1001 3296 Bnd.
1014 3249 1169 3296 audientium.

233 3311 396 3368 Parsimonia,
414 3308 541 3372 sapentia]
565 3307 716 3374 Ambigo'de
780 3313 942 3360 Recurrcdcnt
962 3313 1041 3358 culmo
1069 3319 1146 3360 vetera
1169 3313 1260 3376 omina]

198 3390 254 3423 voce
265 3374 426 3438 parcimonie.
458 3374 573 3423 Convenit
586 3376 610 3423 in
625 3375 716 3438 Vespa·
747 3371 1271 3440 SicilienrectmidqneeditumaPichena.⁴

198 3439 299 3500 sianum,
316 3438 378 3496 sci03
394 3454 465 3502 quem
479 3439 597 3489 sordidum
609 3455 716 3488 ararum·
746 3441 824 3490 Ceteri
833 3441 887 3489 libri
897 3455 977 3488 omnes
992 3441 1027 3504 (et
1034 3438 1108 3501 Bud.)
1124 3442 1211 3499 omnia,
1226 3456 1262 3487 so-

198 3520 247 3616 :u
262 3500 714 3630 ffliddidsmibiffi‘
746 3505 947 3618 lhuiilt
959 3503 1263 3630 iiiiiiiuitti
1305 3529 1315 3554 ¹

199 3603 261 3680 tutis
271 3632 331 3679 hanc
341 3585 506 3680 domesticaiires
499 3633 661 3698 privatamque
675 3648 716 3680 no·
748 3634 805 3683 Obs
820 3634 842 3693 l,
855 3635 877 3682 8.
894 3634 969 3682 Juvat
977 3633 1070 3680 Sueten.
1082 3633 1153 3696 Vesp.
1165 3635 1187 3680 5.
1195 3585 1262 3680 itri-

199 3696 292 3744 minet?
315 3705 358 3743 sut
379 3712 420 3744 eur
440 3697 466 3744 in
488 3713 515 3746 ee
533 3695 642 3745 fiduciam
660 3697 717 3745 boni
747 3699 801 3746 dior
812 3699 949 3746 recurrerit.
977 3697 1030 3757 Sed,
1047 3696 1103 3761 quia
1117 3711 1196 3746 omnes
1208 3698 1263 3746 libri

199 3769 296 3808 eventus
317 3760 428 3808 collocet?
453 3761 510 3808 Non
527 3761 599 3824 digua
617 3760 714 3821 videtur,
746 3763 772 3810 in
786 3763 880 3826 rrdgata
895 3761 1048 3822 consentiunt,
1062 3771 1085 3810 et
1095 3761 1193 3810 latitudo
1204 3778 1263 3826 quo.

199 3840 253 3889 qua
269 3825 299 3872 ad
315 3824 444 3888 imperium
463 3826 564 3887 adjuvet,
589 3825 676 3873 autad
691 3826 716 3874 id
747 3827 828 3892 quein
839 3827 958 3875 arboribus
968 3840 1036 3874 omen
1045 3826 1123 3890 magui
1134 3825 1230 3890 Imperii
1240 3836 1263 3876 et

199 3888 297 3952 gradum
306 3895 393 3937 strum:
406 3889 615 3938 nisifortamecom
672 3890 715 3938 tio-
746 3907 838 3956 magna
848 3891 969 3952 felicitatis,
981 3889 1187 3939 nihiltentandum
1197 3900 1263 3952 puto.

199 3969 230 4002 ne
239 3952 331 4002 Vitellii
343 3953 441 4014 dictum,
456 3955 498 4018 qui
511 3964 580 4003 name
638 3956 715 4017 prodi·
747 3957 816 4004 Idem
830 3957 924 4005 Sueten.
940 3955 987 4004 Lc-
1002 3953 1032 4003 de
1046 3959 1126 4004 arbore
1139 3955 1163 4002 in
1179 3957 1262 4002 subur-

199 4017 309 4082 gendum.
342 4017 485 4082 Utcumque,
510 4019 578 4068 liceat
601 4019 714 4080 dubitare,
746 4023 808 4070 bano
818 4019 952 4069 Flauiorum
966 4035 1008 4084 per
1023 4019 1195 4084 tresVespasiae
1208 4035 1264 4080 par-

107 4097 113 4108 ·
199 4097 288 4133 annon
298 4079 465 4145 reponendum,
476 4083 716 4144 mrimoaicrsedut
745 4093 783 4134 tns
799 4085 902 4148 stngmn
920 4099 997 4133 ramos
1015 4085 1112 4134 edente:
1135 4084 1261 4131 secundum

200 4146 472 4207 dixi,dubitare.1nrs.
492 4149 527 4197 Ut
537 4156 666 4213 opponatur
677 4151 715 4196 iu·
741 4151 902 4213 proselidem
920 4164 948 4196 uc
963 4151 1094 4212 prolixum,
1113 4155 1136 4197 et
1153 4149 1194 4210 qui
1211 4163 1262 4194 uec·

198 4213 282 4269 sciuae,
300 4210 411 4275 sapientia
427 4211 527 4272 tavida,
546 4223 574 4261 ut
587 4213 651 4276 apud
665 4213 714 4262 Cia
744 4229 820 4276 gaam
823 4211 967 4278 felicitatem
973 4215 1127 4276 portenderet.
1148 4210 1219 4271 Quod
1228 4211 1263 4261 ibi

198 4275 490 4339 prouaroeuceetu.
515 4276 580 4324 Nam
594 4277 716 4326 dementia
742 4277 1069 4342 proliuuridhiestlatur.
1097 4277 1162 4324 Add
1172 4276 1261 4325 Justiu

199 4354 215 4386 a
230 4340 390 4404 magnitudine
403 4341 476 4388 animi
487 4340 586 4400 ducitur,
598 4357 652 4406 que
661 4356 715 4388 cen·
749 4344 802 4404 1‚4„
819 4344 891 4392 Euri.
910 4342 975 4390 Ante
986 4341 1113 4391 Pichenam
1125 4341 1202 4392 Rhen.
1211 4342 1262 4402 jam

199 4402 242 4451 ties
256 4405 321 4468 apud
330 4405 464 4454 Ciceronem
478 4405 595 4470 sapientia
628 4408 715 4453 Parii·
746 4407 879 4473 exingeuio
889 4406 952 4456 dedit
962 4408 1047 4456 ονννίννο.

200 4470 283 4517 vaceio
309 4470 404 4531 quidem
430 4471 528 4519 verbum
557 4485 641 4519 sanum
667 4486 714 4519 non
