3059 4975
208 240 269 310 280
589 236 897 299 HISTORIARUM
1107 244 1155 319 [t.
1166 254 1197 297 u.
1211 241 1279 299 824.

212 403 329 469 rectius
349 399 504 490 stipendia
521 401 719 489 singulorum
741 413 905 490 spectaret,
926 402 990 467 suis
1010 425 1084 467 cum
1105 402 1285 491 insignibus-

213 488 290 554 armi
329 512 369 553 ue
383 486 514 551 victores
527 488 698 568 constituit,
717 488 848 553 modicis
860 488 942 555 inter
956 512 989 553 se
1001 488 1109 589 spatiis
1122 486 1291 573 discoetoeg

216 512 490 653 ΤιιιιιἽῘὶῑεΠίιιιιί,
512 597 592 659 quos
611 575 699 663 apud
717 575 855 639 Bovillas
874 574 908 639 in
929 574 1119 639 deditionem
1139 586 1283 671 acceptos

215 660 464 736 memoravimus,
483 660 639 747 ceterique
657 683 714 747 per
727 661 840 725 urbem
856 674 888 744 et
903 660 975 725 urbi
993 660 1095 725 vicina
1113 660 1281 747 conquisiti

239 746 434 811 roducuntur
446 766 545 832 prope
558 746 674 811 intecto
688 768 826 833 corpore.
871 753 893 784 “
908 747 998 811 Eos''
1013 745 1183 813 Mucianus
1197 753 1219 785 ‘⁶
1233 747 1282 811 di·

214 772 299 909 duci,
313 845 345 895 et
360 831 582 897 Germanicum
598 832 876 920 Britannicumque
889 832 1028 911 militem,
1043 856 1080 898 ac
1093 832 1120 895 si
1138 832 1194 919 qui
1207 831 1281 895 alio-

215 940 287 983 rum
308 915 513 997 exercituum,
537 918 700 1005 separatim
724 918 901 996 adsistere‚”
919 919 1019 1005 jubet.
1063 917 1140 983 Illos
1161 917 1281 1005 primus

215 1003 319 1069 statim
333 1002 498 1090 adspectus
511 1004 775 1091 obstupefecerat:
798 1026 871 1068 cum
885 1026 925 1068 ex
939 1004 1061 1069 diverso
1071 1003 1158 1070 velut
1171 1004 1279 1081 aciem,

216 1089 285 1155 telis
304 1104 336 1155 et
353 1088 448 1153 armis
467 1101 596 1168 trucem,
617 1102 714 1153 semet
727 1087 847 1153 clausos
867 1088 1032 1176 nudosque
1045 1102 1078 1154 et
1097 1089 1213 1155 inluvie
1227 1090 1281 1153 de-

214 1176 340 1255 formes,
352 1174 552 1262 adspicerent.
597 1176 646 1239 Ut
656 1196 729 1239 vero
740 1173 803 1238 huc
813 1173 888 1239 illuc
897 1173 1026 1239 distrahi
1037 1198 1169 1262 coepere,
1181 1191 1283 1240 metus

215 1286 272 1350 per
285 1285 393 1327 omnes
407 1274 439 1323 et
457 1261 616 1347 praecipua
630 1258 810 1324 Germanici
832 1258 938 1323 militis
958 1259 1104 1339 formido,
1120 1276 1283 1347 tamquam

214 1373 251 1413 ea
272 1346 464 1446 separatione
482 1345 523 1409 ad
544 1345 660 1417 caedem
682 1343 927 1410 destinarentur:
949 1368 1095 1433 prensare
1115 1346 1282 1411 commani-

216 1434 373 1523 pularium
393 1443 528 1517 pectora,
551 1430 722 1497 cervicibus
742 1431 868 1511 innecti,
888 1453 1034 1519 suprema
1047 1431 1152 1496 oscula
1164 1446 1281 1518 petere,

217 1527 240 1561 ‘⁶
254 1542 294 1583 ne
305 1518 519 1582 desererentur
532 1517 598 1595 soli,
613 1539 685 1596 nen,
701 1516 733 1581 in
747 1517 817 1606 pari
827 1540 945 1595 caussa,
957 1517 1112 1604 disparem
1123 1518 1282 1583 fortunam

215 1616 397 1693 paterentur
406 1603 434 1669 :''
460 1603 555 1667 modo
574 1604 772 1682 Mucianum,
796 1603 891 1668 modo
912 1604 1070 1667 absentem
1092 1603 1283 1691 Principem,

215 1704 408 1778 postremum
418 1688 532 1753 coelum
543 1713 579 1754 ac
588 1690 675 1753 Deos
687 1690 849 1755 obtestari:
867 1690 965 1753 donec
978 1688 1157 1767 Mucianus,
1173 1697 1195 1728 “
1206 1713 1284 1754 cun-

216 1792 282 1843 ctos
302 1776 445 1864 ejusdem
467 1776 660 1854 sacramenti,
680 1775 823 1862 ejusdem
845 1774 1048 1862 Imperatoris
1073 1774 1206 1841 milites”
1227 1775 1283 1839 ad-

215 1862 344 1951 pellem,
360 1860 438 1927 falso
453 1860 555 1926 timori
567 1861 690 1926 obviam
704 1861 771 1925 iret
817 1863 964 1948 Namque
977 1874 1009 1925 et
1022 1859 1121 1927 victor
1130 1860 1284 1926 exercitus

215 1949 349 2018 clamore
362 1946 503 2013 lacrimas
518 1970 625 2013 eorum
635 1948 779 2036 juvabat.
816 1947 910 2035 Isque
920 1946 991 2011 finis
1003 1946 1058 2011 illa
1071 1947 1130 2012 die.
1168 1948 1284 2013 Paucis

215 2049 287 2122 post
306 2034 428 2113 diebuS,
442 2032 662 2121 adloquentem
676 2032 894 2099 Domitianum
911 2033 1025 2097 firmati
1040 2034 1107 2120 jam
1126 2056 1282 2119 excepere.

216 2122 377 2208 Spernunt
387 2119 507 2185 oblatos
517 2143 624 2207 agros:
642 2127 664 2159 ‘⁶
675 2119 815 2183 militiam
824 2134 856 2184 et
866 2120 1040 2207 stipendia”
1054 2132 1150 2183 orant
1173 2122 1285 2183 Preces

217 2220 316 2287 erant,
332 2206 386 2271 sed
400 2205 516 2293 quibus
529 2205 698 2269 contradici
711 2228 773 2269 non
793 2216 914 2292 posset:
937 2204 1034 2291 igitur
1047 2205 1080 2267 in
1095 2205 1283 2269 Praetorium

216 2294 346 2380 accepti.
389 2291 480 2367 Dein,
523 2292 616 2357 uibus
637 2305 711 2357 setas
731 2304 762 2355 et
782 2292 869 2378 justa
889 2290 1053 2378 stipendia,
1072 2290 1191 2354 dimissi
1211 2312 1284 2353 cum

217 2380 344 2457 honore,
358 2376 410 2461 alii
424 2378 465 2442 ob
480 2316 604 2467 cidpam
614 2402 623 2451 ;
633 2377 694 2455 ,sed
708 2378 839 2464 carptim
853 2400 890 2441 nc
903 2376 1036 2464 singuli:
1052 2399 1117 2464 quo
1130 2375 1284 2440 tutissimo

217 2465 353 2530 remedio
367 2486 533 2532 consensus
545 2462 754 2530 multitudinis
768 2476 965 2529 extenuatur.
983 2519 987 2526 .
1064 2520 1066 2525 ⁴

262 2551 411 2618 XLVII.
435 2551 582 2614 Ceterum
593 2573 705 2614 verane
714 2549 874 2636 pauperie,
886 2572 926 2616 an
938 2549 986 2614 uti
996 2549 1165 2627 videretur,
1179 2549 1284 2614 actum

218 2636 251 2700 in
275 2639 403 2712 Senatu,
425 2642 446 2674 “
461 2648 499 2699 ut
513 2636 681 2700 sexcenties
699 2633 874 2698 sestertium
893 2657 914 2697 a
925 2633 1055 2720 privatis
1072 2649 1220 2698 mutuum
1234 2656 1286 2696 ac-

217 2721 401 2810 ciperetur.”
444 2720 698 2818 Praepositusque
718 2719 746 2783 ei
765 2742 849 2792 curae
864 2720 1024 2817 Poppaeus
1043 2718 1205 2784 Silvanus:
1229 2742 1285 2782 nec

217 2808 318 2878 multo
331 2818 402 2895 post
422 2817 585 2876 necessitas
603 2805 690 2886 abnt,
713 2805 777 2876 sive
791 2805 904 2871 omissa
922 2805 1085 2870 simulatio.
1130 2802 1285 2893 Abrogati

245 3021 734 3091 StipendiarpcctcrctJUsitatiosdixissem
760 3040 788 3086 p.
822 3023 870 3072 Pro
882 3030 979 3085 pectora
989 3023 1112 3071 Acidaliae
1122 3021 1223 3070 malebat
1230 3023 1285 3070 dee-

218 3101 337 3142 nosccret:
353 3102 381 3141 ut
393 3106 486 3139 mersor
502 3102 594 3136 nmcerc
607 3087 696 3148 dicunt,
712 3095 736 3134 et
766 3096 837 3136 term·
864 3089 918 3152 ligo
929 3089 1051 3151 vulgarum
1061 3090 1142 3151 probo.
1167 3089 1286 3136 Prsarum

217 3156 310 3208 similia.
335 3155 397 3206 Mox
408 3171 462 3203 com
472 3153 605 3214 insignibar
615 3153 665 3199 sair
672 3167 694 3198 v.
705 3149 736 3200 ad
764 3151 851 3200 dicitrrr
860 3168 903 3218 pro
912 3153 1030 3217 amplecti,
1044 3164 1072 3200 nt
1081 3153 1171 3200 andire
1179 3159 1285 3214 pectora,

218 3236 239 3268 c.
250 3224 290 3270 29.
317 3220 385 3270 Infra
394 3234 437 3283 pro
446 3218 575 3280 separatim
585 3215 658 3264 MSS.
670 3216 733 3264 Flos.
766 3217 831 3280 apud
841 3218 967 3267 Lucentem
981 3219 1005 3277 8,
1019 3218 1061 3272 67.
1093 3213 1185 3266 Deinde
1198 3218 1286 3264 innecti

127 3339 132 3350 Ι
220 3285 300 3334 Guelf.
315 3285 351 3334 cd.
364 3300 401 3348 pr.
412 3284 514 3344 reparati
521 3298 530 3338 ,·
546 3280 632 3331 omissa
646 3279 736 3344 virgula
767 3284 895 3331 cervicibus
912 3281 1035 3344 eleganter,
1053 3293 1081 3329 ut
1097 3282 1163 3329 Anu.
1183 3282 1223 3341 12,
1246 3283 1287 3336 47.

218 3363 289 3412 supra
303 3348 370 3398 litera
384 3348 481 3400 ultima:
499 3361 554 3396 narn
565 3345 737 3409 vulgatumve·
769 3348 892 3409 implicare
918 3348 1022 3394 dextros
1057 3347 1132 3395 Enn.
1166 3346 1198 3394 In
1219 3345 1283 3393 Bud.

218 3429 272 3462 rum
282 3413 434 3466 hauddubie.
466 3411 505 3462 Sic
515 3426 586 3474 snpra
595 3409 621 3469 3,
632 3411 670 3458 59.
683 3423 737 3458 corr-
763 3411 957 3473 prenraredccst,
967 3410 1032 3474 quod
1040 3423 1286 3474 morssuopffpcram

218 3481 286 3527 temti
304 3494 347 3542 pro
361 3480 495 3527 contcmtim
509 3475 609 3527 vidimus
625 3475 649 3522 in
665 3473 736 3522 libris
768 3483 846 3524 tuetur
856 3475 934 3525 Rhen-
954 3476 981 3522 Ti
993 3477 1081 3524 inormi
1091 3474 1187 3526 debetm
1197 3473 1286 3538 lipsio.

218 3543 289 3592 Eun.
322 3543 534 3606 Budseporatim·
566 3539 633 3591 Idem
645 3538 736 3602 ctAgr·
768 3541 1033 3604 Marsignportremo.

218 3609 309 3668 deduci,
320 3609 389 3659 mide.
800 3604 1109 3668 Spernaotoblotorogror]
1134 3605 1187 3652 stit
1197 3602 1287 3652 addidit

251 3673 292 3720 Ad
306 3675 390 3721 coedtnr
404 3667 590 3730 destinarentur]
618 3668 656 3717 Sic
666 3667 737 3716 edidit
768 3670 794 3726 (e
805 3669 882 3729 Bud.)
896 3669 1039 3717 Rhenanus:
1055 3667 1119 3731 quod
1131 3670 1191 3716 bene
1202 3668 1287 3719 delerit

220 3740 244 3790 (e
260 3736 335 3796 Bud)
352 3738 429 3786 Rhea.
462 3736 528 3784 Ante
545 3733 600 3782 editi
617 3747 697 3781 omnes
715 3742 739 3782 et
769 3733 878 3781 Pichena.
912 3733 1034 3781 Militiam
1042 3731 1147 3795 intellige
1156 3731 1287 3782 interPrre-

222 3800 474 3850 transmarinarum.
491 3801 565 3848 Eun.
768 3798 1030 3858 tammartipeudio
1037 3797 1239 3858 Pretoriancrum,
1245 3798 1288 3862 qui

208 3905 217 3920 ,
247 3859 737 3928 Premarccommcnipolariam]1talego:
770 3877 827 3909 mox
837 3863 985 3910 Pretorium
997 3871 1116 3923 vocantu,
1132 3871 1160 3910 ut
1173 3870 1287 3912 recteex·

218 3938 355 3978 nontamen
370 3930 440 3990 mslc,
453 3927 738 3993 premorcccmmcnipu-
768 3926 840 3990 plicat
849 3925 1014 3974 Periaon.l.c
1030 3928 1102 3977 Ean.
1135 3929 1287 3976 Sibiabcsta

219 3997 290 4056 lares,
296 3997 396 4056 pectori,
408 3996 535 4042 cervicibus
546 3994 641 4044 innecti.
661 3989 737 4040 uns.
769 3991 832 4038 Flor.
841 3992 931 4051 stabis,
941 4006 984 4040 nec
994 3992 1049 4040 Pus
1060 3992 1138 4049 habet,
1149 4005 1191 4041 nec
1198 3991 1253 4041 Alc.

220 4059 340 4110 Consentit
358 4057 450 4108 lectioni
466 4057 584 4122 Lipsinnae
602 4058 664 4107 Flcr.
682 4055 738 4104 item
803 4058 935 4105 sescenties
941 4058 1011 4121 Hs]
1029 4057 1128 4105 Faciunt
1140 4055 1286 4113 12,000,0⁰0

220 4123 301 4173 Guelf·
319 4123 345 4172 in
366 4139 413 4188 quo
430 4131 508 4170 tamen
525 4138 640 4184 prensare
658 4127 692 4168 est
713 4119 738 4168 in
769 4120 823 4168 libr.
833 4122 917 4170 Franc.
949 4121 1024 4183 Apud
1040 4119 1287 4183 SoetVssp.16.le-

219 4189 326 4252 marginc
341 4197 440 4238 tantum.
473 4185 509 4234 At
524 4187 584 4248 Agr.
597 4186 634 4234 ed.
650 4201 685 4249 pr.
699 4187 738 4232 io·
768 4185 1287 4249 giturperpenmquodringraticr(proqna-

213 4258 288 4318 jecta,
299 4253 335 4301 cd.
344 4253 435 4302 Putecl.
446 4253 501 4301 Ber.
513 4251 567 4299 Alc.
575 4249 632 4300 Ald.
641 4252 737 4312 tnjectt:
768 4252 875 4313 deam)
890 4252 985 4309 mitta,
1001 4259 1028 4297 nt
1038 4249 1082 4298 riri
1092 4248 1155 4298 docti
1170 4251 1231 4298 bene
1244 4265 1288 4298 no-

219 4318 284 4380 quod
295 4317 370 4380 placet
381 4317 473 4382 Ryckio
486 4315 623 4379 (etGmt).
655 4313 732 4362 Rben.
768 4323 854 4362 tanmt.
1109 4357 1112 4362 .

219 4381 309 4445 Grypb.
321 4384 422 4432 invecti.-
439 4393 463 4432 et
473 4389 527 4430 ante
537 4395 591 4428 cunt
602 4379 735 4442 mantala-
800 4381 918 4444 Poppoeur
928 4382 968 4444 S.]
985 4379 1018 4428 V.
1026 4379 1056 4428 ad
1067 4380 1092 4441 2,
1100 4381 1139 4429 86.
1148 4378 1286 4444 bicquoque

219 4446 301 4494 rium.-
322 4447 401 4498 Aldus
418 4464 472 4496 cum
484 4447 627 4510 prchcascrc
645 4444 734 4503 mabr-
767 4445 848 4494 eadem
865 4446 978 4495 librorum
994 4445 1099 4495 varietas.
1135 4448 1207 4495 Cure
1222 4446 1286 4494 abest
