3059 4975
251 294 283 337 A.
298 296 324 337 c.
340 284 401 356 ra]
622 280 695 340 urs.
721 280 772 338 ιν.
793 280 879 339 cnr.
902 282 946 337 rs.
1251 281 1309 341 atr

236 442 393 511 ‚redditur-
404 444 527 508 clamor.
568 442 925 507 Nudaveratsinistrum
940 463 1038 506 cornu
1052 440 1244 505 Batavorum
1258 442 1307 507 ala

249 528 466 615 transfugiens,
485 530 650 616 statimque
669 529 702 593 in
722 552 779 592 nos
799 551 905 591 versa:
929 526 983 592 sed
1002 525 1189 612 legionarius
1207 525 1305 607 miles,

248 635 438 699 quamquam
452 616 545 680 rebus
559 614 697 701 trepidis,
713 638 800 677 arma
813 613 902 678 ordin
958 635 998 677 ue
1011 612 1190 675 retinebat·
1206 614 1310 677 Ubio.

247 719 318 763 rum
330 702 602 787 Treverorumque
616 699 740 775 auxilia,
755 699 841 761 foeda
854 700 932 783 fuga
966 700 1092 784 ispersa,
1107 698 1180 762 totis
1190 700 1306 785 campis

247 782 400 931 gelantur.
431 785 511 849 Illuc
522 785 690 850 incubuere
700 784 860 849 Germani.
890 787 935 847 Et
944 783 1007 847 fuit
1017 782 1139 847 iuterim
1154 783 1306 869 effugium

187 896 190 901 ’
276 868 421 954 gionibus
437 872 470 934 in
484 883 594 949 castra,
639 871 730 934 uibus
749 868 894 933 Veterum
908 892 1021 932 nomen
1035 883 1089 933 est.
1134 868 1306 934 Praefectus

247 952 305 1017 alae
317 957 519 1035 Batavorum,
532 894 684 1021 Claudius
693 955 813 1034 Labeo,
825 979 844 1018 ο
867 954 982 1042 pidano
992 954 1157 1018 certamine
1172 955 1306 1019 aemulus

249 1038 352 1119 Civili,
364 1064 403 1105 ne
414 1042 593 1106 interfectus
606 1042 754 1105 invidiam
766 1064 829 1127 apu
863 1039 1039 1138 populares,
1050 1039 1110 1118 vel,
1126 1040 1151 1103 si
1162 1040 1305 1104 retinere-

248 1138 311 1200 tur,
323 1127 438 1191 semina
450 1128 611 1193 discordiae
621 1129 784 1215 praeberet,
796 1127 828 1189 in
840 1128 955 1190 Frisros
966 1125 1118 1205 avehitur,

291 1210 397 1277 XIX.
421 1212 536 1278 Iisdem
549 1213 670 1292 diebus,
687 1216 877 1278 Batavorum
890 1227 923 1276 et
933 1210 1185 1275 Canninefatium
1199 1214 1307 1277 cohor-

247 1307 304 1374 tes,
326 1320 397 1361 cum
421 1298 506 1363 ‘ussu
522 1299 641 1364 Vitellii
660 1301 692 1362 in
713 1300 822 1363 urbem
842 1312 1015 1385 pergerent,
1038 1298 1148 1360 missus
1167 1321 1187 1359 a
1205 1298 1305 1362 Civile

246 1383 375 1447 nuntius
388 1320 578 1481 adsequitur.
617 1387 798 1449 Intumuere
808 1385 912 1448 statim
923 1384 1069 1469 superbia
1077 1382 1263 1468 ferociaque,
1275 1400 1307 1447 et

249 1468 415 1553 “pretium
444 1470 571 1547 itineris,
600 1471 793 1548 donativum,
823 1470 940 1555 duplex
968 1470 1006 1533 sti
1046 1468 1167 1547 ndium,
1196 1470 1305 1554 augeri

247 1552 388 1637 equitum
412 1558 606 1634 numerum,''
628 1556 778 1641 promissa
801 1578 873 1621 sane
897 1578 917 1618 a
931 1554 1005 1618 Vite
1018 1555 1069 1632 iio,
1094 1553 1305 1639 postulabant,

247 1658 320 1714 non,
344 1652 381 1702 ut
399 1640 653 1727 adsequerentur,
676 1641 729 1705 sed
751 1664 891 1705 caussam
912 1640 1063 1706 seditioni.
1100 1639 1147 1702 Et
1161 1639 1305 1718 Flaccus,

246 1723 348 1787 multa
365 1726 570 1806 concedendo,
590 1728 668 1791 nihil
688 1727 775 1791 aliud
793 1727 944 1805 effecerat,
963 1750 1058 1812 quam
1078 1738 1114 1788 ut
1133 1724 1234 1788 acrius
1252 1749 1305 1789 ex-

246 1826 416 1895 poscerent,
426 1835 498 1898 quae
507 1814 642 1877 sciebant
651 1824 846 1899 negaturum.
878 1816 989 1900 Spreto
998 1812 1120 1897 Flacco,
1129 1809 1307 1874 inferiorem

248 1894 450 1959 Germaniam
463 1897 609 1983 petivere,
625 1910 661 1961 ut
677 1898 770 1961 Civili
779 1900 994 1984 jungerentur.
1027 1896 1238 1974 Hordeonius
1251 1896 1307 1959 ad-

246 1978 353 2045 hibitis
369 1982 521 2046 Tribunis
532 1983 852 2071 'Centurionibusqua
871 1983 1067 2061 consultavit,
1089 1989 1111 2019 “
1122 2003 1198 2045 num
1217 1982 1305 2045 obse-

247 2065 359 2213 quium
373 2068 542 2147 abnuentes
556 2070 586 2131 vi
600 2070 781 2133 coerceret.''
814 2070 906 2147 Mox,
925 2068 1016 2132 insita
1029 2068 1154 2153 ignavia
1167 2078 1198 2129 et
1213 2080 1259 2132 tre
1281 2068 1306 2129 i-

269 2151 296 2214 is
309 2152 465 2232 ministris,
481 2177 560 2240 quos
573 2155 740 2241 ambiguus
754 2153 940 2217 auxiliorum
954 2154 1076 2217 animus
1089 2167 1121 2216 et
1135 2152 1238 2216 subito
1251 2090 1305 2215 ile·

246 2235 328 2301 lectu
343 2239 494 2327 suppleta
503 2241 813 2327 legionesaugebant,
823 2239 941 2317 statuit,
951 2239 1106 2303 continere
1115 2238 1197 2302 intra
1206 2251 1307 2302 castra

245 2321 382 2387 militem.
416 2326 498 2389 Dein
509 2326 700 2411 poenitentia,
715 2340 747 2389 et
760 2325 983 2411 arguentibusi
1006 2326 1057 2403 sis,
1068 2324 1124 2410 qui
1135 2337 1305 2401 suaserant,

246 2422 404 2497 tamquam
421 2426 593 2491 secuturus,
617 2412 738 2498 scripsit
754 2411 915 2475 Herennio
930 2348 1034 2487 Gallo,
1054 2408 1183 2495 legionis
1196 2408 1307 2496 primae

248 2493 379 2582 Legato,
392 2499 447 2584 qui
459 2498 602 2563 Bonnam
613 2499 783 2572 obtinebat,
793 2513 830 2562 ut
847 2506 994 2561 “arceret
1008 2496 1139 2560 transitu
1149 2498 1302 2558 Batavos:
1329 2554 1333 2557 .

246 2587 286 2644 s‘e‘
299 2605 371 2646 cum
393 2586 529 2647 exercitu
548 2584 642 2670 tergis
662 2606 769 2647 eorum
783 2584 971 2646 lraesurum.”
1010 2582 1057 2645 Et
1068 2580 1204 2667 opprimi
1219 2595 1307 2666 pote-

245 2681 324 2744 rant,
340 2668 365 2731 si
379 2669 451 2732 hinc
466 2670 676 2747 Hordeonius,
695 2670 769 2733 inde
783 2669 907 2746 Gallus,
923 2668 1014 2732 motis
1027 2667 1185 2751 utrimque
1198 2665 1303 2752 copiis,

246 2753 363 2816 medios
378 2755 564 2819 clausissent.
604 2755 734 2818 Flaccus
748 2754 851 2818 omisit
864 2754 931 2816 ince
954 2766 1033 2829 tum,
1053 2752 1182 2837 aliisque
1195 2750 1305 2812 litteris

247 2837 375 2918 Gallum
390 2841 521 2916 monuit,
537 2861 576 2902 ne
591 2852 717 2903 terreret
731 2841 888 2903 abeuntes.
961 2838 1022 2901 nde
1037 2836 1179 2923 suspicio,
1195 2850 1305 2922 sponte

246 2922 439 3008 Legatorum
459 2924 585 2988 excitari
599 2923 732 2988 bellum:
757 2939 940 3007 cunctaque,
963 2945 1035 3010 quae
1057 2920 1231 2986 acciderant
1249 2933 1305 2984 aut

224 3177 226 3182 ¹
281 3181 597 3246 ClaudiasLnb0011nMS.
607 3183 685 3230 Guelf.
695 3183 759 3230 estin
790 3193 824 3231 est
839 3183 862 3231 in
878 3183 962 3231 liturae
985 3189 1115 3244 nempeest
1129 3180 1196 3227 lectio
1215 3179 1251 3227 ed·
1267 3194 1304 3240 pr.

209 3303 214 3314 .
246 3262 320 3310 marg.
333 3248 370 3310 (iu
381 3248 444 3296 Bud.
456 3247 529 3306 deest)
549 3263 605 3294 mox
614 3246 760 3308 habetoppt'·
790 3247 1224 3307 bonumobtt'nebatportemccercitua
1243 3243 1306 3290 Mox

245 3313 378 3370 danaorum
397 3312 465 3360 male·
489 3311 580 3359 Deinde
596 3318 653 3359 essct
669 3313 760 3358 tristata
790 3319 887 3360 terreret
899 3311 1044 3360 Mssrlor.
1059 3307 1241 3371 (Brunduelf.
1252 3308 1306 3355 edd.

245 3376 302 3425 MS.
319 3378 379 3441 Agr.
398 3377 435 3426 ed.
451 3391 487 3440 pr.
505 3376 609 3439 Ryckius
626 3376 759 3436 conjiciebat
789 3393 824 3438 pr.
836 3376 890 3422 Put
903 3376 957 3423 Ber.
969 3375 1054 3422 Alcid
1070 3389 1101 3421 ue
1111 3373 1211 3421 restituit
1221 3372 1306 3419 Piche-
1409 3395 1412 3398 ·

245 3442 415 3502 innatantes,
424 3442 547 3490 nonmale.
570 3441 760 3489 illoxaducln'tar
789 3455 827 3488 na.
853 3439 1062 3488 &teraeindeaR
1080 3452 1115 3486 en.
1131 3442 1227 3494 teneret,
1242 3435 1306 3497 qaod

244 3505 283 3554 ed.
294 3523 330 3570 pr.
341 3516 467 3570 ceteraque
476 3516 529 3554 ante
545 3505 622 3554 Rhen.
641 3504 672 3553 V.
687 3504 716 3551 ad
726 3504 759 3551 A.
789 3505 873 3553 melius
895 3501 1015 3551 ridebatur
1036 3501 1201 3550 Freinshemio.
1233 3499 1305 3547 Eas.

247 3570 286 3630 16,
298 3573 323 3620 2.
338 3571 410 3620 Ean.
427 3571 490 3619 Bud.
504 3570 714 3632 oppidanoient
724 3570 761 3616 in·
789 3569 974 3629 Budquibonc
984 3569 1104 3614 obtinebat.
1137 3565 1200 3613 Dein
1218 3569 1306 3611 teneret

246 3641 280 3681 ter
290 3635 349 3684 cives
367 3636 469 3698 ejusdem
487 3633 567 3699 oppidi
582 3642 697 3682 certamen
712 3632 761 3680 lieri
790 3649 828 3694 ap.
840 3633 917 3681 Rhea.
928 3631 984 3679 vitio
992 3646 1115 3694 operarum
1127 3630 1239 3685 debetur;
1255 3628 1305 3691 ipse

246 3699 309 3748 solet.
335 3700 396 3748 lllox
406 3701 468 3748 idem
479 3701 581 3758 invidio,
594 3707 659 3763 puto,
677 3697 761 3745 lineola
790 3698 853 3744 enim
870 3698 929 3744 nihil
945 3703 1016 3746 notat.
1049 3696 1079 3742 Id
1095 3707 1214 3757 perperam
1232 3703 1307 3742 reten-

246 3762 339 3810 omissa.
361 3764 424 3812 Dein
434 3765 552 3814 amititur.
694 3786 696 3789 -
790 3770 924 3824 turnaseq.

267 3830 577 3890 BatavoramctCoaninqfi
584 3829 698 3891 cohortes]
707 3827 760 3888 Ego
824 3829 967 3887 Cunctaque,
985 3841 1036 3889 quta
1052 3826 1111 3888 oca]
1130 3824 1189 3871 Haec
1202 3831 1236 3871 est
1251 3823 1307 3872 scri·

245 3889 369 3940 auxiliares
379 3891 473 3955 scriptas
483 3907 513 3940 ex
525 3893 575 3941 istis
584 3892 675 3955 populis
687 3901 758 3953 puto:
790 3899 859 3954 ptura
873 3889 946 3940 MSS.
963 3891 1025 3938 Flor.
1040 3888 1191 3951 Agr-Guelf.
1210 3889 1247 3952 (in
1258 3903 1306 3951 quo

245 3956 309 4018 quod
327 3964 391 4020 petat
409 3971 422 4002 e
440 3971 460 4004 c.
484 3957 523 4003 20.
541 3956 593 4003 init·
611 3957 676 4004 aliter
693 3955 761 4003 sentit
790 3965 867 4003 tamen
889 3971 940 4016 qua>
961 3954 1055 4012 excidit)
1082 3953 1134 4001 edd
1154 3962 1208 4001 ante
1229 3953 1307 4000 Rhea.
1339 3969 1347 3979 ·

245 4019 350 4072 Sabellus
360 4020 390 4070 ad
402 4017 490 4084 Hygin.
502 4036 526 4083 p.
537 4021 575 4075 87.
592 4019 663 4067 Ean.
790 4019 905 4075 omnium,
917 4019 961 4065 nisi
969 4019 1062 4081 quodie
1071 4035 1106 4082 pr.
1116 4021 1235 4080 qucabest
1255 4015 1305 4062 Ita-
1400 4063 1412 4074 ⁸

278 4084 555 4146 Nihilolindqstcerot]
565 4083 629 4132 Bud.
639 4085 762 4145 nihilrrffl·
791 4099 837 4146 que
854 4083 935 4130 merito
950 4083 1049 4130 restitnit
1070 4083 1095 4130 J.
1116 4081 1246 4130 Gronovius
1263 4093 1304 4140 pro

246 4157 317 4198 cerat.
656 4205 658 4208 ¹
791 4149 886 4210 vulgato
896 4150 954 4208 quta
964 4156 1056 4208 neuma,
1074 4147 1137 4210 quod
1151 4153 1185 4192 est
1199 4159 1213 4189 e
1228 4143 1304 4202 conje-

280 4214 328 4270 Qai
338 4218 448 4262 Bonnam
463 4216 589 4277 obtinebat]
609 4214 665 4263 MS.
683 4213 764 4261 Guelf.
792 4222 857 4260 ctura
865 4212 981 4271 Rhenani,
989 4213 1059 4260 ducta
1067 4227 1080 4259 e
1088 4211 1143 4258 MS.
1153 4207 1214 4255 Bud.
1224 4207 1248 4252 in
1257 4219 1304 4266 quo

246 4294 268 4339 q.
280 4281 313 4325 B.
323 4286 418 4339 purtem
435 4282 479 4328 obt.
498 4287 520 4327 et
537 4280 562 4326 in
579 4295 652 4342 marg.
670 4280 764 4342 insuper
793 4288 898 4340 cormpte
908 4287 956 4325 erat
966 4280 1007 4338 qui
1018 4283 1150 4335 ornataque.
1162 4271 1234 4318 Ean.
1250 4269 1305 4314 Pur.

246 4341 593 4408 additurntasrcitaapustoit.
617 4343 664 4393 Sed
671 4349 766 4405 portem
793 4342 846 4390 Ber.
855 4342 909 4389 Alc·
922 4356 976 4389 sarie
985 4341 1047 4388 istud
1057 4342 1113 4400 pain
1125 4351 1171 4382 non
1181 4335 1274 4380 liabent.
1289 4341 1306 4365 -'

295 4427 367 4473 von.
384 4427 433 4474 nr.
1123 4422 1138 4461 s
1212 4472 1215 4477 .
