<?xml version="1.0" encoding="UTF-8"?>
<!DOCTYPE html PUBLIC "-//W3C//DTD XHTML 1.0 Transitional//EN"
    "http://www.w3.org/TR/xhtml1/DTD/xhtml1-transitional.dtd">
<html xmlns="http://www.w3.org/1999/xhtml" xml:lang="en" lang="en">
 <head>
  <title>
</title>
<meta http-equiv="Content-Type" content="text/html;charset=utf-8" />
  <meta name='ocr-system' content='tesseract 3.04.00' />
  <meta name='ocr-capabilities' content='ocr_page ocr_carea ocr_par ocr_line ocrx_word'/>
</head>
<body>
  <div class='ocr_page' id='page_1' title='image "./ccorneliitaciti00grongoog/ccorneliitaciti00grongoog_0090.png"; bbox 0 0 3059 4975; ppageno 0'>
   <div class='ocr_carea' id='block_1_1' title="bbox 242 286 1308 373">
    <p class='ocr_par' dir='ltr' id='par_1_1' title="bbox 242 286 1308 373">
     <span class='ocr_line' id='line_1_1' title="bbox 242 286 1308 373; baseline 0.002 -28"><span class='ocrx_word' id='word_1_1' title='bbox 242 290 280 368; x_wconf 76' lang='lat' dir='ltr'>sa</span> <span class='ocrx_word' id='word_1_2' title='bbox 624 286 926 346; x_wconf 75' lang='lat' dir='ltr'>maronianum</span> <span class='ocrx_word' id='word_1_3' title='bbox 1135 292 1308 373; x_wconf 63' lang='lat' dir='ltr'>[auara</span> 
     </span>
    </p>
   </div>
   <div class='ocr_carea' id='block_1_2' title="bbox 243 449 1307 616">
    <p class='ocr_par' dir='ltr' id='par_1_2' title="bbox 243 449 1307 616">
     <span class='ocr_line' id='line_1_2' title="bbox 243 449 1307 537; baseline 0.001 -23"><span class='ocrx_word' id='word_1_4' title='bbox 243 463 306 514; x_wconf 89' lang='lat' dir='ltr'>tem</span> <span class='ocrx_word' id='word_1_5' title='bbox 322 449 418 527; x_wconf 89' lang='lat' dir='ltr'>Galli,</span> <span class='ocrx_word' id='word_1_6' title='bbox 434 462 471 514; x_wconf 89' lang='lat' dir='ltr'>ut</span> <span class='ocrx_word' id='word_1_7' title='bbox 484 451 597 537; x_wconf 89' lang='lat' dir='ltr'>cuique</span> <span class='ocrx_word' id='word_1_8' title='bbox 611 465 687 529; x_wconf 90' lang='lat' dir='ltr'>erat,</span> <span class='ocrx_word' id='word_1_9' title='bbox 708 449 910 529; x_wconf 82' lang='lat' dir='ltr'>criminando,</span> <span class='ocrx_word' id='word_1_10' title='bbox 926 450 1011 537; x_wconf 91' lang='lat' dir='ltr'>quod</span> <span class='ocrx_word' id='word_1_11' title='bbox 1026 450 1206 517; x_wconf 86' lang='lat' dir='ltr'>facillimum</span> <span class='ocrx_word' id='word_1_12' title='bbox 1222 451 1307 515; x_wconf 84' lang='lat' dir='ltr'>factu</span> 
     </span>
     <span class='ocr_line' id='line_1_3' title="bbox 243 535 1109 616; baseline 0.001 -16"><span class='ocrx_word' id='word_1_13' title='bbox 243 550 300 613; x_wconf 88' lang='lat' dir='ltr'>est,</span> <span class='ocrx_word' id='word_1_14' title='bbox 337 559 429 599; x_wconf 79' lang='lat' dir='ltr'>rarus</span> <span class='ocrx_word' id='word_1_15' title='bbox 443 549 475 600; x_wconf 89' lang='lat' dir='ltr'>et</span> <span class='ocrx_word' id='word_1_16' title='bbox 488 536 629 616; x_wconf 89' lang='lat' dir='ltr'>callidus,</span> <span class='ocrx_word' id='word_1_17' title='bbox 640 538 738 601; x_wconf 92' lang='lat' dir='ltr'>bonos</span> <span class='ocrx_word' id='word_1_18' title='bbox 749 553 781 602; x_wconf 89' lang='lat' dir='ltr'>et</span> <span class='ocrx_word' id='word_1_19' title='bbox 794 535 949 600; x_wconf 88' lang='lat' dir='ltr'>modestos</span> <span class='ocrx_word' id='word_1_20' title='bbox 963 537 1109 602; x_wconf 80' lang='lat' dir='ltr'><strong>anteibat.</strong></span> 
     </span>
    </p>
   </div>
   <div class='ocr_carea' id='block_1_3' title="bbox 287 621 1365 711">
    <p class='ocr_par' dir='ltr' id='par_1_3' title="bbox 287 621 1365 711">
     <span class='ocr_line' id='line_1_4' title="bbox 287 621 1365 711; baseline 0.003 -27"><span class='ocrx_word' id='word_1_21' title='bbox 287 622 316 685; x_wconf 97' lang='lat' dir='ltr'>L</span> <span class='ocrx_word' id='word_1_22' title='bbox 357 622 531 686; x_wconf 89' lang='lat' dir='ltr'>XXVIII.</span> <span class='ocrx_word' id='word_1_23' title='bbox 556 622 715 709; x_wconf 86' lang='lat' dir='ltr'>Sepositus</span> <span class='ocrx_word' id='word_1_24' title='bbox 736 646 793 711; x_wconf 89' lang='lat' dir='ltr'>per</span> <span class='ocrx_word' id='word_1_25' title='bbox 814 645 866 686; x_wconf 88' lang='lat' dir='ltr'>eos</span> <span class='ocrx_word' id='word_1_26' title='bbox 888 622 952 685; x_wconf 88' lang='lat' dir='ltr'>dies</span> <span class='ocrx_word' id='word_1_27' title='bbox 968 622 1131 687; x_wconf 89' lang='lat' dir='ltr'>Cornelius</span> <span class='ocrx_word' id='word_1_28' title='bbox 1145 621 1310 687; x_wconf 81' lang='lat' dir='ltr'><strong>Dolabella</strong></span> <span class='ocrx_word' id='word_1_29' title='bbox 1363 646 1365 650; x_wconf 85' lang='lat'>·</span> 
     </span>
    </p>
   </div>
   <div class='ocr_carea' id='block_1_4' title="bbox 241 706 1307 967">
    <p class='ocr_par' dir='ltr' id='par_1_4' title="bbox 241 706 1307 967">
     <span class='ocr_line' id='line_1_5' title="bbox 241 706 1306 796; baseline 0.003 -26"><span class='ocrx_word' id='word_1_30' title='bbox 241 707 274 770; x_wconf 93' lang='lat' dir='ltr'>in</span> <span class='ocrx_word' id='word_1_31' title='bbox 288 707 441 771; x_wconf 89' lang='lat' dir='ltr'>coloniam</span> <span class='ocrx_word' id='word_1_32' title='bbox 458 707 660 795; x_wconf 84' lang='lat' dir='ltr'>Aquinatem,</span> <span class='ocrx_word' id='word_1_33' title='bbox 678 732 781 795; x_wconf 90' lang='lat' dir='ltr'>neque</span> <span class='ocrx_word' id='word_1_34' title='bbox 795 721 863 771; x_wconf 90' lang='lat' dir='ltr'>arta</span> <span class='ocrx_word' id='word_1_35' title='bbox 875 706 1027 786; x_wconf 88' lang='lat' dir='ltr'>custodia,</span> <span class='ocrx_word' id='word_1_36' title='bbox 1041 730 1143 796; x_wconf 90' lang='lat' dir='ltr'>neque</span> <span class='ocrx_word' id='word_1_37' title='bbox 1157 710 1306 773; x_wconf 89' lang='lat' dir='ltr'>obscura:</span> 
     </span>
     <span class='ocr_line' id='line_1_6' title="bbox 242 792 1307 882; baseline 0.003 -27"><span class='ocrx_word' id='word_1_38' title='bbox 242 792 364 856; x_wconf 92' lang='lat' dir='ltr'>nullum</span> <span class='ocrx_word' id='word_1_39' title='bbox 378 794 419 856; x_wconf 92' lang='lat' dir='ltr'>ob</span> <span class='ocrx_word' id='word_1_40' title='bbox 430 793 556 872; x_wconf 88' lang='lat' dir='ltr'>crimen,</span> <span class='ocrx_word' id='word_1_41' title='bbox 572 795 625 861; x_wconf 87' lang='lat' dir='ltr'>sed</span> <span class='ocrx_word' id='word_1_42' title='bbox 634 810 758 859; x_wconf 91' lang='lat' dir='ltr'>vetusto</span> <span class='ocrx_word' id='word_1_43' title='bbox 768 794 892 857; x_wconf 86' lang='lat' dir='ltr'>nomine</span> <span class='ocrx_word' id='word_1_44' title='bbox 907 807 938 857; x_wconf 93' lang='lat' dir='ltr'>et</span> <span class='ocrx_word' id='word_1_45' title='bbox 951 794 1183 882; x_wconf 86' lang='lat' dir='ltr'>propinquitate</span> <span class='ocrx_word' id='word_1_46' title='bbox 1195 794 1307 859; x_wconf 88' lang='lat' dir='ltr'>Galbae</span> 
     </span>
     <span class='ocr_line' id='line_1_7' title="bbox 241 880 1306 967; baseline 0.003 -25"><span class='ocrx_word' id='word_1_47' title='bbox 241 890 439 943; x_wconf 87' lang='lat' dir='ltr'>monstratus.</span> <span class='ocrx_word' id='word_1_48' title='bbox 478 880 601 945; x_wconf 92' lang='lat' dir='ltr'>Multos</span> <span class='ocrx_word' id='word_1_49' title='bbox 622 904 640 944; x_wconf 93' lang='lat' dir='ltr'>e</span> <span class='ocrx_word' id='word_1_50' title='bbox 659 880 910 967; x_wconf 83' lang='lat' dir='ltr'>Magistratibus,</span> <span class='ocrx_word' id='word_1_51' title='bbox 934 902 965 942; x_wconf 94' lang='lat' dir='ltr'>m</span> <span class='ocrx_word' id='word_1_52' title='bbox 986 903 1079 944; x_wconf 74' lang='lat' dir='ltr'>onam</span> <span class='ocrx_word' id='word_1_53' title='bbox 1098 881 1306 946; x_wconf 83' lang='lat' dir='ltr'>consularium</span> 
     </span>
    </p>
   </div>
   <div class='ocr_carea' id='block_1_5' title="bbox 242 965 1307 1139">
    <p class='ocr_par' dir='ltr' id='par_1_5' title="bbox 242 965 1307 1139">
     <span class='ocr_line' id='line_1_8' title="bbox 242 965 1307 1115; baseline 0.004 -88"><span class='ocrx_word' id='word_1_54' title='bbox 242 976 374 1061; x_wconf 82' lang='lat' dir='ltr'>partem,</span> <span class='ocrx_word' id='word_1_55' title='bbox 390 965 486 1043; x_wconf 87' lang='lat' dir='ltr'>Otho,</span> <span class='ocrx_word' id='word_1_56' title='bbox 501 966 739 1115; x_wconf 61' lang='lat' dir='ltr'>napparticipes</span> <span class='ocrx_word' id='word_1_57' title='bbox 753 979 809 1031; x_wconf 87' lang='lat' dir='ltr'>aut</span> <span class='ocrx_word' id='word_1_58' title='bbox 819 965 974 1029; x_wconf 87' lang='lat' dir='ltr'>ministros</span> <span class='ocrx_word' id='word_1_59' title='bbox 1024 966 1077 1045; x_wconf 94' lang='lat' dir='ltr'>llo,</span> <span class='ocrx_word' id='word_1_60' title='bbox 1093 967 1307 1032; x_wconf 89' lang='lat' dir='ltr'>sedcomitum</span> 
     </span>
     <span class='ocr_line' id='line_1_9' title="bbox 243 1053 641 1139; baseline 0.01 -27"><span class='ocrx_word' id='word_1_61' title='bbox 243 1072 354 1135; x_wconf 80' lang='lat' dir='ltr'>specle,</span> <span class='ocrx_word' id='word_1_62' title='bbox 366 1073 470 1114; x_wconf 90' lang='lat' dir='ltr'>secum</span> <span class='ocrx_word' id='word_1_63' title='bbox 484 1074 545 1139; x_wconf 86' lang='lat' dir='ltr'>exp</span> <span class='ocrx_word' id='word_1_64' title='bbox 633 1053 641 1070; x_wconf 79' lang='lat'><em>⁶</em></span> 
     </span>
    </p>
   </div>
   <div class='ocr_carea' id='block_1_6' title="bbox 241 1050 1307 1285">
    <p class='ocr_par' dir='ltr' id='par_1_6' title="bbox 241 1050 1307 1285">
     <span class='ocr_line' id='line_1_10' title="bbox 586 1050 1307 1138; baseline 0.001 -24"><span class='ocrx_word' id='word_1_65' title='bbox 586 1075 630 1117; x_wconf 86' lang='lat' dir='ltr'>rre</span> <span class='ocrx_word' id='word_1_66' title='bbox 645 1052 748 1118; x_wconf 75' lang='lat' dir='ltr'>ubet:</span> <span class='ocrx_word' id='word_1_67' title='bbox 773 1050 889 1138; x_wconf 89' lang='lat' dir='ltr'>inquis</span> <span class='ocrx_word' id='word_1_68' title='bbox 904 1065 936 1116; x_wconf 94' lang='lat' dir='ltr'>et</span> <span class='ocrx_word' id='word_1_69' title='bbox 950 1052 990 1115; x_wconf 89' lang='lat' dir='ltr'>L.</span> <span class='ocrx_word' id='word_1_70' title='bbox 1006 1051 1183 1132; x_wconf 87' lang='lat' dir='ltr'>Vitellium,</span> <span class='ocrx_word' id='word_1_71' title='bbox 1198 1054 1307 1117; x_wconf 90' lang='lat' dir='ltr'>eodem</span> 
     </span>
     <span class='ocr_line' id='line_1_11' title="bbox 241 1136 1305 1285; baseline 0.002 -84"><span class='ocrx_word' id='word_1_72' title='bbox 241 1158 307 1285; x_wconf 74' lang='lat' dir='ltr'>quo</span> <span class='ocrx_word' id='word_1_73' title='bbox 326 1149 442 1200; x_wconf 89' lang='lat' dir='ltr'>ceteros</span> <span class='ocrx_word' id='word_1_74' title='bbox 461 1136 559 1215; x_wconf 91' lang='lat' dir='ltr'>cultu,</span> <span class='ocrx_word' id='word_1_75' title='bbox 580 1160 636 1203; x_wconf 92' lang='lat' dir='ltr'>nec</span> <span class='ocrx_word' id='word_1_76' title='bbox 656 1150 693 1202; x_wconf 90' lang='lat' dir='ltr'>ut</span> <span class='ocrx_word' id='word_1_77' title='bbox 708 1136 910 1225; x_wconf 88' lang='lat' dir='ltr'>Imperatoris</span> <span class='ocrx_word' id='word_1_78' title='bbox 923 1138 1062 1217; x_wconf 87' lang='lat' dir='ltr'>fratrem,</span> <span class='ocrx_word' id='word_1_79' title='bbox 1078 1162 1135 1204; x_wconf 90' lang='lat' dir='ltr'>nec</span> <span class='ocrx_word' id='word_1_80' title='bbox 1149 1152 1186 1203; x_wconf 93' lang='lat' dir='ltr'>ut</span> <span class='ocrx_word' id='word_1_81' title='bbox 1200 1138 1305 1203; x_wconf 81' lang='lat' dir='ltr'>hostis</span> 
     </span>
    </p>
   </div>
   <div class='ocr_carea' id='block_1_7' title="bbox 282 1221 289 1234">
    <p class='ocr_par' dir='ltr' id='par_1_7' title="bbox 282 1221 289 1234">
     <span class='ocr_line' id='line_1_12' title="bbox 282 1221 289 1234; baseline 0 0"><span class='ocrx_word' id='word_1_82' title='bbox 282 1221 289 1234; x_wconf 57' lang='grc' dir='ltr'>Ο</span> 
     </span>
    </p>
   </div>
   <div class='ocr_carea' id='block_1_8' title="bbox 240 1222 1385 2596">
    <p class='ocr_par' dir='ltr' id='par_1_8' title="bbox 240 1222 1310 2143">
     <span class='ocr_line' id='line_1_13' title="bbox 258 1222 1307 1310; baseline 0.005 -26"><span class='ocrx_word' id='word_1_83' title='bbox 258 1236 345 1307; x_wconf 78' lang='lat' dir='ltr'>gitur</span> <span class='ocrx_word' id='word_1_84' title='bbox 355 1236 440 1285; x_wconf 89' lang='lat' dir='ltr'>mota</span> <span class='ocrx_word' id='word_1_85' title='bbox 450 1222 537 1289; x_wconf 91' lang='lat' dir='ltr'>urbis</span> <span class='ocrx_word' id='word_1_86' title='bbox 547 1246 641 1289; x_wconf 87' lang='lat' dir='ltr'>cura:</span> <span class='ocrx_word' id='word_1_87' title='bbox 657 1223 762 1288; x_wconf 92' lang='lat' dir='ltr'>nullus</span> <span class='ocrx_word' id='word_1_88' title='bbox 772 1224 849 1287; x_wconf 90' lang='lat' dir='ltr'>ordo</span> <span class='ocrx_word' id='word_1_89' title='bbox 860 1235 945 1286; x_wconf 90' lang='lat' dir='ltr'>metu</span> <span class='ocrx_word' id='word_1_90' title='bbox 956 1237 1012 1287; x_wconf 88' lang='lat' dir='ltr'>aut</span> <span class='ocrx_word' id='word_1_91' title='bbox 1021 1224 1159 1310; x_wconf 89' lang='lat' dir='ltr'>periculo</span> <span class='ocrx_word' id='word_1_92' title='bbox 1170 1248 1307 1289; x_wconf 88' lang='lat' dir='ltr'>vacuus:</span> 
     </span>
     <span class='ocr_line' id='line_1_14' title="bbox 242 1308 1308 1397; baseline 0.005 -27"><span class='ocrx_word' id='word_1_93' title='bbox 242 1308 393 1393; x_wconf 89' lang='lat' dir='ltr'>primores</span> <span class='ocrx_word' id='word_1_94' title='bbox 409 1310 541 1382; x_wconf 84' lang='lat' dir='ltr'>Senatus</span> <span class='ocrx_word' id='word_1_95' title='bbox 555 1323 646 1373; x_wconf 89' lang='lat' dir='ltr'>aetate</span> <span class='ocrx_word' id='word_1_96' title='bbox 659 1309 786 1374; x_wconf 83' lang='lat' dir='ltr'>invalidi</span> <span class='ocrx_word' id='word_1_97' title='bbox 801 1322 832 1373; x_wconf 90' lang='lat' dir='ltr'>et</span> <span class='ocrx_word' id='word_1_98' title='bbox 846 1308 940 1395; x_wconf 86' lang='lat' dir='ltr'>longa</span> <span class='ocrx_word' id='word_1_99' title='bbox 953 1332 1029 1394; x_wconf 87' lang='lat' dir='ltr'>pace</span> <span class='ocrx_word' id='word_1_100' title='bbox 1043 1309 1182 1377; x_wconf 89' lang='lat' dir='ltr'>desides:</span> <span class='ocrx_word' id='word_1_101' title='bbox 1206 1310 1308 1397; x_wconf 85' lang='lat' dir='ltr'>segnis</span> 
     </span>
     <span class='ocr_line' id='line_1_15' title="bbox 241 1392 1308 1483; baseline 0.005 -28"><span class='ocrx_word' id='word_1_102' title='bbox 241 1404 274 1456; x_wconf 90' lang='lat' dir='ltr'>et</span> <span class='ocrx_word' id='word_1_103' title='bbox 293 1392 391 1457; x_wconf 87' lang='lat' dir='ltr'>oblita</span> <span class='ocrx_word' id='word_1_104' title='bbox 409 1393 561 1459; x_wconf 90' lang='lat' dir='ltr'>bellorum</span> <span class='ocrx_word' id='word_1_105' title='bbox 579 1395 740 1470; x_wconf 90' lang='lat' dir='ltr'>nobilitas;</span> <span class='ocrx_word' id='word_1_106' title='bbox 763 1394 891 1481; x_wconf 86' lang='lat' dir='ltr'>ignarus</span> <span class='ocrx_word' id='word_1_107' title='bbox 905 1394 1024 1459; x_wconf 85' lang='lat' dir='ltr'>militiae</span> <span class='ocrx_word' id='word_1_108' title='bbox 1039 1396 1165 1482; x_wconf 86' lang='lat' dir='ltr'>Eques:</span> <span class='ocrx_word' id='word_1_109' title='bbox 1189 1410 1308 1483; x_wconf 89' lang='lat' dir='ltr'>quanto</span> 
     </span>
     <span class='ocr_line' id='line_1_16' title="bbox 241 1478 1309 1575; baseline 0.004 -33"><span class='ocrx_word' id='word_1_110' title='bbox 241 1478 341 1575; x_wconf 81' lang='lat' dir='ltr'>magis</span> <span class='ocrx_word' id='word_1_111' title='bbox 362 1478 517 1543; x_wconf 88' lang='lat' dir='ltr'>occultare</span> <span class='ocrx_word' id='word_1_112' title='bbox 541 1495 573 1545; x_wconf 91' lang='lat' dir='ltr'>et</span> <span class='ocrx_word' id='word_1_113' title='bbox 597 1481 711 1545; x_wconf 89' lang='lat' dir='ltr'>abdere</span> <span class='ocrx_word' id='word_1_114' title='bbox 732 1503 879 1568; x_wconf 88' lang='lat' dir='ltr'>pavorem</span> <span class='ocrx_word' id='word_1_115' title='bbox 903 1480 1092 1560; x_wconf 85' lang='lat' dir='ltr'>nitebantur,</span> <span class='ocrx_word' id='word_1_116' title='bbox 1115 1481 1309 1547; x_wconf 87' lang='lat' dir='ltr'>manifestius</span> 
     </span>
     <span class='ocr_line' id='line_1_17' title="bbox 241 1564 1308 1649; baseline 0.006 -22"><span class='ocrx_word' id='word_1_117' title='bbox 241 1564 355 1649; x_wconf 86' lang='lat' dir='ltr'>pavrdi.</span> <span class='ocrx_word' id='word_1_118' title='bbox 401 1566 468 1628; x_wconf 92' lang='lat' dir='ltr'>Nec</span> <span class='ocrx_word' id='word_1_119' title='bbox 482 1565 609 1631; x_wconf 89' lang='lat' dir='ltr'>deerant</span> <span class='ocrx_word' id='word_1_120' title='bbox 622 1591 640 1630; x_wconf 92' lang='lat' dir='ltr'>e</span> <span class='ocrx_word' id='word_1_121' title='bbox 654 1568 818 1642; x_wconf 90' lang='lat' dir='ltr'>contrario,</span> <span class='ocrx_word' id='word_1_122' title='bbox 861 1566 894 1631; x_wconf 91' lang='lat' dir='ltr'>ui</span> <span class='ocrx_word' id='word_1_123' title='bbox 913 1565 1081 1630; x_wconf 87' lang='lat' dir='ltr'>ambitione</span> <span class='ocrx_word' id='word_1_124' title='bbox 1095 1567 1216 1648; x_wconf 87' lang='lat' dir='ltr'>stolida,</span> <span class='ocrx_word' id='word_1_125' title='bbox 1236 1590 1308 1633; x_wconf 91' lang='lat' dir='ltr'>con·</span> 
     </span>
     <span class='ocr_line' id='line_1_18' title="bbox 241 1591 1310 1752; baseline 0.004 -39"><span class='ocrx_word' id='word_1_126' title='bbox 241 1648 349 1736; x_wconf 90' lang='lat' dir='ltr'>spicua</span> <span class='ocrx_word' id='word_1_127' title='bbox 370 1673 466 1728; x_wconf 88' lang='lat' dir='ltr'>arma,</span> <span class='ocrx_word' id='word_1_128' title='bbox 492 1651 626 1738; x_wconf 86' lang='lat' dir='ltr'>insignes</span> <span class='ocrx_word' id='word_1_129' title='bbox 649 1676 756 1739; x_wconf 89' lang='lat' dir='ltr'>equos,</span> <span class='ocrx_word' id='word_1_130' title='bbox 782 1591 911 1750; x_wconf 71' lang='lat' dir='ltr'>quidam</span> <span class='ocrx_word' id='word_1_131' title='bbox 935 1651 1112 1718; x_wconf 83' lang='lat' dir='ltr'>luxuriosos</span> <span class='ocrx_word' id='word_1_132' title='bbox 1137 1653 1310 1752; x_wconf 70' lang='lat' dir='ltr'>adparatus</span> 
     </span>
     <span class='ocr_line' id='line_1_19' title="bbox 240 1734 1307 1818; baseline 0.002 -19"><span class='ocrx_word' id='word_1_133' title='bbox 240 1734 453 1800; x_wconf 87' lang='lat' dir='ltr'>conviviorum</span> <span class='ocrx_word' id='word_1_134' title='bbox 477 1750 508 1801; x_wconf 91' lang='lat' dir='ltr'>et</span> <span class='ocrx_word' id='word_1_135' title='bbox 528 1737 725 1802; x_wconf 86' lang='lat' dir='ltr'>inritamenta</span> <span class='ocrx_word' id='word_1_136' title='bbox 744 1736 921 1815; x_wconf 90' lang='lat' dir='ltr'>lib1dinum‚</span> <span class='ocrx_word' id='word_1_137' title='bbox 944 1752 981 1801; x_wconf 89' lang='lat' dir='ltr'>ut</span> <span class='ocrx_word' id='word_1_138' title='bbox 1000 1735 1205 1803; x_wconf 90' lang='lat' dir='ltr'>instrumenta</span> <span class='ocrx_word' id='word_1_139' title='bbox 1221 1738 1307 1818; x_wconf 91' lang='lat' dir='ltr'>belli,</span> 
     </span>
     <span class='ocr_line' id='line_1_20' title="bbox 241 1822 1309 1910; baseline 0.004 -26"><span class='ocrx_word' id='word_1_140' title='bbox 241 1835 460 1885; x_wconf 89' lang='lat' dir='ltr'>mercarentur.</span> <span class='ocrx_word' id='word_1_141' title='bbox 506 1824 548 1887; x_wconf 90' lang='lat' dir='ltr'>Sa</span> <span class='ocrx_word' id='word_1_142' title='bbox 570 1824 705 1888; x_wconf 83' lang='lat' dir='ltr'>lentibus</span> <span class='ocrx_word' id='word_1_143' title='bbox 719 1823 832 1910; x_wconf 84' lang='lat' dir='ltr'>quietis</span> <span class='ocrx_word' id='word_1_144' title='bbox 846 1837 878 1888; x_wconf 95' lang='lat' dir='ltr'>et</span> <span class='ocrx_word' id='word_1_145' title='bbox 893 1822 1089 1909; x_wconf 86' lang='lat' dir='ltr'>Reipublicae</span> <span class='ocrx_word' id='word_1_146' title='bbox 1103 1846 1196 1888; x_wconf 88' lang='lat' dir='ltr'>cura:</span> <span class='ocrx_word' id='word_1_147' title='bbox 1219 1823 1309 1888; x_wconf 88' lang='lat' dir='ltr'>levis-</span> 
     </span>
     <span class='ocr_line' id='line_1_21' title="bbox 242 1848 1308 1996; baseline 0.003 -26"><span class='ocrx_word' id='word_1_148' title='bbox 242 1906 338 1971; x_wconf 90' lang='lat' dir='ltr'>simus</span> <span class='ocrx_word' id='word_1_149' title='bbox 352 1905 485 1995; x_wconf 88' lang='lat' dir='ltr'>quisque</span> <span class='ocrx_word' id='word_1_150' title='bbox 500 1923 531 1974; x_wconf 93' lang='lat' dir='ltr'>et</span> <span class='ocrx_word' id='word_1_151' title='bbox 548 1848 648 1973; x_wconf 80' lang='lat' dir='ltr'>ihturi</span> <span class='ocrx_word' id='word_1_152' title='bbox 666 1908 860 1996; x_wconf 88' lang='lat' dir='ltr'>inprovidus,</span> <span class='ocrx_word' id='word_1_153' title='bbox 878 1932 932 1995; x_wconf 93' lang='lat' dir='ltr'>spe</span> <span class='ocrx_word' id='word_1_154' title='bbox 949 1931 1032 1973; x_wconf 86' lang='lat' dir='ltr'>vana</span> <span class='ocrx_word' id='word_1_155' title='bbox 1051 1921 1193 1975; x_wconf 89' lang='lat' dir='ltr'>tumens:</span> <span class='ocrx_word' id='word_1_156' title='bbox 1216 1909 1308 1974; x_wconf 87' lang='lat' dir='ltr'>multi</span> 
     </span>
     <span class='ocr_line' id='line_1_22' title="bbox 240 1992 1307 2093; baseline 0.003 -37"><span class='ocrx_word' id='word_1_157' title='bbox 240 1992 366 2091; x_wconf 69' lang='lat' dir='ltr'>addicta</span> <span class='ocrx_word' id='word_1_158' title='bbox 379 1994 446 2093; x_wconf 38' lang='lat' dir='ltr'>&#39;fide</span> <span class='ocrx_word' id='word_1_159' title='bbox 465 1994 499 2058; x_wconf 93' lang='lat' dir='ltr'>in</span> <span class='ocrx_word' id='word_1_160' title='bbox 517 2018 604 2084; x_wconf 90' lang='lat' dir='ltr'>pace,</span> <span class='ocrx_word' id='word_1_161' title='bbox 625 2019 662 2061; x_wconf 88' lang='lat' dir='ltr'>ac</span> <span class='ocrx_word' id='word_1_162' title='bbox 676 1995 809 2062; x_wconf 90' lang='lat' dir='ltr'>turbatis</span> <span class='ocrx_word' id='word_1_163' title='bbox 822 1994 916 2059; x_wconf 88' lang='lat' dir='ltr'>rebus</span> <span class='ocrx_word' id='word_1_164' title='bbox 930 1992 1056 2074; x_wconf 84' lang='lat' dir='ltr'>alacres,</span> <span class='ocrx_word' id='word_1_165' title='bbox 1076 2006 1108 2060; x_wconf 91' lang='lat' dir='ltr'>et</span> <span class='ocrx_word' id='word_1_166' title='bbox 1122 2018 1178 2083; x_wconf 91' lang='lat' dir='ltr'>per</span> <span class='ocrx_word' id='word_1_167' title='bbox 1191 1996 1307 2061; x_wconf 83' lang='lat' dir='ltr'>incerta</span> 
     </span>
     <span class='ocr_line' id='line_1_23' title="bbox 242 2091 396 2143; baseline 0.013 -2"><span class='ocrx_word' id='word_1_168' title='bbox 242 2091 396 2143; x_wconf 75' lang='lat' dir='ltr'>tutissima</span> 
     </span>
    </p>

    <p class='ocr_par' dir='ltr' id='par_1_9' title="bbox 240 2162 1385 2596">
     <span class='ocr_line' id='line_1_24' title="bbox 286 2162 1307 2251; baseline 0 -22"><span class='ocrx_word' id='word_1_169' title='bbox 286 2162 498 2229; x_wconf 89' lang='lat' dir='ltr'>LXXXIX.</span> <span class='ocrx_word' id='word_1_170' title='bbox 517 2167 579 2250; x_wconf 80' lang='lat' dir='ltr'>Sed</span> <span class='ocrx_word' id='word_1_171' title='bbox 590 2166 712 2251; x_wconf 81' lang='lat' dir='ltr'>vulgus,</span> <span class='ocrx_word' id='word_1_172' title='bbox 722 2180 754 2230; x_wconf 90' lang='lat' dir='ltr'>et</span> <span class='ocrx_word' id='word_1_173' title='bbox 764 2166 979 2251; x_wconf 87' lang='lat' dir='ltr'>magnitudine</span> <span class='ocrx_word' id='word_1_174' title='bbox 990 2166 1084 2229; x_wconf 90' lang='lat' dir='ltr'>nimia</span> <span class='ocrx_word' id='word_1_175' title='bbox 1094 2166 1307 2229; x_wconf 90' lang='lat' dir='ltr'>communium</span> 
     </span>
     <span class='ocr_line' id='line_1_25' title="bbox 241 2250 1308 2349; baseline 0.004 -36"><span class='ocrx_word' id='word_1_176' title='bbox 241 2272 388 2314; x_wconf 87' lang='lat' dir='ltr'>curarum</span> <span class='ocrx_word' id='word_1_177' title='bbox 399 2273 509 2337; x_wconf 86' lang='lat' dir='ltr'>expers</span> <span class='ocrx_word' id='word_1_178' title='bbox 519 2251 666 2337; x_wconf 88' lang='lat' dir='ltr'>populus,</span> <span class='ocrx_word' id='word_1_179' title='bbox 677 2252 790 2318; x_wconf 88' lang='lat' dir='ltr'>sentire</span> <span class='ocrx_word' id='word_1_180' title='bbox 800 2251 963 2349; x_wconf 88' lang='lat' dir='ltr'>paullatim</span> <span class='ocrx_word' id='word_1_181' title='bbox 973 2250 1047 2316; x_wconf 89' lang='lat' dir='ltr'>belli</span> <span class='ocrx_word' id='word_1_182' title='bbox 1057 2250 1148 2331; x_wconf 90' lang='lat' dir='ltr'>mala,</span> <span class='ocrx_word' id='word_1_183' title='bbox 1159 2274 1308 2317; x_wconf 80' lang='lat' dir='ltr'>conversa</span> 
     </span>
     <span class='ocr_line' id='line_1_26' title="bbox 240 2334 1305 2425; baseline 0.005 -28"><span class='ocrx_word' id='word_1_184' title='bbox 240 2334 274 2397; x_wconf 89' lang='lat' dir='ltr'>in</span> <span class='ocrx_word' id='word_1_185' title='bbox 288 2334 422 2398; x_wconf 88' lang='lat' dir='ltr'>militum</span> <span class='ocrx_word' id='word_1_186' title='bbox 436 2355 529 2399; x_wconf 90' lang='lat' dir='ltr'>usum</span> <span class='ocrx_word' id='word_1_187' title='bbox 544 2337 628 2401; x_wconf 85' lang='lat' dir='ltr'>omni</span> <span class='ocrx_word' id='word_1_188' title='bbox 642 2338 784 2425; x_wconf 87' lang='lat' dir='ltr'>pecunia,</span> <span class='ocrx_word' id='word_1_189' title='bbox 805 2338 931 2401; x_wconf 79' lang='lat' dir='ltr'>utentis</span> <span class='ocrx_word' id='word_1_190' title='bbox 950 2337 1166 2402; x_wconf 85' lang='lat' dir='ltr'>alimentorum</span> <span class='ocrx_word' id='word_1_191' title='bbox 1180 2336 1305 2423; x_wconf 86' lang='lat' dir='ltr'>pretiis:</span> 
     </span>
     <span class='ocr_line' id='line_1_27' title="bbox 242 2419 1309 2507; baseline 0.004 -24"><span class='ocrx_word' id='word_1_192' title='bbox 242 2442 325 2507; x_wconf 88' lang='lat' dir='ltr'>quae,</span> <span class='ocrx_word' id='word_1_193' title='bbox 339 2434 427 2484; x_wconf 92' lang='lat' dir='ltr'>motu</span> <span class='ocrx_word' id='word_1_194' title='bbox 445 2419 591 2502; x_wconf 90' lang='lat' dir='ltr'>Vindicis,</span> <span class='ocrx_word' id='word_1_195' title='bbox 606 2422 692 2487; x_wconf 90' lang='lat' dir='ltr'>haud</span> <span class='ocrx_word' id='word_1_196' title='bbox 746 2423 835 2487; x_wconf 90' lang='lat' dir='ltr'>rinde</span> <span class='ocrx_word' id='word_1_197' title='bbox 871 2422 971 2489; x_wconf 92' lang='lat' dir='ltr'>lebem</span> <span class='ocrx_word' id='word_1_198' title='bbox 985 2422 1186 2501; x_wconf 89' lang='lat' dir='ltr'>adtriverant,</span> <span class='ocrx_word' id='word_1_199' title='bbox 1202 2444 1309 2487; x_wconf 90' lang='lat' dir='ltr'>secura</span> 
     </span>
     <span class='ocr_line' id='line_1_28' title="bbox 243 2446 1385 2596; baseline 0.009 -27"><span class='ocrx_word' id='word_1_200' title='bbox 243 2520 310 2571; x_wconf 92' lang='lat' dir='ltr'>tum</span> <span class='ocrx_word' id='word_1_201' title='bbox 325 2508 404 2573; x_wconf 90' lang='lat' dir='ltr'>urbe</span> <span class='ocrx_word' id='word_1_202' title='bbox 418 2521 449 2572; x_wconf 93' lang='lat' dir='ltr'>et</span> <span class='ocrx_word' id='word_1_203' title='bbox 467 2506 647 2595; x_wconf 86' lang='lat' dir='ltr'>provinciali</span> <span class='ocrx_word' id='word_1_204' title='bbox 665 2446 758 2588; x_wconf 62' lang='lat' dir='ltr'>belli,</span> <span class='ocrx_word' id='word_1_205' title='bbox 780 2533 824 2596; x_wconf 90' lang='lat' dir='ltr'>qu</span> <span class='ocrx_word' id='word_1_206' title='bbox 883 2508 963 2574; x_wconf 87' lang='lat' dir='ltr'>inter</span> <span class='ocrx_word' id='word_1_207' title='bbox 977 2509 1113 2596; x_wconf 81' lang='lat' dir='ltr'>legiones</span> <span class='ocrx_word' id='word_1_208' title='bbox 1128 2507 1308 2596; x_wconf 86' lang='lat' dir='ltr'>Galliasque</span> <span class='ocrx_word' id='word_1_209' title='bbox 1381 2557 1385 2565; x_wconf 90' lang='lat'>·</span> 
     </span>
    </p>
   </div>
   <div class='ocr_carea' id='block_1_9' title="bbox 239 2695 1316 4566">
    <p class='ocr_par' dir='ltr' id='par_1_10' title="bbox 245 2695 1308 2823">
     <span class='ocr_line' id='line_1_29' title="bbox 277 2695 1308 2761; baseline 0.002 -20"><span class='ocrx_word' id='word_1_210' title='bbox 277 2695 348 2741; x_wconf 83' lang='lat' dir='ltr'>Corn.</span> <span class='ocrx_word' id='word_1_211' title='bbox 371 2696 504 2761; x_wconf 77' lang='lat' dir='ltr'>Dolabella]</span> <span class='ocrx_word' id='word_1_212' title='bbox 533 2697 597 2744; x_wconf 76' lang='lat' dir='ltr'>Suet.</span> <span class='ocrx_word' id='word_1_213' title='bbox 620 2695 697 2744; x_wconf 84' lang='lat' dir='ltr'>Galba</span> <span class='ocrx_word' id='word_1_214' title='bbox 719 2697 756 2743; x_wconf 82' lang='lat'>12.</span> <span class='ocrx_word' id='word_1_215' title='bbox 822 2697 914 2744; x_wconf 76' lang='lat' dir='ltr'>Multis</span> <span class='ocrx_word' id='word_1_216' title='bbox 932 2695 1017 2756; x_wconf 81' lang='lat' dir='ltr'>afflicta</span> <span class='ocrx_word' id='word_1_217' title='bbox 1029 2697 1090 2756; x_wconf 76' lang='lat' dir='ltr'>fidas</span> <span class='ocrx_word' id='word_1_218' title='bbox 1109 2697 1136 2742; x_wconf 85' lang='lat' dir='ltr'>in</span> <span class='ocrx_word' id='word_1_219' title='bbox 1150 2696 1222 2759; x_wconf 78' lang='lat' dir='ltr'>paca]</span> <span class='ocrx_word' id='word_1_220' title='bbox 1246 2695 1308 2754; x_wconf 88' lang='lat' dir='ltr'>Quis</span> 
     </span>
     <span class='ocr_line' id='line_1_30' title="bbox 245 2758 1308 2823; baseline 0.002 -17"><span class='ocrx_word' id='word_1_221' title='bbox 245 2759 347 2810; x_wconf 74' lang='lat' dir='ltr'>Curium</span> <span class='ocrx_word' id='word_1_222' title='bbox 358 2758 421 2806; x_wconf 78' lang='lat' dir='ltr'>dicia</span> <span class='ocrx_word' id='word_1_223' title='bbox 791 2760 899 2820; x_wconf 83' lang='lat' dir='ltr'>crederet,</span> <span class='ocrx_word' id='word_1_224' title='bbox 919 2759 1033 2823; x_wconf 90' lang='lat' dir='ltr'>optimum</span> <span class='ocrx_word' id='word_1_225' title='bbox 1046 2759 1187 2807; x_wconf 84' lang='lat' dir='ltr'>Rhenanam</span> <span class='ocrx_word' id='word_1_226' title='bbox 1204 2767 1252 2807; x_wconf 89' lang='lat' dir='ltr'>tam</span> <span class='ocrx_word' id='word_1_227' title='bbox 1266 2760 1308 2808; x_wconf 87' lang='lat' dir='ltr'>diu</span> 
     </span>
    </p>

    <p class='ocr_par' dir='ltr' id='par_1_11' title="bbox 241 2823 1309 3400">
     <span class='ocr_line' id='line_1_31' title="bbox 275 2823 1309 2890; baseline 0 -20"><span class='ocrx_word' id='word_1_228' title='bbox 275 2824 458 2886; x_wconf 72' lang='lat' dir='ltr'>Propinquitate</span> <span class='ocrx_word' id='word_1_229' title='bbox 476 2827 567 2890; x_wconf 72' lang='lat' dir='ltr'>Galba]</span> <span class='ocrx_word' id='word_1_230' title='bbox 586 2824 642 2884; x_wconf 87' lang='lat' dir='ltr'>Quo</span> <span class='ocrx_word' id='word_1_231' title='bbox 658 2826 757 2885; x_wconf 81' lang='lat' dir='ltr'>vinculo,</span> <span class='ocrx_word' id='word_1_232' title='bbox 791 2825 887 2887; x_wconf 89' lang='lat' dir='ltr'>impune</span> <span class='ocrx_word' id='word_1_233' title='bbox 904 2824 1007 2872; x_wconf 85' lang='lat' dir='ltr'>laturum</span> <span class='ocrx_word' id='word_1_234' title='bbox 1018 2823 1087 2872; x_wconf 85' lang='lat' dir='ltr'>fuisse</span> <span class='ocrx_word' id='word_1_235' title='bbox 1104 2823 1164 2872; x_wconf 87' lang='lat' dir='ltr'>hanc</span> <span class='ocrx_word' id='word_1_236' title='bbox 1179 2824 1309 2871; x_wconf 79' lang='lat' dir='ltr'>mendam?</span> 
     </span>
     <span class='ocr_line' id='line_1_32' title="bbox 241 2882 1309 2952; baseline 0.004 -19"><span class='ocrx_word' id='word_1_237' title='bbox 241 2887 331 2934; x_wconf 88' lang='lat' dir='ltr'>nescio:</span> <span class='ocrx_word' id='word_1_238' title='bbox 348 2888 388 2934; x_wconf 84' lang='lat' dir='ltr'>sed</span> <span class='ocrx_word' id='word_1_239' title='bbox 399 2889 443 2952; x_wconf 92' lang='lat' dir='ltr'>ipsi</span> <span class='ocrx_word' id='word_1_240' title='bbox 452 2890 534 2938; x_wconf 72' lang='lat' dir='ltr'>Galbae</span> <span class='ocrx_word' id='word_1_241' title='bbox 544 2898 676 2952; x_wconf 86' lang='lat' dir='ltr'>suspectum</span> <span class='ocrx_word' id='word_1_242' title='bbox 685 2890 759 2938; x_wconf 89' lang='lat' dir='ltr'>Dola·</span> <span class='ocrx_word' id='word_1_243' title='bbox 793 2882 873 2937; x_wconf 86' lang='lat' dir='ltr'>lllutat</span> <span class='ocrx_word' id='word_1_244' title='bbox 888 2888 945 2936; x_wconf 90' lang='lat' dir='ltr'>olim</span> <span class='ocrx_word' id='word_1_245' title='bbox 963 2888 1059 2947; x_wconf 90' lang='lat' dir='ltr'>editum,</span> <span class='ocrx_word' id='word_1_246' title='bbox 1076 2889 1147 2950; x_wconf 90' lang='lat' dir='ltr'>quod,</span> <span class='ocrx_word' id='word_1_247' title='bbox 1167 2889 1264 2948; x_wconf 86' lang='lat' dir='ltr'>etiamsi,</span> <span class='ocrx_word' id='word_1_248' title='bbox 1280 2897 1309 2937; x_wconf 91' lang='lat' dir='ltr'>ut</span> 
     </span>
     <span class='ocr_line' id='line_1_33' title="bbox 242 2951 1308 3016; baseline 0.004 -18"><span class='ocrx_word' id='word_1_249' title='bbox 242 2951 329 2999; x_wconf 87' lang='lat' dir='ltr'>bellam</span> <span class='ocrx_word' id='word_1_250' title='bbox 339 2952 480 3016; x_wconf 85' lang='lat' dir='ltr'>deimperio,</span> <span class='ocrx_word' id='word_1_251' title='bbox 489 2955 514 3001; x_wconf 90' lang='lat' dir='ltr'>in</span> <span class='ocrx_word' id='word_1_252' title='bbox 522 2954 626 3002; x_wconf 82' lang='lat' dir='ltr'>Suetonii</span> <span class='ocrx_word' id='word_1_253' title='bbox 635 2954 711 3002; x_wconf 80' lang='lat' dir='ltr'>Galba</span> <span class='ocrx_word' id='word_1_254' title='bbox 721 2956 758 3001; x_wconf 79' lang='lat'>12.</span> <span class='ocrx_word' id='word_1_255' title='bbox 792 2953 831 3001; x_wconf 92' lang='lat' dir='ltr'>ille</span> <span class='ocrx_word' id='word_1_256' title='bbox 846 2953 926 3011; x_wconf 88' lang='lat' dir='ltr'>voluit,</span> <span class='ocrx_word' id='word_1_257' title='bbox 943 2968 1022 3001; x_wconf 86' lang='lat' dir='ltr'>omnes</span> <span class='ocrx_word' id='word_1_258' title='bbox 1036 2953 1089 3000; x_wconf 89' lang='lat' dir='ltr'>libri</span> <span class='ocrx_word' id='word_1_259' title='bbox 1101 2953 1241 3015; x_wconf 72' lang='lat' dir='ltr'>preferrent,</span> <span class='ocrx_word' id='word_1_260' title='bbox 1257 2953 1308 3016; x_wconf 88' lang='lat' dir='ltr'>ipso</span> 
     </span>
     <span class='ocr_line' id='line_1_34' title="bbox 242 3015 1308 3080; baseline 0.004 -18"><span class='ocrx_word' id='word_1_261' title='bbox 242 3017 344 3064; x_wconf 85' lang='lat' dir='ltr'>observa</span> <span class='ocrx_word' id='word_1_262' title='bbox 377 3018 461 3066; x_wconf 86' lang='lat' dir='ltr'>Scribit</span> <span class='ocrx_word' id='word_1_263' title='bbox 480 3027 502 3066; x_wconf 90' lang='lat' dir='ltr'>et</span> <span class='ocrx_word' id='word_1_264' title='bbox 522 3019 660 3065; x_wconf 87' lang='lat' dir='ltr'>Plutarchus</span> <span class='ocrx_word' id='word_1_265' title='bbox 678 3034 697 3066; x_wconf 83' lang='lat' dir='ltr'>e.</span> <span class='ocrx_word' id='word_1_266' title='bbox 718 3020 759 3065; x_wconf 81' lang='lat'>23.</span> <span class='ocrx_word' id='word_1_267' title='bbox 792 3016 900 3065; x_wconf 85' lang='lat' dir='ltr'>orationis</span> <span class='ocrx_word' id='word_1_268' title='bbox 922 3015 961 3064; x_wconf 86' lang='lat' dir='ltr'>filo</span> <span class='ocrx_word' id='word_1_269' title='bbox 984 3017 1116 3080; x_wconf 83' lang='lat' dir='ltr'>postulante</span> <span class='ocrx_word' id='word_1_270' title='bbox 1141 3017 1308 3066; x_wconf 85' lang='lat' dir='ltr'>restituendum</span> 
     </span>
     <span class='ocr_line' id='line_1_35' title="bbox 242 3081 1309 3144; baseline -0.002 -17"><span class='ocrx_word' id='word_1_271' title='bbox 242 3095 297 3128; x_wconf 90' lang='lat' dir='ltr'>cum</span> <span class='ocrx_word' id='word_1_272' title='bbox 318 3081 348 3128; x_wconf 88' lang='lat' dir='ltr'>de</span> <span class='ocrx_word' id='word_1_273' title='bbox 369 3097 497 3130; x_wconf 80' lang='lat' dir='ltr'>successore</span> <span class='ocrx_word' id='word_1_274' title='bbox 518 3083 595 3130; x_wconf 86' lang='lat' dir='ltr'>Galba</span> <span class='ocrx_word' id='word_1_275' title='bbox 615 3083 758 3142; x_wconf 77' lang='lat' dir='ltr'>deliberaret,</span> <span class='ocrx_word' id='word_1_276' title='bbox 792 3081 857 3128; x_wconf 80' lang='lat' dir='ltr'>foret.</span> <span class='ocrx_word' id='word_1_277' title='bbox 884 3081 918 3128; x_wconf 86' lang='lat' dir='ltr'>Et</span> <span class='ocrx_word' id='word_1_278' title='bbox 928 3081 1030 3144; x_wconf 83' lang='lat' dir='ltr'>proiecto</span> <span class='ocrx_word' id='word_1_279' title='bbox 1041 3081 1073 3130; x_wconf 93' lang='lat' dir='ltr'>sic</span> <span class='ocrx_word' id='word_1_280' title='bbox 1083 3083 1232 3142; x_wconf 85' lang='lat' dir='ltr'>conjeceram,</span> <span class='ocrx_word' id='word_1_281' title='bbox 1244 3089 1309 3130; x_wconf 84' lang='lat' dir='ltr'>aute.</span> 
     </span>
     <span class='ocr_line' id='line_1_36' title="bbox 243 3146 1309 3208; baseline 0.005 -19"><span class='ocrx_word' id='word_1_282' title='bbox 243 3147 330 3191; x_wconf 77' lang='lat' dir='ltr'>amicos</span> <span class='ocrx_word' id='word_1_283' title='bbox 336 3149 429 3206; x_wconf 81' lang='lat' dir='ltr'>partim</span> <span class='ocrx_word' id='word_1_284' title='bbox 438 3149 571 3206; x_wconf 73' lang='lat' dir='ltr'>Dolabella,</span> <span class='ocrx_word' id='word_1_285' title='bbox 580 3149 662 3208; x_wconf 73' lang='lat' dir='ltr'>piures</span> <span class='ocrx_word' id='word_1_286' title='bbox 672 3148 759 3194; x_wconf 78' lang='lat' dir='ltr'>Othoni</span> <span class='ocrx_word' id='word_1_287' title='bbox 792 3160 864 3208; x_wconf 86' lang='lat' dir='ltr'>quam</span> <span class='ocrx_word' id='word_1_288' title='bbox 885 3161 914 3193; x_wconf 85' lang='lat' dir='ltr'>ex</span> <span class='ocrx_word' id='word_1_289' title='bbox 935 3146 996 3194; x_wconf 88' lang='lat' dir='ltr'>notis</span> <span class='ocrx_word' id='word_1_290' title='bbox 1014 3147 1063 3208; x_wconf 90' lang='lat' dir='ltr'>ejus</span> <span class='ocrx_word' id='word_1_291' title='bbox 1082 3146 1220 3206; x_wconf 84' lang='lat' dir='ltr'>didicissem,</span> <span class='ocrx_word' id='word_1_292' title='bbox 1240 3154 1309 3194; x_wconf 85' lang='lat' dir='ltr'>antea</span> 
     </span>
     <span class='ocr_line' id='line_1_37' title="bbox 242 3210 1307 3274; baseline 0.005 -20"><span class='ocrx_word' id='word_1_293' title='bbox 242 3210 367 3255; x_wconf 74' lang='lat' dir='ltr'>studuisse.</span> <span class='ocrx_word' id='word_1_294' title='bbox 404 3211 460 3257; x_wconf 91' lang='lat' dir='ltr'>Non</span> <span class='ocrx_word' id='word_1_295' title='bbox 479 3226 533 3274; x_wconf 83' lang='lat' dir='ltr'>ergo</span> <span class='ocrx_word' id='word_1_296' title='bbox 552 3211 647 3271; x_wconf 88' lang='lat' dir='ltr'>mirum,</span> <span class='ocrx_word' id='word_1_297' title='bbox 670 3210 760 3258; x_wconf 87' lang='lat' dir='ltr'>Othoni</span> <span class='ocrx_word' id='word_1_298' title='bbox 792 3210 1011 3272; x_wconf 57' lang='lat' dir='ltr'>lectumitatfuisse.</span> <span class='ocrx_word' id='word_1_299' title='bbox 1045 3211 1125 3270; x_wconf 87' lang='lat' dir='ltr'>Quam</span> <span class='ocrx_word' id='word_1_300' title='bbox 1137 3212 1203 3270; x_wconf 88' lang='lat' dir='ltr'>bene,</span> <span class='ocrx_word' id='word_1_301' title='bbox 1221 3227 1307 3274; x_wconf 76' lang='lat' dir='ltr'>queso,</span> 
     </span>
     <span class='ocr_line' id='line_1_38' title="bbox 243 3273 1308 3336; baseline 0.003 -18"><span class='ocrx_word' id='word_1_302' title='bbox 243 3286 306 3320; x_wconf 90' lang='lat' dir='ltr'>nunc</span> <span class='ocrx_word' id='word_1_303' title='bbox 316 3283 447 3336; x_wconf 86' lang='lat' dir='ltr'>suspectum</span> <span class='ocrx_word' id='word_1_304' title='bbox 460 3284 483 3322; x_wconf 89' lang='lat' dir='ltr'>et</span> <span class='ocrx_word' id='word_1_305' title='bbox 493 3291 507 3322; x_wconf 91' lang='lat' dir='ltr'>a</span> <span class='ocrx_word' id='word_1_306' title='bbox 517 3274 613 3323; x_wconf 87' lang='lat' dir='ltr'>Vitellio</span> <span class='ocrx_word' id='word_1_307' title='bbox 623 3291 679 3324; x_wconf 84' lang='lat' dir='ltr'>mox</span> <span class='ocrx_word' id='word_1_308' title='bbox 689 3275 760 3323; x_wconf 86' lang='lat' dir='ltr'>inter-</span> <span class='ocrx_word' id='word_1_309' title='bbox 793 3273 920 3323; x_wconf 78' lang='lat' dir='ltr'>cohaerent:</span> <span class='ocrx_word' id='word_1_310' title='bbox 939 3277 1021 3322; x_wconf 78' lang='lat' dir='ltr'>multia</span> <span class='ocrx_word' id='word_1_311' title='bbox 1034 3277 1118 3336; x_wconf 81' lang='lat' dir='ltr'>afflicta</span> <span class='ocrx_word' id='word_1_312' title='bbox 1125 3277 1195 3336; x_wconf 74' lang='lat' dir='ltr'>fides,</span> <span class='ocrx_word' id='word_1_313' title='bbox 1214 3290 1241 3322; x_wconf 84' lang='lat' dir='ltr'>ar</span> <span class='ocrx_word' id='word_1_314' title='bbox 1257 3277 1308 3321; x_wconf 85' lang='lat' dir='ltr'>aia-</span> 
     </span>
     <span class='ocr_line' id='line_1_39' title="bbox 243 3336 1309 3400; baseline 0.003 -17"><span class='ocrx_word' id='word_1_315' title='bbox 243 3336 338 3385; x_wconf 85' lang='lat' dir='ltr'>icctum.</span> <span class='ocrx_word' id='word_1_316' title='bbox 359 3337 434 3385; x_wconf 83' lang='lat' dir='ltr'>ers.</span> <span class='ocrx_word' id='word_1_317' title='bbox 453 3339 489 3388; x_wconf 87' lang='lat' dir='ltr'>cf.</span> <span class='ocrx_word' id='word_1_318' title='bbox 502 3339 535 3386; x_wconf 89' lang='lat' dir='ltr'>H.</span> <span class='ocrx_word' id='word_1_319' title='bbox 547 3341 571 3400; x_wconf 77' lang='lat'>2,</span> <span class='ocrx_word' id='word_1_320' title='bbox 583 3341 622 3387; x_wconf 78' lang='lat'>63.</span> <span class='ocrx_word' id='word_1_321' title='bbox 792 3353 841 3386; x_wconf 80' lang='lat' dir='ltr'>cres</span> <span class='ocrx_word' id='word_1_322' title='bbox 849 3345 872 3387; x_wconf 84' lang='lat' dir='ltr'>ei</span> <span class='ocrx_word' id='word_1_323' title='bbox 881 3341 1014 3387; x_wconf 73' lang='lat' dir='ltr'>tutissimi?</span> <span class='ocrx_word' id='word_1_324' title='bbox 1026 3338 1156 3387; x_wconf 71' lang='lat' dir='ltr'>Praesertim</span> <span class='ocrx_word' id='word_1_325' title='bbox 1164 3339 1184 3387; x_wconf 85' lang='lat' dir='ltr'>ai</span> <span class='ocrx_word' id='word_1_326' title='bbox 1192 3339 1309 3388; x_wconf 72' lang='lat' dir='ltr'>conferant</span> 
     </span>
    </p>

    <p class='ocr_par' dir='ltr' id='par_1_12' title="bbox 242 3403 1312 4112">
     <span class='ocr_line' id='line_1_40' title="bbox 276 3403 1308 3468; baseline 0 -18"><span class='ocrx_word' id='word_1_327' title='bbox 276 3404 362 3450; x_wconf 85' lang='lat' dir='ltr'>Secum</span> <span class='ocrx_word' id='word_1_328' title='bbox 372 3405 491 3468; x_wconf 72' lang='lat' dir='ltr'>expedire]</span> <span class='ocrx_word' id='word_1_329' title='bbox 510 3404 556 3452; x_wconf 77' lang='lat' dir='ltr'>ie.</span> <span class='ocrx_word' id='word_1_330' title='bbox 572 3405 598 3451; x_wconf 91' lang='lat' dir='ltr'>in</span> <span class='ocrx_word' id='word_1_331' title='bbox 614 3405 702 3453; x_wconf 90' lang='lat' dir='ltr'>bellum</span> <span class='ocrx_word' id='word_1_332' title='bbox 718 3403 759 3463; x_wconf 83' lang='lat' dir='ltr'>ire,</span> <span class='ocrx_word' id='word_1_333' title='bbox 793 3405 866 3451; x_wconf 83' lang='lat' dir='ltr'>mulii</span> <span class='ocrx_word' id='word_1_334' title='bbox 872 3406 957 3465; x_wconf 80' lang='lat' dir='ltr'>afflicta</span> <span class='ocrx_word' id='word_1_335' title='bbox 958 3405 1016 3464; x_wconf 81' lang='lat' dir='ltr'>fide,</span> <span class='ocrx_word' id='word_1_336' title='bbox 1026 3418 1053 3450; x_wconf 86' lang='lat' dir='ltr'>ac</span> <span class='ocrx_word' id='word_1_337' title='bbox 1063 3405 1151 3451; x_wconf 82' lang='lat' dir='ltr'>alacres</span> <span class='ocrx_word' id='word_1_338' title='bbox 1159 3410 1181 3451; x_wconf 83' lang='lat' dir='ltr'>at</span> <span class='ocrx_word' id='word_1_339' title='bbox 1187 3405 1308 3452; x_wconf 76' lang='lat' dir='ltr'>tutissimi.</span> 
     </span>
     <span class='ocr_line' id='line_1_41' title="bbox 243 3465 1311 3532; baseline 0.003 -20"><span class='ocrx_word' id='word_1_340' title='bbox 243 3465 274 3512; x_wconf 85' lang='lat' dir='ltr'>ad</span> <span class='ocrx_word' id='word_1_341' title='bbox 285 3467 374 3514; x_wconf 89' lang='lat' dir='ltr'>bellum</span> <span class='ocrx_word' id='word_1_342' title='bbox 387 3484 411 3515; x_wconf 84' lang='lat' dir='ltr'>se</span> <span class='ocrx_word' id='word_1_343' title='bbox 425 3469 549 3532; x_wconf 85' lang='lat' dir='ltr'>accingere,</span> <span class='ocrx_word' id='word_1_344' title='bbox 566 3477 593 3516; x_wconf 88' lang='lat' dir='ltr'>ut</span> <span class='ocrx_word' id='word_1_345' title='bbox 605 3484 632 3516; x_wconf 86' lang='lat' dir='ltr'>su</span> <span class='ocrx_word' id='word_1_346' title='bbox 650 3485 676 3516; x_wconf 87' lang='lat' dir='ltr'>ra</span> <span class='ocrx_word' id='word_1_347' title='bbox 690 3485 708 3516; x_wconf 90' lang='lat' dir='ltr'>c.</span> <span class='ocrx_word' id='word_1_348' title='bbox 722 3469 760 3516; x_wconf 86' lang='lat' dir='ltr'>lo.</span> <span class='ocrx_word' id='word_1_349' title='bbox 794 3467 850 3527; x_wconf 90' lang='lat' dir='ltr'>Qua</span> <span class='ocrx_word' id='word_1_350' title='bbox 870 3477 935 3532; x_wconf 89' lang='lat' dir='ltr'>parte</span> <span class='ocrx_word' id='word_1_351' title='bbox 957 3475 1035 3515; x_wconf 83' lang='lat' dir='ltr'>autem</span> <span class='ocrx_word' id='word_1_352' title='bbox 1053 3467 1206 3526; x_wconf 84' lang='lat' dir='ltr'>commodius,</span> <span class='ocrx_word' id='word_1_353' title='bbox 1227 3470 1311 3516; x_wconf 79' lang='lat' dir='ltr'>multia</span> 
     </span>
     <span class='ocr_line' id='line_1_42' title="bbox 243 3487 1309 3596; baseline 0.003 -19"><span class='ocrx_word' id='word_1_354' title='bbox 243 3529 339 3578; x_wconf 77' lang='lat' dir='ltr'>(lictum</span> <span class='ocrx_word' id='word_1_355' title='bbox 357 3532 418 3579; x_wconf 85' lang='lat' dir='ltr'>Mox</span> <span class='ocrx_word' id='word_1_356' title='bbox 429 3541 492 3581; x_wconf 82' lang='lat' dir='ltr'>mota</span> <span class='ocrx_word' id='word_1_357' title='bbox 503 3549 560 3580; x_wconf 82' lang='lat' dir='ltr'>cura</span> <span class='ocrx_word' id='word_1_358' title='bbox 568 3487 667 3581; x_wconf 75' lang='lat' dir='ltr'>rectilis</span> <span class='ocrx_word' id='word_1_359' title='bbox 679 3533 761 3581; x_wconf 82' lang='lat' dir='ltr'>Frein-</span> <span class='ocrx_word' id='word_1_360' title='bbox 794 3534 879 3593; x_wconf 78' lang='lat' dir='ltr'>afflicta</span> <span class='ocrx_word' id='word_1_361' title='bbox 889 3534 959 3593; x_wconf 78' lang='lat' dir='ltr'>fidae,</span> <span class='ocrx_word' id='word_1_362' title='bbox 974 3547 1046 3596; x_wconf 90' lang='lat' dir='ltr'>quam</span> <span class='ocrx_word' id='word_1_363' title='bbox 1062 3534 1133 3580; x_wconf 71' lang='lat' dir='ltr'>masiti</span> <span class='ocrx_word' id='word_1_364' title='bbox 1146 3535 1230 3594; x_wconf 80' lang='lat' dir='ltr'>afflicta</span> <span class='ocrx_word' id='word_1_365' title='bbox 1237 3534 1309 3594; x_wconf 70' lang='lat' dir='ltr'>fida?</span> 
     </span>
     <span class='ocr_line' id='line_1_43' title="bbox 243 3594 1310 3660; baseline 0 -19"><span class='ocrx_word' id='word_1_366' title='bbox 243 3594 427 3660; x_wconf 65' lang='lat' dir='ltr'>shemiuaquod</span> <span class='ocrx_word' id='word_1_367' title='bbox 437 3597 505 3645; x_wconf 87' lang='lat' dir='ltr'>estin</span> <span class='ocrx_word' id='word_1_368' title='bbox 517 3598 596 3645; x_wconf 84' lang='lat' dir='ltr'>Guelf.</span> <span class='ocrx_word' id='word_1_369' title='bbox 605 3597 656 3644; x_wconf 81' lang='lat' dir='ltr'>add.</span> <span class='ocrx_word' id='word_1_370' title='bbox 669 3597 760 3645; x_wconf 83' lang='lat' dir='ltr'>Puteal.</span> <span class='ocrx_word' id='word_1_371' title='bbox 794 3597 836 3644; x_wconf 88' lang='lat' dir='ltr'>An</span> <span class='ocrx_word' id='word_1_372' title='bbox 853 3598 921 3644; x_wconf 85' lang='lat' dir='ltr'>homo</span> <span class='ocrx_word' id='word_1_373' title='bbox 940 3599 1037 3658; x_wconf 73' lang='lat' dir='ltr'>antiqua</span> <span class='ocrx_word' id='word_1_374' title='bbox 1054 3600 1143 3644; x_wconf 78' lang='lat' dir='ltr'>virtute</span> <span class='ocrx_word' id='word_1_375' title='bbox 1159 3605 1182 3645; x_wconf 81' lang='lat' dir='ltr'>et</span> <span class='ocrx_word' id='word_1_376' title='bbox 1192 3599 1251 3658; x_wconf 79' lang='lat' dir='ltr'>fide,</span> <span class='ocrx_word' id='word_1_377' title='bbox 1272 3598 1310 3644; x_wconf 89' lang='lat' dir='ltr'>in.</span> 
     </span>
     <span class='ocr_line' id='line_1_44' title="bbox 243 3658 1310 3726; baseline 0.003 -20"><span class='ocrx_word' id='word_1_378' title='bbox 243 3658 299 3706; x_wconf 89' lang='lat' dir='ltr'>Ber.</span> <span class='ocrx_word' id='word_1_379' title='bbox 309 3659 364 3707; x_wconf 80' lang='lat' dir='ltr'>Alc.</span> <span class='ocrx_word' id='word_1_380' title='bbox 392 3662 428 3708; x_wconf 85' lang='lat' dir='ltr'>At</span> <span class='ocrx_word' id='word_1_381' title='bbox 438 3663 473 3708; x_wconf 86' lang='lat' dir='ltr'>ed.</span> <span class='ocrx_word' id='word_1_382' title='bbox 485 3677 520 3725; x_wconf 87' lang='lat' dir='ltr'>pr.</span> <span class='ocrx_word' id='word_1_383' title='bbox 532 3662 608 3710; x_wconf 87' lang='lat' dir='ltr'>Rhen.</span> <span class='ocrx_word' id='word_1_384' title='bbox 620 3677 682 3726; x_wconf 83' lang='lat' dir='ltr'>seqq.</span> <span class='ocrx_word' id='word_1_385' title='bbox 694 3669 760 3710; x_wconf 74' lang='lat' dir='ltr'>mata</span> <span class='ocrx_word' id='word_1_386' title='bbox 794 3661 904 3710; x_wconf 87' lang='lat' dir='ltr'>solentius</span> <span class='ocrx_word' id='word_1_387' title='bbox 918 3677 998 3726; x_wconf 88' lang='lat' dir='ltr'>quam,</span> <span class='ocrx_word' id='word_1_388' title='bbox 1015 3663 1106 3708; x_wconf 77' lang='lat' dir='ltr'>homini</span> <span class='ocrx_word' id='word_1_389' title='bbox 1120 3664 1218 3724; x_wconf 55' lang='lat' dir='ltr'>camna</span> <span class='ocrx_word' id='word_1_390' title='bbox 1232 3663 1310 3710; x_wconf 78' lang='lat' dir='ltr'>airtm</span> 
     </span>
     <span class='ocr_line' id='line_1_45' title="bbox 243 3724 1310 3789; baseline 0.006 -21"><span class='ocrx_word' id='word_1_391' title='bbox 243 3724 310 3770; x_wconf 76' lang='lat' dir='ltr'>ariis</span> <span class='ocrx_word' id='word_1_392' title='bbox 326 3739 396 3772; x_wconf 84' lang='lat' dir='ltr'>curoe.</span> <span class='ocrx_word' id='word_1_393' title='bbox 429 3726 493 3773; x_wconf 90' lang='lat' dir='ltr'>Dedi</span> <span class='ocrx_word' id='word_1_394' title='bbox 509 3726 592 3774; x_wconf 88' lang='lat' dir='ltr'>deinde</span> <span class='ocrx_word' id='word_1_395' title='bbox 608 3733 631 3774; x_wconf 82' lang='lat' dir='ltr'>et</span> <span class='ocrx_word' id='word_1_396' title='bbox 650 3727 762 3775; x_wconf 66' lang='lat' dir='ltr'>adme</span> <span class='ocrx_word' id='word_1_397' title='bbox 793 3727 908 3788; x_wconf 75' lang='lat' dir='ltr'>etfidea?</span> <span class='ocrx_word' id='word_1_398' title='bbox 936 3725 1018 3774; x_wconf 86' lang='lat' dir='ltr'>Redde</span> <span class='ocrx_word' id='word_1_399' title='bbox 1038 3726 1109 3789; x_wconf 83' lang='lat' dir='ltr'>igitur</span> <span class='ocrx_word' id='word_1_400' title='bbox 1131 3725 1213 3774; x_wconf 81' lang='lat' dir='ltr'>Tacito</span> <span class='ocrx_word' id='word_1_401' title='bbox 1234 3727 1310 3774; x_wconf 88' lang='lat' dir='ltr'>multo</span> 
     </span>
     <span class='ocr_line' id='line_1_46' title="bbox 244 3786 1310 3853; baseline 0.004 -19"><span class='ocrx_word' id='word_1_402' title='bbox 244 3786 323 3834; x_wconf 81' lang='lat' dir='ltr'>Guelf.</span> <span class='ocrx_word' id='word_1_403' title='bbox 335 3788 387 3837; x_wconf 86' lang='lat' dir='ltr'>edd.</span> <span class='ocrx_word' id='word_1_404' title='bbox 399 3798 543 3852; x_wconf 75' lang='lat' dir='ltr'>vett-prore</span> <span class='ocrx_word' id='word_1_405' title='bbox 551 3788 643 3848; x_wconf 79' lang='lat' dir='ltr'>addere,</span> <span class='ocrx_word' id='word_1_406' title='bbox 672 3789 761 3839; x_wconf 86' lang='lat' dir='ltr'>uodra-</span> <span class='ocrx_word' id='word_1_407' title='bbox 794 3789 951 3839; x_wconf 87' lang='lat' dir='ltr'>rotundiorem</span> <span class='ocrx_word' id='word_1_408' title='bbox 970 3805 1113 3838; x_wconf 75' lang='lat' dir='ltr'>sermonemt</span> <span class='ocrx_word' id='word_1_409' title='bbox 1137 3792 1208 3838; x_wconf 84' lang='lat' dir='ltr'>multi</span> <span class='ocrx_word' id='word_1_410' title='bbox 1225 3793 1310 3853; x_wconf 82' lang='lat' dir='ltr'>afflicta</span> 
     </span>
     <span class='ocr_line' id='line_1_47' title="bbox 243 3850 1310 3917; baseline 0.005 -20"><span class='ocrx_word' id='word_1_411' title='bbox 243 3850 355 3900; x_wconf 77' lang='lat' dir='ltr'>cautiores</span> <span class='ocrx_word' id='word_1_412' title='bbox 372 3854 434 3902; x_wconf 84' lang='lat' dir='ltr'>male</span> <span class='ocrx_word' id='word_1_413' title='bbox 454 3855 549 3902; x_wconf 83' lang='lat' dir='ltr'>obtinet.</span> <span class='ocrx_word' id='word_1_414' title='bbox 568 3855 639 3902; x_wconf 65' lang='grc' dir='ltr'>ΕΜ.</span> <span class='ocrx_word' id='word_1_415' title='bbox 683 3853 763 3903; x_wconf 80' lang='lat' dir='ltr'>udat</span> <span class='ocrx_word' id='word_1_416' title='bbox 787 3855 838 3915; x_wconf 80' lang='lat' dir='ltr'>fide</span> <span class='ocrx_word' id='word_1_417' title='bbox 856 3855 882 3902; x_wconf 80' lang='lat' dir='ltr'>iu</span> <span class='ocrx_word' id='word_1_418' title='bbox 895 3871 961 3917; x_wconf 79' lang='lat' dir='ltr'>pace,</span> <span class='ocrx_word' id='word_1_419' title='bbox 980 3869 1007 3902; x_wconf 83' lang='lat' dir='ltr'>ac</span> <span class='ocrx_word' id='word_1_420' title='bbox 1021 3857 1121 3903; x_wconf 78' lang='lat' dir='ltr'>turbatis</span> <span class='ocrx_word' id='word_1_421' title='bbox 1136 3857 1310 3916; x_wconf 73' lang='lat' dir='ltr'>rebusatacres,</span> 
     </span>
     <span class='ocr_line' id='line_1_48' title="bbox 242 3914 1312 3981; baseline 0.005 -19"><span class='ocrx_word' id='word_1_422' title='bbox 242 3914 612 3966; x_wconf 78' lang='lat' dir='ltr'>indeRhen.motoeurbiscura</span> <span class='ocrx_word' id='word_1_423' title='bbox 628 3921 762 3978; x_wconf 80' lang='lat' dir='ltr'>(noncuroe</span> <span class='ocrx_word' id='word_1_424' title='bbox 793 3926 817 3967; x_wconf 85' lang='lat' dir='ltr'>at</span> <span class='ocrx_word' id='word_1_425' title='bbox 834 3934 879 3981; x_wconf 79' lang='lat' dir='ltr'>per</span> <span class='ocrx_word' id='word_1_426' title='bbox 896 3921 985 3966; x_wconf 74' lang='lat' dir='ltr'>tauma</span> <span class='ocrx_word' id='word_1_427' title='bbox 1003 3921 1123 3967; x_wconf 75' lang='lat' dir='ltr'>tutissimi.</span> <span class='ocrx_word' id='word_1_428' title='bbox 1149 3921 1239 3967; x_wconf 76' lang='lat' dir='ltr'>Gnort.</span> <span class='ocrx_word' id='word_1_429' title='bbox 1272 3919 1312 3968; x_wconf 86' lang='lat' dir='ltr'>Sic</span> 
     </span>
     <span class='ocr_line' id='line_1_49' title="bbox 242 3980 1309 4046; baseline 0.004 -19"><span class='ocrx_word' id='word_1_430' title='bbox 242 3980 335 4044; x_wconf 82' lang='lat' dir='ltr'>utAgr.</span> <span class='ocrx_word' id='word_1_431' title='bbox 344 3984 433 4046; x_wconf 87' lang='lat' dir='ltr'>etReg.</span> <span class='ocrx_word' id='word_1_432' title='bbox 443 3982 654 4044; x_wconf 68' lang='lat' dir='ltr'>Lamatorma</span> <span class='ocrx_word' id='word_1_433' title='bbox 663 3985 762 4030; x_wconf 78' lang='lat' dir='ltr'>abdere.-</span> <span class='ocrx_word' id='word_1_434' title='bbox 794 3997 849 4031; x_wconf 85' lang='lat' dir='ltr'>sane</span> <span class='ocrx_word' id='word_1_435' title='bbox 868 3991 891 4032; x_wconf 87' lang='lat' dir='ltr'>et</span> <span class='ocrx_word' id='word_1_436' title='bbox 910 3984 989 4033; x_wconf 84' lang='lat' dir='ltr'>Guelf.</span> <span class='ocrx_word' id='word_1_437' title='bbox 1006 3993 1030 4032; x_wconf 87' lang='lat' dir='ltr'>et</span> <span class='ocrx_word' id='word_1_438' title='bbox 1046 3984 1098 4032; x_wconf 89' lang='lat' dir='ltr'>edd.</span> <span class='ocrx_word' id='word_1_439' title='bbox 1117 3981 1170 4032; x_wconf 83' lang='lat' dir='ltr'>Put.</span> <span class='ocrx_word' id='word_1_440' title='bbox 1183 3983 1237 4031; x_wconf 84' lang='lat' dir='ltr'>Ber.</span> <span class='ocrx_word' id='word_1_441' title='bbox 1253 3983 1309 4032; x_wconf 89' lang='lat' dir='ltr'>Alc.</span> 
     </span>
     <span class='ocr_line' id='line_1_50' title="bbox 242 4047 1311 4112; baseline 0.004 -20"><span class='ocrx_word' id='word_1_442' title='bbox 242 4052 295 4092; x_wconf 84' lang='lat' dir='ltr'>tum</span> <span class='ocrx_word' id='word_1_443' title='bbox 305 4053 373 4095; x_wconf 64' lang='lat' dir='ltr'>mate</span> <span class='ocrx_word' id='word_1_444' title='bbox 384 4050 493 4107; x_wconf 78' lang='lat' dir='ltr'>invalidi,</span> <span class='ocrx_word' id='word_1_445' title='bbox 504 4057 540 4096; x_wconf 83' lang='lat' dir='ltr'>ast</span> <span class='ocrx_word' id='word_1_446' title='bbox 549 4048 609 4110; x_wconf 85' lang='lat' dir='ltr'>Agr.</span> <span class='ocrx_word' id='word_1_447' title='bbox 622 4049 733 4095; x_wconf 75' lang='lat' dir='ltr'>invalida.</span> <span class='ocrx_word' id='word_1_448' title='bbox 794 4047 866 4108; x_wconf 83' lang='lat' dir='ltr'>Quod</span> <span class='ocrx_word' id='word_1_449' title='bbox 877 4049 1005 4096; x_wconf 86' lang='lat' dir='ltr'>Rhenanus</span> <span class='ocrx_word' id='word_1_450' title='bbox 1023 4047 1086 4096; x_wconf 88' lang='lat' dir='ltr'>dedit</span> <span class='ocrx_word' id='word_1_451' title='bbox 1100 4051 1125 4112; x_wconf 92' lang='lat' dir='ltr'>(e</span> <span class='ocrx_word' id='word_1_452' title='bbox 1138 4047 1213 4110; x_wconf 87' lang='lat' dir='ltr'>Bud.)</span> <span class='ocrx_word' id='word_1_453' title='bbox 1230 4055 1311 4096; x_wconf 80' lang='lat' dir='ltr'>tamen</span> 
     </span>
    </p>

    <p class='ocr_par' dir='ltr' id='par_1_13' title="bbox 239 4111 1316 4566">
     <span class='ocr_line' id='line_1_51' title="bbox 275 4111 1310 4176; baseline -0.001 -17"><span class='ocrx_word' id='word_1_454' title='bbox 275 4113 713 4176; x_wconf 74' lang='lat' dir='ltr'>Sapieniibusquiatisetlitip.cura]</span> <span class='ocrx_word' id='word_1_455' title='bbox 726 4115 762 4161; x_wconf 84' lang='lat' dir='ltr'>Et</span> <span class='ocrx_word' id='word_1_456' title='bbox 795 4111 853 4159; x_wconf 84' lang='lat' dir='ltr'>etin</span> <span class='ocrx_word' id='word_1_457' title='bbox 869 4113 905 4160; x_wconf 89' lang='lat' dir='ltr'>ed.</span> <span class='ocrx_word' id='word_1_458' title='bbox 917 4127 951 4176; x_wconf 82' lang='lat' dir='ltr'>pr.</span> <span class='ocrx_word' id='word_1_459' title='bbox 964 4120 1031 4160; x_wconf 86' lang='lat' dir='ltr'>estet</span> <span class='ocrx_word' id='word_1_460' title='bbox 1044 4113 1099 4162; x_wconf 83' lang='lat' dir='ltr'>MS·</span> <span class='ocrx_word' id='word_1_461' title='bbox 1113 4111 1173 4176; x_wconf 82' lang='lat' dir='ltr'>Agr.</span> <span class='ocrx_word' id='word_1_462' title='bbox 1205 4113 1310 4174; x_wconf 81' lang='lat' dir='ltr'>Mogai-</span> 
     </span>
     <span class='ocr_line' id='line_1_52' title="bbox 242 4174 1310 4245; baseline 0.003 -22"><span class='ocrx_word' id='word_1_463' title='bbox 242 4174 294 4224; x_wconf 80' lang='lat' dir='ltr'>add.</span> <span class='ocrx_word' id='word_1_464' title='bbox 311 4192 347 4240; x_wconf 92' lang='lat' dir='ltr'>pr.</span> <span class='ocrx_word' id='word_1_465' title='bbox 363 4176 439 4223; x_wconf 85' lang='lat' dir='ltr'>Rhen.</span> <span class='ocrx_word' id='word_1_466' title='bbox 459 4179 484 4241; x_wconf 80' lang='lat' dir='ltr'>(a</span> <span class='ocrx_word' id='word_1_467' title='bbox 496 4175 572 4238; x_wconf 87' lang='lat' dir='ltr'>Bud.)</span> <span class='ocrx_word' id='word_1_468' title='bbox 591 4191 655 4240; x_wconf 86' lang='lat' dir='ltr'>seqq.</span> <span class='ocrx_word' id='word_1_469' title='bbox 672 4192 759 4224; x_wconf 90' lang='lat' dir='ltr'>omues.</span> <span class='ocrx_word' id='word_1_470' title='bbox 794 4177 875 4245; x_wconf 74' lang='lat' dir='ltr'>tudine</span> <span class='ocrx_word' id='word_1_471' title='bbox 891 4179 966 4224; x_wconf 79' lang='lat' dir='ltr'>nimia</span> <span class='ocrx_word' id='word_1_472' title='bbox 979 4177 1038 4226; x_wconf 87' lang='lat' dir='ltr'>refer</span> <span class='ocrx_word' id='word_1_473' title='bbox 1050 4178 1080 4224; x_wconf 90' lang='lat' dir='ltr'>ad</span> <span class='ocrx_word' id='word_1_474' title='bbox 1090 4177 1212 4241; x_wconf 88' lang='lat' dir='ltr'>populum,</span> <span class='ocrx_word' id='word_1_475' title='bbox 1230 4177 1273 4240; x_wconf 91' lang='lat' dir='ltr'>qui</span> <span class='ocrx_word' id='word_1_476' title='bbox 1284 4177 1310 4226; x_wconf 85' lang='lat' dir='ltr'>in</span> 
     </span>
     <span class='ocr_line' id='line_1_53' title="bbox 242 4239 1309 4305; baseline 0 -17"><span class='ocrx_word' id='word_1_477' title='bbox 242 4239 435 4305; x_wconf 73' lang='lat' dir='ltr'>Ceoeraealicip.</span> <span class='ocrx_word' id='word_1_478' title='bbox 454 4250 552 4288; x_wconf 83' lang='lat' dir='ltr'>caract</span> <span class='ocrx_word' id='word_1_479' title='bbox 570 4241 649 4290; x_wconf 82' lang='lat' dir='ltr'>Guelf.</span> <span class='ocrx_word' id='word_1_480' title='bbox 682 4241 760 4291; x_wconf 86' lang='lat' dir='ltr'>Possis</span> <span class='ocrx_word' id='word_1_481' title='bbox 793 4241 924 4290; x_wconf 77' lang='lat' dir='ltr'>societatem</span> <span class='ocrx_word' id='word_1_482' title='bbox 941 4257 1049 4290; x_wconf 84' lang='lat' dir='ltr'>curarum</span> <span class='ocrx_word' id='word_1_483' title='bbox 1065 4241 1148 4290; x_wconf 84' lang='lat' dir='ltr'>talium</span> <span class='ocrx_word' id='word_1_484' title='bbox 1165 4242 1242 4290; x_wconf 87' lang='lat' dir='ltr'>venire</span> <span class='ocrx_word' id='word_1_485' title='bbox 1262 4255 1309 4290; x_wconf 90' lang='lat' dir='ltr'>non</span> 
     </span>
     <span class='ocr_line' id='line_1_54' title="bbox 240 4298 1308 4370; baseline 0.001 -18"><span class='ocrx_word' id='word_1_486' title='bbox 240 4298 619 4368; x_wconf 73' lang='lat' dir='ltr'>conjicere&#39;quiaaltetp.cura,·</span> <span class='ocrx_word' id='word_1_487' title='bbox 632 4305 675 4353; x_wconf 81' lang='lat' dir='ltr'>ie.</span> <span class='ocrx_word' id='word_1_488' title='bbox 689 4305 760 4353; x_wconf 85' lang='lat' dir='ltr'>absti-</span> <span class='ocrx_word' id='word_1_489' title='bbox 793 4315 868 4368; x_wconf 88' lang='lat' dir='ltr'>potest</span> <span class='ocrx_word' id='word_1_490' title='bbox 895 4315 988 4370; x_wconf 85' lang='lat' dir='ltr'>propter</span> <span class='ocrx_word' id='word_1_491' title='bbox 1022 4305 1197 4355; x_wconf 84' lang='lat' dir='ltr'>multitudinem</span> <span class='ocrx_word' id='word_1_492' title='bbox 1234 4321 1308 4354; x_wconf 87' lang='lat' dir='ltr'>suam.</span> 
     </span>
     <span class='ocr_line' id='line_1_55' title="bbox 240 4367 1316 4434; baseline 0.005 -19"><span class='ocrx_word' id='word_1_493' title='bbox 240 4370 327 4417; x_wconf 89' lang='lat' dir='ltr'>nebant</span> <span class='ocrx_word' id='word_1_494' title='bbox 342 4386 366 4417; x_wconf 86' lang='lat' dir='ltr'>se</span> <span class='ocrx_word' id='word_1_495' title='bbox 384 4385 400 4416; x_wconf 85' lang='lat' dir='ltr'>a</span> <span class='ocrx_word' id='word_1_496' title='bbox 416 4369 561 4434; x_wconf 86' lang='lat' dir='ltr'>Republica:</span> <span class='ocrx_word' id='word_1_497' title='bbox 580 4371 621 4419; x_wconf 85' lang='lat' dir='ltr'>sed</span> <span class='ocrx_word' id='word_1_498' title='bbox 636 4369 759 4434; x_wconf 78' lang='lat' dir='ltr'>vulgatum</span> <span class='ocrx_word' id='word_1_499' title='bbox 793 4367 864 4420; x_wconf 79' lang='lat' dir='ltr'>Ean.</span> <span class='ocrx_word' id='word_1_500' title='bbox 1313 4415 1316 4420; x_wconf 94' lang='lat'>.</span> 
     </span>
     <span class='ocr_line' id='line_1_56' title="bbox 240 4433 1310 4502; baseline 0.001 -22"><span class='ocrx_word' id='word_1_501' title='bbox 240 4443 394 4497; x_wconf 83' lang='lat' dir='ltr'>verumputo.</span> <span class='ocrx_word' id='word_1_502' title='bbox 422 4434 495 4483; x_wconf 89' lang='lat' dir='ltr'>Sicin</span> <span class='ocrx_word' id='word_1_503' title='bbox 507 4435 759 4500; x_wconf 75' lang='lat' dir='ltr'>finelssrriquiasurbis</span> <span class='ocrx_word' id='word_1_504' title='bbox 825 4437 860 4484; x_wconf 85' lang='lat' dir='ltr'>Et</span> <span class='ocrx_word' id='word_1_505' title='bbox 864 4436 1009 4498; x_wconf 69' lang='lat' dir='ltr'>praemetuit</span> <span class='ocrx_word' id='word_1_506' title='bbox 1018 4434 1085 4502; x_wconf 74' lang='lat' dir='ltr'>balb]</span> <span class='ocrx_word' id='word_1_507' title='bbox 1098 4436 1136 4485; x_wconf 87' lang='lat' dir='ltr'>Sic</span> <span class='ocrx_word' id='word_1_508' title='bbox 1144 4435 1180 4484; x_wconf 88' lang='lat' dir='ltr'>ed.</span> <span class='ocrx_word' id='word_1_509' title='bbox 1188 4451 1222 4500; x_wconf 87' lang='lat' dir='ltr'>pr.</span> <span class='ocrx_word' id='word_1_510' title='bbox 1232 4433 1310 4483; x_wconf 84' lang='lat' dir='ltr'>Rhen.</span> 
     </span>
     <span class='ocr_line' id='line_1_57' title="bbox 239 4496 1310 4566; baseline 0.002 -22"><span class='ocrx_word' id='word_1_511' title='bbox 239 4496 369 4560; x_wconf 82' lang='lat' dir='ltr'>etlmperii</span> <span class='ocrx_word' id='word_1_512' title='bbox 379 4501 622 4565; x_wconf 77' lang='lat' dir='ltr'>curaaonjunguntar.</span> <span class='ocrx_word' id='word_1_513' title='bbox 641 4501 713 4550; x_wconf 77' lang='lat' dir='ltr'>Enit-</span> <span class='ocrx_word' id='word_1_514' title='bbox 790 4501 816 4566; x_wconf 88' lang='lat' dir='ltr'>(e</span> <span class='ocrx_word' id='word_1_515' title='bbox 829 4499 905 4566; x_wconf 86' lang='lat' dir='ltr'>Bud.)</span> <span class='ocrx_word' id='word_1_516' title='bbox 920 4513 982 4564; x_wconf 84' lang='lat' dir='ltr'>seqq.</span> <span class='ocrx_word' id='word_1_517' title='bbox 998 4515 1086 4549; x_wconf 67' lang='lat' dir='ltr'>omnes.</span> <span class='ocrx_word' id='word_1_518' title='bbox 1116 4499 1310 4550; x_wconf 68' lang='lat' dir='ltr'>ninistrans.</span> 
     </span>
    </p>
   </div>
   <div class='ocr_carea' id='block_1_10' title="bbox 0 0 1534 4975">
    <p class='ocr_par' dir='ltr' id='par_1_14' title="bbox 0 0 1534 4975">
     <span class='ocr_line' id='line_1_58' title="bbox 0 0 1534 4975; baseline 0 0"><span class='ocrx_word' id='word_1_519' title='bbox 0 0 1534 4975; x_wconf 95' lang='lat' dir='ltr'> </span> 
     </span>
    </p>
   </div>
  </div>
 </body>
</html>
