3059 4975
245 288 285 345 40
619 281 906 343 ursmamuuu
1149 285 1190 359 [i.
1203 302 1235 345 u.
1249 286 1317 345 aaa.

252 446 729 535 hmseaineoaonsitio,quod
737 469 801 511 non
808 444 1124 545 potestlaudari,niai
1134 449 1324 533 peractum?

255 532 391 622 Aperire
404 530 517 599 deiude
526 533 800 599 armamentarium
812 531 922 618 Jussit:
937 542 1028 619 rapta
1038 530 1141 595 statim
1152 554 1249 612 arma,
1260 533 1325 599 sine

255 641 343 685 more
355 630 388 681 et
400 618 509 683 ordine
521 619 651 699 militiae,
661 634 699 685 ut
713 617 919 708 praetorianus
932 615 1010 681 autl
1049 616 1186 683 'ouarius
1198 616 1325 705 insigni·

259 706 321 771 bus
334 704 399 769 suis
412 703 506 769 distin
551 720 672 771 eretur:
695 704 864 770 miscentur
883 640 1069 768 auxiliaridir
1105 702 1201 790 galeis
1217 703 1324 769 scutis-

217 814 220 819 ·
258 812 330 877 que.
372 790 482 855 ·Nullo
506 729 725 857 Xiibunorum
751 788 1017 854 centurionumve
1042 788 1238 867 adhortante,
1267 789 1326 855 sibi

253 876 394 963 ‘quisque
405 876 473 941 dux
487 893 519 942 et
531 878 710 964 instigator:
735 890 767 940 et
783 875 977 963 praecipuum
995 874 1198 962 pessimorum
1218 874 1326 941 incita·

256 975 411 1041 mentum,
452 963 516 1029 uod
530 964 603 1029 boni
617 962 798 1028 moerebant.

303 1048 427 1113 XXXI
464 1098 471 1112 .
495 1052 570 1115 Jam
591 1048 763 1131 exterritus
778 1046 853 1112 Piso
869 1046 998 1111 fremitu
1017 1048 1233 1112 crebrescentis
1247 1047 1325 1113 sedi-

259 1134 362 1214 tionis,
378 1149 410 1199 et
423 1136 552 1201 vocibus
564 1135 597 1199 in
613 1135 722 1201 urbem
739 1157 840 1220 usque
858 1132 1082 1212 resonantibus,
1102 1156 1260 1219 egressum
1278 1134 1325 1197 in-

260 1219 353 1283 terim
368 1220 513 1300 Galbam,
529 1236 561 1289 et
573 1222 643 1285 forn
656 1220 969 1309 adpropinquantem,
983 1218 1148 1283 adsecutus
1159 1234 1242 1284 erat:
1256 1221 1325 1318 jam

262 1306 387 1370 Marius
403 1306 513 1372 Celsus
532 1307 619 1372 haud
637 1304 709 1371 laeta
727 1305 892 1372 retulerat:
916 1326 988 1369 cum
1007 1304 1068 1384 alii,
1093 1312 1115 1343 “
1126 1304 1158 1369 in
1173 1304 1324 1390 palatum

255 1391 391 1470 ·redire‚'’
411 1391 475 1472 alii,
499 1400 527 1444 -“
541 1391 720 1482 capitolium
740 1392 875 1479 petere,'’
899 1390 1050 1489 plerique,
1077 1397 1213 1455 “rostra
1234 1413 1324 1455 oocu-

251 1477 396 1563 ·pauda,”
415 1493 586 1557 censerent,
600 1478 706 1566 plures
719 1491 844 1544 tanturn
857 1478 1014 1542 sententirs
1026 1476 1158 1541 aliorum
1172 1476 1326 1541 contradi-

261 1575 376 1642 cerent,
392 1576 491 1652 utque
500 1566 603 1630 evenit
616 1564 649 1629 in
663 1564 796 1629 masiliis
809 1562 992 1642 infelicibuS,
1007 1562 1126 1649 optima
1134 1560 1325 1642 viderentur,

288 1670 401 1713 uorum
432 1663 495 1715 tem
542 1674 557 1715 s
583 1652 743 1738 effirgerat.
790 1649 936 1736 Agitasse
959 1648 1054 1725 Laoo,
1081 1648 1190 1735 ignaro
1214 1647 1327 1727 Galba,

261 1670 302 1798 de
315 1734 484 1802 occidendo
495 1674 541 1802 li'.
555 1736 648 1802 Vinio
661 1736 785 1813 dicitur,
801 1734 864 1799 sive
879 1748 916 1798 ut
929 1756 1022 1821 poena
1036 1734 1106 1821 ejus
1118 1733 1236 1797 animos
1247 1732 1326 1797 mili.

255 1832 330 1884 -tum
343 1821 501 1902 mulceret,
516 1846 571 1888 seu
584 1822 740 1887 conscium
751 1820 884 1887 Othonis
897 1819 1051 1898 credebat,
1066 1820 1107 1884 ad
1120 1832 1324 1907 postremum,

252 1904 311 1969 rel
332 1906 421 1971 odio:
444 1908 668 1974 haesitationem
682 1906 797 1973 adtulit
815 1920 940 1993 tempus
958 1929 994 1971 ae
1013 1903 1111 1983 locus,
1132 1904 1214 1993 quia,
1236 1904 1325 1969 initio

259 1990 354 2057 caedis
377 2006 457 2074 orto,
481 1993 614 2059 difficilis
634 1994 764 2060 modus:
778 2006 823 2057 et
843 1992 1008 2057 turbavere
1029 1991 1191 2056 consilium
1213 2004 1260 2055 tre
1282 1988 1326 2055 idi

262 2078 366 2143 nuntii
380 2102 416 2143 ac
430 2080 646 2167 proximorum
660 2080 802 2165 diffirgia,
817 2077 1038 2161 languentibus
1052 2078 1192 2141 omnium
1207 2014 1327 2155 studiis,

261 2164 318 2250 qui
354 2164 434 2230 rimo
446 2166 563 2231 alacres
575 2165 669 2227 fidem
683 2177 779 2249 atque
793 2162 932 2225 animum
946 2174 1182 2227 ostentaverant.

371 2297 379 2314 .
407 2250 574 2336 Agebatur
594 2248 657 2313 huc
681 2247 756 2311 illuc
779 2247 892 2325 Galba,
914 2246 1001 2311 vario
1021 2248 1123 2312 turbae
1144 2246 1325 2313 fluctuantis

161 2361 164 2365 ⁴
259 2334 405 2421 inpulsu:
433 2333 602 2422 completis
636 2332 776 2420 undique
804 2332 937 2397 basilicis
964 2355 999 2397 ac
1028 2332 1161 2421 templis,
1197 2331 1326 2421 lugubri

261 2431 445 2508 prospectu:
468 2443 571 2508 neque
591 2418 711 2509 populi,
734 2432 791 2484 aut
809 2418 909 2506 plebis
928 2417 993 2483 ulla
1013 2441 1094 2495 vox,
1123 2418 1176 2484 sed
1194 2419 1327 2484 adtoniti

226 2504 369 2571 ”vultus
399 2519 431 2571 et
457 2530 612 2572 conversae
642 2505 809 2571 adomnia
837 2529 943 2571 aures:
977 2529 1040 2573 non
1068 2506 1233 2586 tumultus,
1262 2529 1325 2571 non

282 2592 363 2656 uies:
400 2593 494 2680 quale
521 2594 627 2680 magni
655 2608 757 2657 metus
790 2604 821 2655 et
850 2614 972 2678 magnae
993 2592 1048 2656 irae
1079 2592 1235 2660 silentium
1267 2606 1322 2657 est.

259 2615 382 2743 buoni
397 2691 512 2759 tamen,
536 2678 685 2743 “armari
705 2677 858 2766 plebem‚”
886 2677 1097 2743 nuntiabatur.
1143 2685 1164 2719 “
1180 2679 1230 2742 Ire
1244 2701 1324 2766 prae-

259 2762 368 2851 cipites
381 2778 412 2829 et
426 2787 577 2853 occupare
590 2764 750 2852 pericula”
770 2765 872 2851 jubet.
917 2766 935 2827 Ι
960 2763 1022 2828 'tur
1043 2763 1154 2828 milites
1174 2763 1322 2843 Romani,

258 2849 349 2936 quasi
370 2850 542 2939 Vologesen
563 2865 619 2916 aut
640 2853 796 2915 Pacorum
820 2849 904 2914 avito
959 2850 1152 2916 rsacidarum
1174 2850 1249 2914 solio
1270 2849 1324 2914 de-

258 2934 391 3024 pulsuri,
413 2959 450 3002 ae
470 2961 534 3003 non
555 2937 780 3036 Imperatorem
802 2958 895 3000 suum
915 2935 1063 3000 inermem
1086 2950 1117 3000 et
1137 2959 1239 2999 senem
1257 2949 1322 3000 tru-

259 3021 363 3087 cidare
383 3037 558 3123 pergerent,
580 3024 709 3110 drsjecta
729 3021 830 3110 plebe,
858 3021 1037 3108 proculcato
1063 3023 1192 3102 Senatu,
1221 3034 1323 3085 truces

256 3108 363 3187 armis,
392 3110 509 3197 raprdis
532 3109 631 3196 equis,
653 3108 757 3172 forum
781 3106 985 3195 inrumpunt:
1016 3132 1072 3172 nec
1097 3106 1166 3172 illos
1186 3106 1321 3194 capitolii

260 3192 435 3280 adspectus,
465 3207 497 3260 et
527 3192 745 3260 inminentium
778 3193 966 3282 templorum
993 3193 1112 3280 religio,
1147 3207 1178 3258 et
1205 3194 1324 3280 priores

257 3390 394 3456 exquisitius
409 3407 548 3458 consequens
564 3407 606 3458 pro
619 3393 774 3456 antarsdarte,
805 3394 883 3442 nullis.
906 3393 952 3442 Sed
962 3393 987 3441 id
997 3407 1039 3441 nec
1047 3391 1141 3456 Lipsius
1150 3407 1193 3440 nea
1203 3399 1324 3455 sequemes

260 3455 305 3504 hot
321 3471 404 3506 amau:
422 3458 475 3524 quia
490 3473 533 3522 pro
548 3474 588 3507 me
598 3458 673 3507 acrius
681 3467 775 3507 eonten-
806 3458 890 3506 imitati
901 3467 963 3506 sunt
998 3456 1080 3521 Atque
1087 3457 1160 3504 etiam
1171 3472 1241 3521 supra
1251 3471 1270 3503 a.
1282 3455 1323 3502 36.

259 3519 336 3568 dendo
346 3522 437 3586 allidet,
447 3532 475 3572 ut
484 3523 506 3572 ai
516 3522 569 3590 plus
579 3523 683 3572 debeam.
699 3523 773 3573 Ean.
805 3537 849 3586 pro
859 3524 926 3571 mma
933 3524 1011 3569 caveri
1015 3523 1156 3585 prepositos
1160 3522 1255 3585 jubebat
1263 3519 1323 3567 Mn-

262 3583 301 3632 cf.
311 3599 333 3635 c.
343 3589 383 3635 bt.
805 3594 875 3642 retus,
891 3587 933 3651 qui
944 3586 983 3634 hic
993 3585 1086 3648 corrigit
1099 3588 1198 3648 operiri,
1213 3584 1260 3648 legi
1270 3584 1322 3632 vult

254 3667 256 3672 ·
293 3650 458 3718 emmaus]
475 3652 631 3702 stanuum
640 3651 704 3700 Flor-
714 3652 776 3715 Agr.
804 3666 902 3700 maeres
922 3651 980 3700 adeo
995 3650 1149 3700 inconstantes
1163 3651 1189 3698 in
1207 3649 1323 3713 bearunt

259 3717 422 3766 waratone.
806 3715 850 3764 viri
860 3717 929 3765 docti.
948 3717 1020 3765 Eur.

282 3779 774 3843 Ammaasamamtartamjaaa]
837 3782 881 3831 Aa
891 3787 1039 3844 postrenum
1051 3781 1087 3828 vel
1098 3779 1162 3846 odio]
1179 3779 1218 3830 Sic
1231 3779 1321 3844 primas

252 3841 364 3904 'Aperite
373 3860 415 3895 scr.
424 3846 499 3911 (Bnd.
510 3845 582 3911 Agr.)
594 3854 618 3892 et
626 3844 678 3893 edd.
684 3859 773 3904 omna,
806 3843 883 3894 Rhea.
902 3847 944 3911 (ex
953 3844 1057 3909 ingenio)
1071 3844 1158 3894 ediditz
1175 3853 1230 3894 ante
1242 3857 1324 3904 omnes

259 3907 453 3973 antePiehanam,
460 3911 504 3975 qui
510 3909 595 3975 recepit
602 3911 701 3972 aperiri,
710 3911 774 3974 quod
805 3911 837 3957 ad
842 3917 974 3972 posterum,
985 3919 1012 3958 ut
1022 3918 1045 3958 et
1056 3909 1137 3958 Guelf.
1147 3910 1183 3975 (et
1190 3908 1266 3972 aaa)
1276 3907 1319 3956 hs·

258 3980 340 4020 omnes
355 3975 427 4024 aerati
442 3984 504 4023 sunt.
536 3975 665 4038 ngovaus
675 3975 772 4023 restitui.
805 3975 852 4023 bet.
868 3974 940 4024 Eas.

252 4034 413 4100 'Namjatm
423 4049 447 4088 et
456 4055 510 4088 cum
516 4037 709 4088 infinitiroactivo
716 4039 774 4088 dici-
837 4041 897 4087 Huc
907 4037 975 4101 illuc]
997 4039 1060 4088 Bud.
1071 4041 1117 4087 hac
1127 4047 1150 4088 et
1160 4039 1225 4088 tuac.
1256 4035 1320 4086 Mox

257 4106 306 4158 tur,
316 4099 431 4152 intellecta
441 4105 569 4155 aceumtivo
579 4118 667 4164 eorum,
682 4104 725 4166 qui
732 4105 773 4166 ju.
805 4102 865 4167 Agr.
876 4111 979 4167 aspectu,
990 4113 1013 4152 et
1023 4104 1075 4152 dein
1083 4106 1221 4152 cacabate.

258 4163 356 4213 bennrr:
371 4183 393 4215 v.
405 4168 524 4218 Drakenb.
536 4168 566 4216 ad
579 4168 633 4216 niv.
645 4169 687 4228 27,
698 4171 738 4218 24.
750 4179 774 4218 et
840 4169 960 4231 Occepere
973 4171 1082 4231 procula
1100 4167 1169 4280 'abetg
1186 4168 1224 4217 Sia
1241 4181 1285 4216 scr.
1297 4175 1321 4217 et

258 4230 361 4292 quesibi
370 4231 457 4281 laudat
487 4233 548 4281 Mor
559 4241 634 4281 amer
644 4247 664 4280 c
676 4235 716 4281 40.
734 4249 774 4280 oe-
804 4232 856 4280 add
867 4243 921 4282 ante
929 4232 1007 4282 Rhea.
1026 4234 1058 4282 V.
1108 4234 1151 4282 n3
1168 4232 1320 4282 .MoxFlor.

318 4310 345 4342 re
357 4300 466 4357 pericula
477 4299 554 4361 jabet,
570 4313 600 4345 sc.
615 4297 715 4347 militaus
731 4299 774 4346 ubi
805 4299 840 4360 (et
851 4297 910 4361 Bag.
928 4297 990 4346 Isall.
1009 4306 1033 4347 et
1048 4297 1124 4358 Bud.)
1147 4299 1228 4362 rapidi
1246 4299 1319 4360 aquia

358 4375 387 4410 ua
396 4377 426 4412 ex
438 4362 541 4428 ingenio,
552 4371 580 4410 ut
589 4362 679 4425 opinor,
692 4362 726 4426 (v.
739 4363 773 4412 ibi
804 4361 877 4410 ΕΜ.
905 4362 969 4411 Bud.
987 4372 1011 4411 et
1025 4377 1055 4411 ex
1071 4378 1100 4411 ao
1110 4361 1187 4411 Rhan·
1201 4363 1319 4427 occupari·

257 4422 348 4487 mm)
369 4430 479 4494 occuper&
492 4426 564 4477 edidit
573 4441 627 4476 curn
638 4443 702 4492 seqq.
713 4442 772 4478 non·
803 4426 850 4476 Sed
860 4429 904 4477 sub
914 4423 989 4482 activo
998 4425 1135 4492 intelligitur
1144 4442 1206 4480 tuos.
