<?xml version="1.0" encoding="UTF-8"?>
<!DOCTYPE html PUBLIC "-//W3C//DTD XHTML 1.0 Transitional//EN"
    "http://www.w3.org/TR/xhtml1/DTD/xhtml1-transitional.dtd">
<html xmlns="http://www.w3.org/1999/xhtml" xml:lang="en" lang="en">
 <head>
  <title>
</title>
<meta http-equiv="Content-Type" content="text/html;charset=utf-8" />
  <meta name='ocr-system' content='tesseract 3.04.00' />
  <meta name='ocr-capabilities' content='ocr_page ocr_carea ocr_par ocr_line ocrx_word'/>
</head>
<body>
  <div class='ocr_page' id='page_1' title='image "./ccorneliitaciti00grongoog/ccorneliitaciti00grongoog_0339.png"; bbox 0 0 3059 4975; ppageno 0'>
   <div class='ocr_carea' id='block_1_1' title="bbox 248 252 1332 328">
    <p class='ocr_par' dir='ltr' id='par_1_1' title="bbox 248 252 1332 328">
     <span class='ocr_line' id='line_1_1' title="bbox 248 252 1332 328; baseline 0.004 -16"><span class='ocrx_word' id='word_1_1' title='bbox 248 273 276 312; x_wconf 79' lang='lat' dir='ltr'>a.</span> <span class='ocrx_word' id='word_1_2' title='bbox 291 273 317 310; x_wconf 87' lang='lat' dir='ltr'>c.</span> <span class='ocrx_word' id='word_1_3' title='bbox 330 255 390 328; x_wconf 74' lang='lat' dir='ltr'>ih]</span> <span class='ocrx_word' id='word_1_4' title='bbox 627 253 701 312; x_wconf 90' lang='lat' dir='ltr'>LlB.</span> <span class='ocrx_word' id='word_1_5' title='bbox 722 254 759 310; x_wconf 93' lang='lat' dir='ltr'>V.</span> <span class='ocrx_word' id='word_1_6' title='bbox 780 252 866 312; x_wconf 85' lang='lat' dir='ltr'>CAP.</span> <span class='ocrx_word' id='word_1_7' title='bbox 890 257 946 310; x_wconf 63' lang='lat' dir='ltr'>tt:</span> <span class='ocrx_word' id='word_1_8' title='bbox 1255 259 1332 318; x_wconf 60' lang='grc' dir='ltr'>383ι</span> 
     </span>
    </p>
   </div>
   <div class='ocr_carea' id='block_1_2' title="bbox 247 415 1332 1336">
    <p class='ocr_par' dir='ltr' id='par_1_2' title="bbox 247 415 1332 1336">
     <span class='ocr_line' id='line_1_2' title="bbox 249 415 1332 514; baseline 0.002 -34"><span class='ocrx_word' id='word_1_9' title='bbox 249 417 360 502; x_wconf 87' lang='lat' dir='ltr'>proelia</span> <span class='ocrx_word' id='word_1_10' title='bbox 380 441 416 482; x_wconf 88' lang='lat' dir='ltr'>ac</span> <span class='ocrx_word' id='word_1_11' title='bbox 429 416 542 503; x_wconf 88' lang='lat' dir='ltr'>saepius</span> <span class='ocrx_word' id='word_1_12' title='bbox 557 415 685 480; x_wconf 83' lang='lat' dir='ltr'>adversa</span> <span class='ocrx_word' id='word_1_13' title='bbox 699 433 853 514; x_wconf 82' lang='lat' dir='ltr'><strong>excepere.</strong></span> <span class='ocrx_word' id='word_1_14' title='bbox 898 415 965 488; x_wconf 80' lang='lat' dir='ltr'>Qui</span> <span class='ocrx_word' id='word_1_15' title='bbox 980 416 1035 480; x_wconf 91' lang='lat' dir='ltr'>ubi</span> <span class='ocrx_word' id='word_1_16' title='bbox 1053 416 1128 495; x_wconf 77' lang='lat' dir='ltr'>fato,</span> <span class='ocrx_word' id='word_1_17' title='bbox 1152 428 1208 480; x_wconf 89' lang='lat' dir='ltr'>ant</span> <span class='ocrx_word' id='word_1_18' title='bbox 1222 418 1332 492; x_wconf 66' lang='lat' dir='ltr'>taedio,</span> 
     </span>
     <span class='ocr_line' id='line_1_3' title="bbox 249 501 1320 590; baseline 0.003 -24"><span class='ocrx_word' id='word_1_19' title='bbox 249 503 371 580; x_wconf 88' lang='lat' dir='ltr'>occidit,</span> <span class='ocrx_word' id='word_1_20' title='bbox 394 503 490 567; x_wconf 91' lang='lat' dir='ltr'>missu</span> <span class='ocrx_word' id='word_1_21' title='bbox 502 502 636 578; x_wconf 85' lang='lat' dir='ltr'>Neronis</span> <span class='ocrx_word' id='word_1_22' title='bbox 651 501 862 587; x_wconf 82' lang='lat' dir='ltr'>Vespasianus</span> <span class='ocrx_word' id='word_1_23' title='bbox 877 502 1005 572; x_wconf 81' lang='lat' dir='ltr'>fortuna</span> <span class='ocrx_word' id='word_1_24' title='bbox 1017 502 1163 586; x_wconf 84' lang='lat' dir='ltr'>famaque</span> <span class='ocrx_word' id='word_1_25' title='bbox 1177 515 1209 566; x_wconf 89' lang='lat' dir='ltr'>et</span> <span class='ocrx_word' id='word_1_26' title='bbox 1230 527 1320 590; x_wconf 85' lang='lat' dir='ltr'>egre-</span> 
     </span>
     <span class='ocr_line' id='line_1_4' title="bbox 247 587 1316 674; baseline 0.003 -24"><span class='ocrx_word' id='word_1_27' title='bbox 247 587 308 672; x_wconf 84' lang='lat' dir='ltr'>giis</span> <span class='ocrx_word' id='word_1_28' title='bbox 320 587 477 666; x_wconf 83' lang='lat' dir='ltr'>ministris,</span> <span class='ocrx_word' id='word_1_29' title='bbox 491 587 573 652; x_wconf 90' lang='lat' dir='ltr'>intra</span> <span class='ocrx_word' id='word_1_30' title='bbox 586 587 666 650; x_wconf 90' lang='lat' dir='ltr'>duas</span> <span class='ocrx_word' id='word_1_31' title='bbox 674 599 806 664; x_wconf 73' lang='lat' dir='ltr'>aestateS,</span> <span class='ocrx_word' id='word_1_32' title='bbox 815 601 927 652; x_wconf 88' lang='lat' dir='ltr'>cuncta</span> <span class='ocrx_word' id='word_1_33' title='bbox 940 609 1123 672; x_wconf 86' lang='lat' dir='ltr'>camporum</span> <span class='ocrx_word' id='word_1_34' title='bbox 1136 611 1316 674; x_wconf 88' lang='lat' dir='ltr'>omnesque,</span> 
     </span>
     <span class='ocr_line' id='line_1_5' title="bbox 252 671 1318 759; baseline 0.002 -23"><span class='ocrx_word' id='word_1_35' title='bbox 252 687 365 759; x_wconf 87' lang='lat' dir='ltr'>praeter</span> <span class='ocrx_word' id='word_1_36' title='bbox 380 673 609 758; x_wconf 91' lang='lat' dir='ltr'>Hierosolyma,</span> <span class='ocrx_word' id='word_1_37' title='bbox 625 673 728 748; x_wconf 88' lang='lat' dir='ltr'>urbes,</span> <span class='ocrx_word' id='word_1_38' title='bbox 746 671 860 735; x_wconf 88' lang='lat' dir='ltr'>victore</span> <span class='ocrx_word' id='word_1_39' title='bbox 874 673 1011 736; x_wconf 82' lang='lat' dir='ltr'>exercitu</span> <span class='ocrx_word' id='word_1_40' title='bbox 1028 673 1162 758; x_wconf 86' lang='lat' dir='ltr'>tenebat.</span> <span class='ocrx_word' id='word_1_41' title='bbox 1206 676 1318 740; x_wconf 83' lang='lat' dir='ltr'>Proxi-</span> 
     </span>
     <span class='ocr_line' id='line_1_6' title="bbox 249 755 1327 846; baseline 0.004 -26"><span class='ocrx_word' id='word_1_42' title='bbox 249 781 319 822; x_wconf 85' lang='lat' dir='ltr'>mus</span> <span class='ocrx_word' id='word_1_43' title='bbox 343 755 454 836; x_wconf 81' lang='lat' dir='ltr'>annus,</span> <span class='ocrx_word' id='word_1_44' title='bbox 477 757 559 821; x_wconf 85' lang='lat' dir='ltr'>civili</span> <span class='ocrx_word' id='word_1_45' title='bbox 579 757 662 821; x_wconf 91' lang='lat' dir='ltr'>bello</span> <span class='ocrx_word' id='word_1_46' title='bbox 683 757 831 834; x_wconf 89' lang='lat' dir='ltr'>intentus,</span> <span class='ocrx_word' id='word_1_47' title='bbox 853 769 1006 843; x_wconf 89' lang='lat' dir='ltr'>quantum</span> <span class='ocrx_word' id='word_1_48' title='bbox 1032 759 1073 822; x_wconf 90' lang='lat' dir='ltr'>ad</span> <span class='ocrx_word' id='word_1_49' title='bbox 1096 759 1238 838; x_wconf 87' lang='lat' dir='ltr'>Judaeos,</span> <span class='ocrx_word' id='word_1_50' title='bbox 1261 783 1327 846; x_wconf 85' lang='lat' dir='ltr'>per¹</span> 
     </span>
     <span class='ocr_line' id='line_1_7' title="bbox 251 841 1319 928; baseline 0.001 -20"><span class='ocrx_word' id='word_1_51' title='bbox 251 844 352 909; x_wconf 93' lang='lat' dir='ltr'>otium</span> <span class='ocrx_word' id='word_1_52' title='bbox 363 845 493 908; x_wconf 87' lang='lat' dir='ltr'>transiit.</span> <span class='ocrx_word' id='word_1_53' title='bbox 536 845 617 906; x_wconf 84' lang='lat' dir='ltr'><strong>Pace</strong></span> <span class='ocrx_word' id='word_1_54' title='bbox 632 865 688 928; x_wconf 91' lang='lat' dir='ltr'>per</span> <span class='ocrx_word' id='word_1_55' title='bbox 702 841 825 906; x_wconf 88' lang='lat' dir='ltr'>Italiam</span> <span class='ocrx_word' id='word_1_56' title='bbox 839 856 941 928; x_wconf 85' lang='lat' dir='ltr'>parta,</span> <span class='ocrx_word' id='word_1_57' title='bbox 955 856 987 906; x_wconf 90' lang='lat' dir='ltr'>et</span> <span class='ocrx_word' id='word_1_58' title='bbox 1000 858 1136 908; x_wconf 81' lang='lat' dir='ltr'>externae</span> <span class='ocrx_word' id='word_1_59' title='bbox 1150 867 1235 908; x_wconf 85' lang='lat' dir='ltr'>curae</span> <span class='ocrx_word' id='word_1_60' title='bbox 1249 846 1319 910; x_wconf 86' lang='lat' dir='ltr'>red-</span> 
     </span>
     <span class='ocr_line' id='line_1_8' title="bbox 249 927 1327 1022; baseline 0.006 -30"><span class='ocrx_word' id='word_1_61' title='bbox 249 930 322 994; x_wconf 86' lang='lat' dir='ltr'>iere.</span> <span class='ocrx_word' id='word_1_62' title='bbox 364 930 515 1015; x_wconf 84' lang='lat' dir='ltr'><strong>Augebat</strong></span> <span class='ocrx_word' id='word_1_63' title='bbox 534 929 605 1005; x_wconf 89' lang='lat' dir='ltr'>iras,</span> <span class='ocrx_word' id='word_1_64' title='bbox 626 927 712 1022; x_wconf 90' lang='lat' dir='ltr'>quod</span> <span class='ocrx_word' id='word_1_65' title='bbox 728 927 784 992; x_wconf 92' lang='lat' dir='ltr'>soli</span> <span class='ocrx_word' id='word_1_66' title='bbox 799 928 908 992; x_wconf 78' lang='lat' dir='ltr'>iudaei</span> <span class='ocrx_word' id='word_1_67' title='bbox 929 951 992 992; x_wconf 89' lang='lat' dir='ltr'>non</span> <span class='ocrx_word' id='word_1_68' title='bbox 1011 929 1180 996; x_wconf 77' lang='lat' dir='ltr'>cessissent.</span> <span class='ocrx_word' id='word_1_69' title='bbox 1217 931 1327 1004; x_wconf 86' lang='lat' dir='ltr'>Simul.</span> 
     </span>
     <span class='ocr_line' id='line_1_9' title="bbox 249 1013 1317 1101; baseline -0.002 -21"><span class='ocrx_word' id='word_1_70' title='bbox 249 1039 374 1080; x_wconf 84' lang='lat' dir='ltr'>manere</span> <span class='ocrx_word' id='word_1_71' title='bbox 398 1015 484 1101; x_wconf 87' lang='lat' dir='ltr'>apud</span> <span class='ocrx_word' id='word_1_72' title='bbox 508 1014 661 1096; x_wconf 85' lang='lat' dir='ltr'>exercitus</span> <span class='ocrx_word' id='word_1_73' title='bbox 687 1014 810 1091; x_wconf 83' lang='lat' dir='ltr'>Titum,</span> <span class='ocrx_word' id='word_1_74' title='bbox 834 1013 876 1078; x_wconf 89' lang='lat' dir='ltr'>ad</span> <span class='ocrx_word' id='word_1_75' title='bbox 897 1036 1004 1078; x_wconf 90' lang='lat' dir='ltr'>omnes</span> <span class='ocrx_word' id='word_1_76' title='bbox 1024 1014 1223 1100; x_wconf 84' lang='lat' dir='ltr'>Principatus</span> <span class='ocrx_word' id='word_1_77' title='bbox 1244 1017 1317 1080; x_wconf 86' lang='lat' dir='ltr'>novi</span> 
     </span>
     <span class='ocr_line' id='line_1_10' title="bbox 251 1099 1318 1185; baseline 0.001 -21"><span class='ocrx_word' id='word_1_78' title='bbox 251 1116 380 1168; x_wconf 85' lang='lat' dir='ltr'>eventus</span> <span class='ocrx_word' id='word_1_79' title='bbox 394 1124 521 1164; x_wconf 80' lang='lat' dir='ltr'><strong>casusve</strong></span> <span class='ocrx_word' id='word_1_80' title='bbox 535 1099 645 1162; x_wconf 91' lang='lat' dir='ltr'>utilius</span> <span class='ocrx_word' id='word_1_81' title='bbox 657 1099 832 1163; x_wconf 87' lang='lat' dir='ltr'>videbatur.</span> <span class='ocrx_word' id='word_1_82' title='bbox 860 1100 966 1185; x_wconf 84' lang='lat' dir='ltr'>Igitur</span> <span class='ocrx_word' id='word_1_83' title='bbox 979 1100 1097 1176; x_wconf 85' lang='lat' dir='ltr'>eastris,</span> <span class='ocrx_word' id='word_1_84' title='bbox 1109 1099 1155 1164; x_wconf 89' lang='lat' dir='ltr'>uti</span> <span class='ocrx_word' id='word_1_85' title='bbox 1170 1101 1318 1179; x_wconf 82' lang='lat' dir='ltr'>diximus,</span> 
     </span>
     <span class='ocr_line' id='line_1_11' title="bbox 251 1185 1322 1272; baseline 0.002 -22"><span class='ocrx_word' id='word_1_86' title='bbox 251 1199 322 1250; x_wconf 88' lang='lat' dir='ltr'>ante</span> <span class='ocrx_word' id='word_1_87' title='bbox 336 1187 450 1250; x_wconf 87' lang='lat' dir='ltr'>moenia</span> <span class='ocrx_word' id='word_1_88' title='bbox 465 1185 754 1272; x_wconf 84' lang='lat' dir='ltr'>Hierosolymorum</span> <span class='ocrx_word' id='word_1_89' title='bbox 764 1185 881 1272; x_wconf 85' lang='lat' dir='ltr'>positis,</span> <span class='ocrx_word' id='word_1_90' title='bbox 890 1186 1058 1250; x_wconf 84' lang='lat' dir='ltr'>instructas</span> <span class='ocrx_word' id='word_1_91' title='bbox 1069 1185 1204 1271; x_wconf 86' lang='lat' dir='ltr'>legiones</span> <span class='ocrx_word' id='word_1_92' title='bbox 1217 1202 1322 1252; x_wconf 89' lang='lat' dir='ltr'>osten·</span> 
     </span>
     <span class='ocr_line' id='line_1_12' title="bbox 252 1272 342 1336; baseline 0 -2"><span class='ocrx_word' id='word_1_93' title='bbox 252 1272 342 1336; x_wconf 92' lang='lat' dir='ltr'>tavit.</span> 
     </span>
    </p>
   </div>
   <div class='ocr_carea' id='block_1_3' title="bbox 250 1355 1368 1967">
    <p class='ocr_par' dir='ltr' id='par_1_3' title="bbox 250 1355 1368 1967">
     <span class='ocr_line' id='line_1_13' title="bbox 295 1355 1324 1444; baseline 0.001 -24"><span class='ocrx_word' id='word_1_94' title='bbox 295 1357 358 1420; x_wconf 89' lang='lat' dir='ltr'>XI.</span> <span class='ocrx_word' id='word_1_95' title='bbox 382 1359 405 1420; x_wconf 85' lang='lat' dir='ltr'>J</span> <span class='ocrx_word' id='word_1_96' title='bbox 407 1355 489 1420; x_wconf 84' lang='lat' dir='ltr'>udaei</span> <span class='ocrx_word' id='word_1_97' title='bbox 504 1357 563 1422; x_wconf 92' lang='lat' dir='ltr'>sub</span> <span class='ocrx_word' id='word_1_98' title='bbox 577 1359 661 1444; x_wconf 88' lang='lat' dir='ltr'>ipsos</span> <span class='ocrx_word' id='word_1_99' title='bbox 675 1381 781 1422; x_wconf 91' lang='lat' dir='ltr'>muros</span> <span class='ocrx_word' id='word_1_100' title='bbox 796 1371 937 1423; x_wconf 85' lang='lat' dir='ltr'>struxere</span> <span class='ocrx_word' id='word_1_101' title='bbox 950 1358 1058 1434; x_wconf 85' lang='lat' dir='ltr'>aciem,</span> <span class='ocrx_word' id='word_1_102' title='bbox 1067 1357 1162 1421; x_wconf 90' lang='lat' dir='ltr'>rebus</span> <span class='ocrx_word' id='word_1_103' title='bbox 1175 1358 1324 1422; x_wconf 87' lang='lat' dir='ltr'>secundis</span> 
     </span>
     <span class='ocr_line' id='line_1_14' title="bbox 250 1442 1319 1529; baseline -0.002 -21"><span class='ocrx_word' id='word_1_104' title='bbox 250 1443 375 1528; x_wconf 89' lang='lat' dir='ltr'>longius</span> <span class='ocrx_word' id='word_1_105' title='bbox 389 1443 505 1519; x_wconf 88' lang='lat' dir='ltr'>ausuri,</span> <span class='ocrx_word' id='word_1_106' title='bbox 521 1458 563 1520; x_wconf 85' lang='lat' dir='ltr'>et,</span> <span class='ocrx_word' id='word_1_107' title='bbox 579 1445 604 1506; x_wconf 93' lang='lat' dir='ltr'>si</span> <span class='ocrx_word' id='word_1_108' title='bbox 618 1442 815 1528; x_wconf 88' lang='lat' dir='ltr'>pellerentur,</span> <span class='ocrx_word' id='word_1_109' title='bbox 830 1456 939 1529; x_wconf 87' lang='lat' dir='ltr'>parato</span> <span class='ocrx_word' id='word_1_110' title='bbox 952 1443 1105 1529; x_wconf 83' lang='lat' dir='ltr'>perfugio.</span> <span class='ocrx_word' id='word_1_111' title='bbox 1152 1443 1272 1510; x_wconf 88' lang='lat' dir='ltr'>Missus</span> <span class='ocrx_word' id='word_1_112' title='bbox 1284 1444 1319 1507; x_wconf 90' lang='lat' dir='ltr'>in</span> 
     </span>
     <span class='ocr_line' id='line_1_15' title="bbox 252 1529 1322 1615; baseline 0.003 -24"><span class='ocrx_word' id='word_1_113' title='bbox 252 1553 303 1592; x_wconf 89' lang='lat' dir='ltr'>eos</span> <span class='ocrx_word' id='word_1_114' title='bbox 317 1551 412 1614; x_wconf 89' lang='lat' dir='ltr'>eques</span> <span class='ocrx_word' id='word_1_115' title='bbox 432 1551 504 1591; x_wconf 89' lang='lat' dir='ltr'>cum</span> <span class='ocrx_word' id='word_1_116' title='bbox 523 1529 676 1615; x_wconf 86' lang='lat' dir='ltr'>expeditis</span> <span class='ocrx_word' id='word_1_117' title='bbox 694 1529 874 1593; x_wconf 88' lang='lat' dir='ltr'>cohortibus</span> <span class='ocrx_word' id='word_1_118' title='bbox 891 1529 1037 1614; x_wconf 83' lang='lat' dir='ltr'>ambigue</span> <span class='ocrx_word' id='word_1_119' title='bbox 1055 1529 1192 1592; x_wconf 83' lang='lat' dir='ltr'>certavit</span> <span class='ocrx_word' id='word_1_120' title='bbox 1236 1531 1322 1594; x_wconf 86' lang='lat' dir='ltr'>Mox·</span> 
     </span>
     <span class='ocr_line' id='line_1_16' title="bbox 252 1612 1324 1700; baseline 0.002 -22"><span class='ocrx_word' id='word_1_121' title='bbox 252 1638 367 1696; x_wconf 87' lang='lat' dir='ltr'>cessere</span> <span class='ocrx_word' id='word_1_122' title='bbox 382 1613 495 1696; x_wconf 87' lang='lat' dir='ltr'>hostes,</span> <span class='ocrx_word' id='word_1_123' title='bbox 511 1626 543 1678; x_wconf 91' lang='lat' dir='ltr'>et</span> <span class='ocrx_word' id='word_1_124' title='bbox 557 1615 758 1700; x_wconf 90' lang='lat' dir='ltr'>sequentibus</span> <span class='ocrx_word' id='word_1_125' title='bbox 775 1612 886 1678; x_wconf 89' lang='lat' dir='ltr'>diebus</span> <span class='ocrx_word' id='word_1_126' title='bbox 899 1614 1008 1677; x_wconf 87' lang='lat' dir='ltr'>crebra</span> <span class='ocrx_word' id='word_1_127' title='bbox 1028 1637 1085 1700; x_wconf 92' lang='lat' dir='ltr'>pro</span> <span class='ocrx_word' id='word_1_128' title='bbox 1097 1614 1324 1700; x_wconf 80' lang='lat' dir='ltr'>portisproelia</span> 
     </span>
     <span class='ocr_line' id='line_1_17' title="bbox 253 1698 1368 1785; baseline 0 -21"><span class='ocrx_word' id='word_1_129' title='bbox 253 1701 414 1774; x_wconf 82' lang='lat' dir='ltr'>serebant3</span> <span class='ocrx_word' id='word_1_130' title='bbox 445 1699 542 1764; x_wconf 89' lang='lat' dir='ltr'>donec</span> <span class='ocrx_word' id='word_1_131' title='bbox 565 1701 704 1764; x_wconf 86' lang='lat' dir='ltr'>adsiduis</span> <span class='ocrx_word' id='word_1_132' title='bbox 732 1700 854 1764; x_wconf 89' lang='lat' dir='ltr'>damnis</span> <span class='ocrx_word' id='word_1_133' title='bbox 874 1700 956 1762; x_wconf 88' lang='lat' dir='ltr'>intra</span> <span class='ocrx_word' id='word_1_134' title='bbox 983 1699 1096 1763; x_wconf 89' lang='lat' dir='ltr'>moenia</span> <span class='ocrx_word' id='word_1_135' title='bbox 1121 1698 1320 1785; x_wconf 85' lang='lat' dir='ltr'>pellerentur.</span> <span class='ocrx_word' id='word_1_136' title='bbox 1366 1720 1368 1726; x_wconf 84' lang='lat'>·</span> 
     </span>
     <span class='ocr_line' id='line_1_18' title="bbox 252 1785 1320 1872; baseline -0.001 -22"><span class='ocrx_word' id='word_1_137' title='bbox 252 1786 390 1850; x_wconf 89' lang='lat' dir='ltr'>Romani</span> <span class='ocrx_word' id='word_1_138' title='bbox 410 1786 452 1848; x_wconf 92' lang='lat' dir='ltr'>ad</span> <span class='ocrx_word' id='word_1_139' title='bbox 465 1786 714 1872; x_wconf 84' lang='lat' dir='ltr'>oppugnandum</span> <span class='ocrx_word' id='word_1_140' title='bbox 724 1786 815 1864; x_wconf 89' lang='lat' dir='ltr'>versi,</span> <span class='ocrx_word' id='word_1_141' title='bbox 832 1809 933 1871; x_wconf 90' lang='lat' dir='ltr'>neque</span> <span class='ocrx_word' id='word_1_142' title='bbox 951 1785 1034 1849; x_wconf 91' lang='lat' dir='ltr'>enim</span> <span class='ocrx_word' id='word_1_143' title='bbox 1048 1785 1181 1871; x_wconf 88' lang='lat' dir='ltr'>dignum</span> <span class='ocrx_word' id='word_1_144' title='bbox 1195 1785 1320 1849; x_wconf 87' lang='lat' dir='ltr'>videba-</span> 
     </span>
     <span class='ocr_line' id='line_1_19' title="bbox 252 1871 1323 1967; baseline -0.001 -33"><span class='ocrx_word' id='word_1_145' title='bbox 252 1884 317 1949; x_wconf 89' lang='lat' dir='ltr'>tur,</span> <span class='ocrx_word' id='word_1_146' title='bbox 338 1871 452 1934; x_wconf 87' lang='lat' dir='ltr'>famem</span> <span class='ocrx_word' id='word_1_147' title='bbox 477 1871 612 1936; x_wconf 89' lang='lat' dir='ltr'>hostium</span> <span class='ocrx_word' id='word_1_148' title='bbox 635 1871 787 1958; x_wconf 91' lang='lat' dir='ltr'>opperiri:</span> <span class='ocrx_word' id='word_1_149' title='bbox 823 1872 1052 1956; x_wconf 86' lang='lat' dir='ltr'>poscebantque</span> <span class='ocrx_word' id='word_1_150' title='bbox 1077 1871 1225 1967; x_wconf 82' lang='lat' dir='ltr'>pericula,</span> <span class='ocrx_word' id='word_1_151' title='bbox 1247 1893 1323 1956; x_wconf 85' lang='lat' dir='ltr'>pars</span> 
     </span>
    </p>
   </div>
   <div class='ocr_carea' id='block_1_4' title="bbox 252 1956 1323 2559">
    <p class='ocr_par' dir='ltr' id='par_1_4' title="bbox 252 1956 1323 2559">
     <span class='ocr_line' id='line_1_20' title="bbox 252 1956 1320 2044; baseline 0.001 -24"><span class='ocrx_word' id='word_1_152' title='bbox 252 1957 378 2034; x_wconf 89' lang='lat' dir='ltr'>virtute,</span> <span class='ocrx_word' id='word_1_153' title='bbox 390 1956 482 2020; x_wconf 90' lang='lat' dir='ltr'>multi</span> <span class='ocrx_word' id='word_1_154' title='bbox 492 1957 606 2021; x_wconf 88' lang='lat' dir='ltr'>ferocia</span> <span class='ocrx_word' id='word_1_155' title='bbox 620 1969 651 2020; x_wconf 91' lang='lat' dir='ltr'>et</span> <span class='ocrx_word' id='word_1_156' title='bbox 661 1957 807 2044; x_wconf 81' lang='lat' dir='ltr'>cupidine</span> <span class='ocrx_word' id='word_1_157' title='bbox 817 1957 1024 2042; x_wconf 89' lang='lat' dir='ltr'>praemiorum.</span> <span class='ocrx_word' id='word_1_158' title='bbox 1048 1958 1115 2042; x_wconf 82' lang='lat' dir='ltr'>Ipsi</span> <span class='ocrx_word' id='word_1_159' title='bbox 1125 1956 1203 2019; x_wconf 81' lang='lat' dir='ltr'>Tito</span> <span class='ocrx_word' id='word_1_160' title='bbox 1214 1956 1320 2022; x_wconf 82' lang='lat' dir='ltr'>Roma</span> 
     </span>
     <span class='ocr_line' id='line_1_21' title="bbox 252 2041 1320 2129; baseline 0.003 -25"><span class='ocrx_word' id='word_1_161' title='bbox 252 2057 282 2106; x_wconf 89' lang='lat' dir='ltr'>et</span> <span class='ocrx_word' id='word_1_162' title='bbox 297 2066 371 2128; x_wconf 93' lang='lat' dir='ltr'>opes</span> <span class='ocrx_word' id='word_1_163' title='bbox 382 2041 620 2129; x_wconf 89' lang='lat' dir='ltr'>voluptatesque</span> <span class='ocrx_word' id='word_1_164' title='bbox 635 2057 706 2107; x_wconf 90' lang='lat' dir='ltr'>ante</span> <span class='ocrx_word' id='word_1_165' title='bbox 721 2042 846 2106; x_wconf 90' lang='lat' dir='ltr'>oculos:</span> <span class='ocrx_word' id='word_1_166' title='bbox 870 2065 915 2119; x_wconf 90' lang='lat' dir='ltr'>ac,</span> <span class='ocrx_word' id='word_1_167' title='bbox 933 2042 966 2104; x_wconf 91' lang='lat' dir='ltr'>ni</span> <span class='ocrx_word' id='word_1_168' title='bbox 980 2041 1084 2104; x_wconf 89' lang='lat' dir='ltr'>statim</span> <span class='ocrx_word' id='word_1_169' title='bbox 1100 2041 1320 2128; x_wconf 84' lang='lat' dir='ltr'>Hierosolyma</span> 
     </span>
     <span class='ocr_line' id='line_1_22' title="bbox 253 2127 1322 2210; baseline -0.001 -18"><span class='ocrx_word' id='word_1_170' title='bbox 253 2127 457 2210; x_wconf 83' lang='lat' dir='ltr'>conciderent,</span> <span class='ocrx_word' id='word_1_171' title='bbox 482 2131 595 2193; x_wconf 90' lang='lat' dir='ltr'>morari</span> <span class='ocrx_word' id='word_1_172' title='bbox 617 2128 814 2194; x_wconf 87' lang='lat' dir='ltr'>videbantur.</span> <span class='ocrx_word' id='word_1_173' title='bbox 865 2127 927 2191; x_wconf 88' lang='lat' dir='ltr'>Sed</span> <span class='ocrx_word' id='word_1_174' title='bbox 948 2127 1076 2206; x_wconf 84' lang='lat' dir='ltr'>urbem,</span> <span class='ocrx_word' id='word_1_175' title='bbox 1092 2127 1222 2190; x_wconf 88' lang='lat' dir='ltr'>arduam</span> <span class='ocrx_word' id='word_1_176' title='bbox 1244 2127 1322 2206; x_wconf 90' lang='lat' dir='ltr'>situ,</span> 
     </span>
     <span class='ocr_line' id='line_1_23' title="bbox 254 2212 1318 2301; baseline -0.001 -25"><span class='ocrx_word' id='word_1_177' title='bbox 254 2237 348 2298; x_wconf 90' lang='lat' dir='ltr'>opera</span> <span class='ocrx_word' id='word_1_178' title='bbox 362 2212 519 2300; x_wconf 87' lang='lat' dir='ltr'>molesque</span> <span class='ocrx_word' id='word_1_179' title='bbox 538 2215 746 2291; x_wconf 88' lang='lat' dir='ltr'>firmaverant,</span> <span class='ocrx_word' id='word_1_180' title='bbox 762 2214 833 2301; x_wconf 93' lang='lat' dir='ltr'>quis</span> <span class='ocrx_word' id='word_1_181' title='bbox 849 2213 896 2277; x_wconf 87' lang='lat' dir='ltr'>vel</span> <span class='ocrx_word' id='word_1_182' title='bbox 918 2213 1012 2299; x_wconf 89' lang='lat' dir='ltr'>plana</span> <span class='ocrx_word' id='word_1_183' title='bbox 1026 2212 1098 2276; x_wconf 90' lang='lat' dir='ltr'>satis</span> <span class='ocrx_word' id='word_1_184' title='bbox 1112 2213 1318 2278; x_wconf 90' lang='lat' dir='ltr'>munirentur.</span> 
     </span>
     <span class='ocr_line' id='line_1_24' title="bbox 254 2299 1321 2385; baseline 0.002 -23"><span class='ocrx_word' id='word_1_185' title='bbox 254 2301 338 2362; x_wconf 87' lang='lat' dir='ltr'>Nam</span> <span class='ocrx_word' id='word_1_186' title='bbox 360 2300 439 2363; x_wconf 93' lang='lat' dir='ltr'>duos</span> <span class='ocrx_word' id='word_1_187' title='bbox 461 2301 562 2378; x_wconf 91' lang='lat' dir='ltr'>colles,</span> <span class='ocrx_word' id='word_1_188' title='bbox 589 2301 762 2366; x_wconf 90' lang='lat' dir='ltr'>inmensum</span> <span class='ocrx_word' id='word_1_189' title='bbox 791 2299 901 2378; x_wconf 90' lang='lat' dir='ltr'>editos,</span> <span class='ocrx_word' id='word_1_190' title='bbox 926 2299 1112 2363; x_wconf 84' lang='lat' dir='ltr'>claudebant</span> <span class='ocrx_word' id='word_1_191' title='bbox 1140 2299 1233 2376; x_wconf 92' lang='lat' dir='ltr'>muri,</span> <span class='ocrx_word' id='word_1_192' title='bbox 1263 2323 1321 2385; x_wconf 86' lang='lat' dir='ltr'>per·</span> 
     </span>
     <span class='ocr_line' id='line_1_25' title="bbox 254 2384 1323 2471; baseline 0 -23"><span class='ocrx_word' id='word_1_193' title='bbox 254 2399 352 2449; x_wconf 89' lang='lat' dir='ltr'>artem</span> <span class='ocrx_word' id='word_1_194' title='bbox 366 2384 496 2470; x_wconf 85' lang='lat' dir='ltr'>obliqui,</span> <span class='ocrx_word' id='word_1_195' title='bbox 516 2400 571 2450; x_wconf 90' lang='lat' dir='ltr'>aut</span> <span class='ocrx_word' id='word_1_196' title='bbox 585 2387 736 2450; x_wconf 89' lang='lat' dir='ltr'>introrsus</span> <span class='ocrx_word' id='word_1_197' title='bbox 751 2385 881 2449; x_wconf 87' lang='lat' dir='ltr'>sinuati:</span> <span class='ocrx_word' id='word_1_198' title='bbox 904 2397 941 2448; x_wconf 93' lang='lat' dir='ltr'>ut</span> <span class='ocrx_word' id='word_1_199' title='bbox 959 2385 1056 2448; x_wconf 91' lang='lat' dir='ltr'>latera</span> <span class='ocrx_word' id='word_1_200' title='bbox 1069 2384 1323 2471; x_wconf 88' lang='lat' dir='ltr'>oppugnantium</span> 
     </span>
     <span class='ocr_line' id='line_1_26' title="bbox 253 2470 1320 2559; baseline 0 -24"><span class='ocrx_word' id='word_1_201' title='bbox 253 2471 293 2535; x_wconf 88' lang='lat' dir='ltr'>ad</span> <span class='ocrx_word' id='word_1_202' title='bbox 308 2472 388 2535; x_wconf 90' lang='lat' dir='ltr'>ictus</span> <span class='ocrx_word' id='word_1_203' title='bbox 402 2483 601 2557; x_wconf 89' lang='lat' dir='ltr'>patescerent.</span> <span class='ocrx_word' id='word_1_204' title='bbox 646 2473 799 2537; x_wconf 88' lang='lat' dir='ltr'>Extrema</span> <span class='ocrx_word' id='word_1_205' title='bbox 812 2472 900 2559; x_wconf 92' lang='lat' dir='ltr'>rupis</span> <span class='ocrx_word' id='word_1_206' title='bbox 913 2472 1065 2558; x_wconf 79' lang='lat' dir='ltr'>abrupta3</span> <span class='ocrx_word' id='word_1_207' title='bbox 1090 2482 1121 2534; x_wconf 91' lang='lat' dir='ltr'>et</span> <span class='ocrx_word' id='word_1_208' title='bbox 1136 2484 1247 2550; x_wconf 85' lang='lat' dir='ltr'>turres,</span> <span class='ocrx_word' id='word_1_209' title='bbox 1263 2470 1320 2538; x_wconf 91' lang='lat' dir='ltr'>ubi</span> 
     </span>
    </p>
   </div>
   <div class='ocr_carea' id='block_1_5' title="bbox 250 2687 1330 4429">
    <p class='ocr_par' dir='ltr' id='par_1_5' title="bbox 250 2687 1330 4429">
     <span class='ocr_line' id='line_1_27' title="bbox 255 2687 1319 2751; baseline -0.004 -14"><span class='ocrx_word' id='word_1_210' title='bbox 255 2688 416 2746; x_wconf 79' lang='lat' dir='ltr'>Consularem,</span> <span class='ocrx_word' id='word_1_211' title='bbox 429 2689 547 2749; x_wconf 73' lang='lat' dir='ltr'>suppetias</span> <span class='ocrx_word' id='word_1_212' title='bbox 555 2689 682 2750; x_wconf 80' lang='lat' dir='ltr'>ferentem,</span> <span class='ocrx_word' id='word_1_213' title='bbox 700 2696 770 2751; x_wconf 81' lang='lat' dir='ltr'>rapta</span> <span class='ocrx_word' id='word_1_214' title='bbox 834 2692 906 2736; x_wconf 80' lang='lat' dir='ltr'>Intra</span> <span class='ocrx_word' id='word_1_215' title='bbox 915 2690 974 2737; x_wconf 75' lang='lat' dir='ltr'>ciuus</span> <span class='ocrx_word' id='word_1_216' title='bbox 984 2688 1085 2751; x_wconf 75' lang='lat' dir='ltr'>estates]</span> <span class='ocrx_word' id='word_1_217' title='bbox 1107 2692 1179 2736; x_wconf 81' lang='lat' dir='ltr'>Intra</span> <span class='ocrx_word' id='word_1_218' title='bbox 1196 2687 1267 2735; x_wconf 84' lang='lat' dir='ltr'>edidit</span> <span class='ocrx_word' id='word_1_219' title='bbox 1277 2687 1319 2751; x_wconf 84' lang='lat' dir='ltr'>(ex</span> 
     </span>
     <span class='ocr_line' id='line_1_28' title="bbox 253 2752 1318 2815; baseline -0.002 -16"><span class='ocrx_word' id='word_1_220' title='bbox 253 2756 332 2814; x_wconf 77' lang='lat' dir='ltr'>aptita</span> <span class='ocrx_word' id='word_1_221' title='bbox 335 2754 468 2814; x_wconf 75' lang='lat' dir='ltr'>frigorum.</span> <span class='ocrx_word' id='word_1_222' title='bbox 502 2752 769 2815; x_wconf 82' lang='lat' dir='ltr'>InJosephohaecipsa,</span> <span class='ocrx_word' id='word_1_223' title='bbox 802 2754 906 2815; x_wconf 86' lang='lat' dir='ltr'>ingenio)</span> <span class='ocrx_word' id='word_1_224' title='bbox 936 2755 1071 2802; x_wconf 83' lang='lat' dir='ltr'>Rhenanus.</span> <span class='ocrx_word' id='word_1_225' title='bbox 1111 2753 1245 2815; x_wconf 76' lang='lat' dir='ltr'>Superiores</span> <span class='ocrx_word' id='word_1_226' title='bbox 1266 2752 1318 2799; x_wconf 88' lang='lat' dir='ltr'>edd.</span> 
     </span>
     <span class='ocr_line' id='line_1_29' title="bbox 254 2815 1319 2879; baseline -0.001 -15"><span class='ocrx_word' id='word_1_227' title='bbox 254 2828 277 2864; x_wconf 89' lang='lat' dir='ltr'>et</span> <span class='ocrx_word' id='word_1_228' title='bbox 292 2818 361 2879; x_wconf 85' lang='lat' dir='ltr'>plane</span> <span class='ocrx_word' id='word_1_229' title='bbox 378 2815 562 2863; x_wconf 81' lang='lat' dir='ltr'>omniavideA.</span> <span class='ocrx_word' id='word_1_230' title='bbox 579 2817 721 2875; x_wconf 53' lang='lat' dir='ltr'>millii).</span> <span class='ocrx_word' id='word_1_231' title='bbox 739 2818 768 2863; x_wconf 89' lang='lat' dir='ltr'>B.</span> <span class='ocrx_word' id='word_1_232' title='bbox 803 2818 858 2865; x_wconf 84' lang='lat' dir='ltr'>MS.</span> <span class='ocrx_word' id='word_1_233' title='bbox 881 2818 959 2865; x_wconf 86' lang='lat' dir='ltr'>Guelf.</span> <span class='ocrx_word' id='word_1_234' title='bbox 977 2820 1046 2864; x_wconf 82' lang='lat' dir='ltr'>inter.</span> <span class='ocrx_word' id='word_1_235' title='bbox 1080 2817 1143 2865; x_wconf 87' lang='lat' dir='ltr'>Mox</span> <span class='ocrx_word' id='word_1_236' title='bbox 1160 2816 1236 2864; x_wconf 73' lang='lat' dir='ltr'>&#39;MSS</span> <span class='ocrx_word' id='word_1_237' title='bbox 1255 2816 1319 2863; x_wconf 88' lang='lat' dir='ltr'>Bud.</span> 
     </span>
     <span class='ocr_line' id='line_1_30' title="bbox 255 2880 1319 2944; baseline -0.002 -16"><span class='ocrx_word' id='word_1_238' title='bbox 255 2881 312 2928; x_wconf 73' lang='lat' dir='ltr'>Jud,</span> <span class='ocrx_word' id='word_1_239' title='bbox 325 2884 349 2939; x_wconf 74' lang='lat'>2,</span> <span class='ocrx_word' id='word_1_240' title='bbox 361 2882 393 2927; x_wconf 79' lang='lat'>⁶23</span> <span class='ocrx_word' id='word_1_241' title='bbox 406 2881 469 2942; x_wconf 81' lang='lat' dir='ltr'>(ta).</span> <span class='ocrx_word' id='word_1_242' title='bbox 490 2880 536 2926; x_wconf 87' lang='lat' dir='ltr'>Sed</span> <span class='ocrx_word' id='word_1_243' title='bbox 547 2880 600 2943; x_wconf 89' lang='lat' dir='ltr'>quis</span> <span class='ocrx_word' id='word_1_244' title='bbox 610 2888 686 2927; x_wconf 84' lang='lat' dir='ltr'>tamen</span> <span class='ocrx_word' id='word_1_245' title='bbox 699 2883 770 2927; x_wconf 81' lang='lat' dir='ltr'>Prce-</span> <span class='ocrx_word' id='word_1_246' title='bbox 803 2880 883 2929; x_wconf 85' lang='lat' dir='ltr'>Guelf.</span> <span class='ocrx_word' id='word_1_247' title='bbox 900 2883 973 2943; x_wconf 80' lang='lat' dir='ltr'>(neg.</span> <span class='ocrx_word' id='word_1_248' title='bbox 987 2882 1061 2940; x_wconf 76' lang='lat' dir='ltr'>Lati.)</span> <span class='ocrx_word' id='word_1_249' title='bbox 1079 2882 1114 2928; x_wconf 85' lang='lat' dir='ltr'>etl.</span> <span class='ocrx_word' id='word_1_250' title='bbox 1130 2898 1165 2944; x_wconf 90' lang='lat' dir='ltr'>pr.</span> <span class='ocrx_word' id='word_1_251' title='bbox 1180 2882 1319 2941; x_wconf 79' lang='lat' dir='ltr'>Hierosoly·</span> 
     </span>
     <span class='ocr_line' id='line_1_31' title="bbox 250 2944 1330 3008; baseline 0 -17"><span class='ocrx_word' id='word_1_252' title='bbox 250 2948 343 3007; x_wconf 81' lang='lat' dir='ltr'>positus</span> <span class='ocrx_word' id='word_1_253' title='bbox 355 2945 394 2992; x_wconf 89' lang='lat' dir='ltr'>ille</span> <span class='ocrx_word' id='word_1_254' title='bbox 405 2944 499 2992; x_wconf 75' lang='lat' dir='ltr'>rosus?</span> <span class='ocrx_word' id='word_1_255' title='bbox 520 2944 553 2990; x_wconf 88' lang='lat' dir='ltr'>ita</span> <span class='ocrx_word' id='word_1_256' title='bbox 564 2944 626 2990; x_wconf 92' lang='lat' dir='ltr'>enim</span> <span class='ocrx_word' id='word_1_257' title='bbox 637 2945 769 3003; x_wconf 87' lang='lat' dir='ltr'>Suetonius,</span> <span class='ocrx_word' id='word_1_258' title='bbox 803 2960 874 2991; x_wconf 81' lang='lat' dir='ltr'>mam.</span> <span class='ocrx_word' id='word_1_259' title='bbox 891 2946 946 2993; x_wconf 78' lang='lat' dir='ltr'>vid.</span> <span class='ocrx_word' id='word_1_260' title='bbox 958 2945 1098 3008; x_wconf 81' lang='lat' dir='ltr'>supraadc.</span> <span class='ocrx_word' id='word_1_261' title='bbox 1113 2948 1136 2993; x_wconf 80' lang='lat'>2.</span> <span class='ocrx_word' id='word_1_262' title='bbox 1152 2947 1224 2993; x_wconf 78' lang='lat' dir='ltr'>Etru.</span> <span class='ocrx_word' id='word_1_263' title='bbox 1253 2944 1330 2992; x_wconf 60' lang='lat' dir='ltr'>Bua&#39;</span> 
     </span>
     <span class='ocr_line' id='line_1_32' title="bbox 254 3008 1323 3074; baseline 0 -19"><span class='ocrx_word' id='word_1_264' title='bbox 254 3024 296 3057; x_wconf 90' lang='lat' dir='ltr'>nec</span> <span class='ocrx_word' id='word_1_265' title='bbox 312 3018 431 3056; x_wconf 84' lang='lat' dir='ltr'>remtam</span> <span class='ocrx_word' id='word_1_266' title='bbox 448 3008 574 3055; x_wconf 78' lang='lat' dir='ltr'>notabilem</span> <span class='ocrx_word' id='word_1_267' title='bbox 591 3008 628 3055; x_wconf 89' lang='lat' dir='ltr'>vel</span> <span class='ocrx_word' id='word_1_268' title='bbox 644 3008 770 3071; x_wconf 82' lang='lat' dir='ltr'>Josephus,</span> <span class='ocrx_word' id='word_1_269' title='bbox 803 3010 862 3056; x_wconf 80' lang='lat' dir='ltr'>dues</span> <span class='ocrx_word' id='word_1_270' title='bbox 871 3011 1120 3074; x_wconf 74' lang='lat' dir='ltr'>nrtntcssiuepraepos</span> <span class='ocrx_word' id='word_1_271' title='bbox 1138 3009 1323 3056; x_wconf 87' lang='lat' dir='ltr'>InnotisRhen.</span> 
     </span>
     <span class='ocr_line' id='line_1_33' title="bbox 254 3072 1320 3137; baseline 0 -16"><span class='ocrx_word' id='word_1_272' title='bbox 254 3074 291 3121; x_wconf 89' lang='lat' dir='ltr'>vel</span> <span class='ocrx_word' id='word_1_273' title='bbox 309 3073 413 3129; x_wconf 83' lang='lat' dir='ltr'>Tacitus,</span> <span class='ocrx_word' id='word_1_274' title='bbox 430 3073 514 3121; x_wconf 82' lang='lat' dir='ltr'>dixere.</span> <span class='ocrx_word' id='word_1_275' title='bbox 551 3074 629 3121; x_wconf 88' lang='lat' dir='ltr'>Immo</span> <span class='ocrx_word' id='word_1_276' title='bbox 645 3072 685 3119; x_wconf 89' lang='lat' dir='ltr'>ille</span> <span class='ocrx_word' id='word_1_277' title='bbox 700 3073 771 3135; x_wconf 83' lang='lat' dir='ltr'>plane</span> <span class='ocrx_word' id='word_1_278' title='bbox 803 3090 854 3121; x_wconf 84' lang='lat' dir='ltr'>eam</span> <span class='ocrx_word' id='word_1_279' title='bbox 872 3090 965 3137; x_wconf 85' lang='lat' dir='ltr'>qnoque</span> <span class='ocrx_word' id='word_1_280' title='bbox 983 3073 1165 3122; x_wconf 82' lang='lat' dir='ltr'>submovendam</span> <span class='ocrx_word' id='word_1_281' title='bbox 1184 3072 1259 3132; x_wconf 91' lang='lat' dir='ltr'>docet,</span> <span class='ocrx_word' id='word_1_282' title='bbox 1279 3074 1320 3121; x_wconf 84' lang='lat' dir='ltr'>sed</span> 
     </span>
     <span class='ocr_line' id='line_1_34' title="bbox 255 3137 1064 3201; baseline -0.001 -16"><span class='ocrx_word' id='word_1_283' title='bbox 255 3146 348 3185; x_wconf 74' lang='lat' dir='ltr'>corsua:</span> <span class='ocrx_word' id='word_1_284' title='bbox 373 3137 478 3197; x_wconf 88' lang='lat' dir='ltr'>Florum,</span> <span class='ocrx_word' id='word_1_285' title='bbox 497 3138 538 3201; x_wconf 90' lang='lat' dir='ltr'>qui</span> <span class='ocrx_word' id='word_1_286' title='bbox 555 3146 609 3184; x_wconf 90' lang='lat' dir='ltr'>tunc</span> <span class='ocrx_word' id='word_1_287' title='bbox 625 3138 769 3199; x_wconf 69' lang='lat' dir='ltr'>prepositus,</span> <span class='ocrx_word' id='word_1_288' title='bbox 802 3138 1064 3199; x_wconf 81' lang='lat' dir='ltr'>intextuponitintra.</span> 
     </span>
     <span class='ocr_line' id='line_1_35' title="bbox 255 3201 1318 3266; baseline 0 -17"><span class='ocrx_word' id='word_1_289' title='bbox 255 3202 352 3250; x_wconf 79' lang='lat' dir='ltr'>evasisse</span> <span class='ocrx_word' id='word_1_290' title='bbox 363 3211 385 3249; x_wconf 94' lang='lat' dir='ltr'>et</span> <span class='ocrx_word' id='word_1_291' title='bbox 399 3202 488 3250; x_wconf 88' lang='lat' dir='ltr'>bellum</span> <span class='ocrx_word' id='word_1_292' title='bbox 501 3202 529 3249; x_wconf 89' lang='lat' dir='ltr'>iis</span> <span class='ocrx_word' id='word_1_293' title='bbox 540 3201 626 3251; x_wconf 86' lang='lat' dir='ltr'>fecisse.</span> <span class='ocrx_word' id='word_1_294' title='bbox 648 3202 690 3249; x_wconf 83' lang='lat' dir='ltr'>Au</span> <span class='ocrx_word' id='word_1_295' title='bbox 702 3216 770 3249; x_wconf 79' lang='lat' dir='ltr'>coeso-</span> <span class='ocrx_word' id='word_1_296' title='bbox 836 3205 900 3250; x_wconf 82' lang='lat' dir='ltr'>Pacc</span> <span class='ocrx_word' id='word_1_297' title='bbox 918 3204 981 3250; x_wconf 83' lang='lat' dir='ltr'>domi</span> <span class='ocrx_word' id='word_1_298' title='bbox 997 3210 1070 3265; x_wconf 81' lang='lat' dir='ltr'>parta</span> <span class='ocrx_word' id='word_1_299' title='bbox 1087 3204 1142 3266; x_wconf 79' lang='lat' dir='ltr'>etc]</span> <span class='ocrx_word' id='word_1_300' title='bbox 1166 3202 1221 3250; x_wconf 81' lang='lat' dir='ltr'>MS.</span> <span class='ocrx_word' id='word_1_301' title='bbox 1240 3202 1318 3249; x_wconf 87' lang='lat' dir='ltr'>Guelf.</span> 
     </span>
     <span class='ocr_line' id='line_1_36' title="bbox 255 3266 1319 3329; baseline 0.003 -17"><span class='ocrx_word' id='word_1_302' title='bbox 255 3283 299 3328; x_wconf 79' lang='lat' dir='ltr'>qne</span> <span class='ocrx_word' id='word_1_303' title='bbox 310 3267 443 3328; x_wconf 65' lang='lat' dir='ltr'>prasidio?</span> <span class='ocrx_word' id='word_1_304' title='bbox 460 3267 494 3313; x_wconf 83' lang='lat' dir='ltr'>ita</span> <span class='ocrx_word' id='word_1_305' title='bbox 508 3267 571 3313; x_wconf 90' lang='lat' dir='ltr'>enim</span> <span class='ocrx_word' id='word_1_306' title='bbox 583 3266 717 3329; x_wconf 82' lang='lat' dir='ltr'>Eutropius,</span> <span class='ocrx_word' id='word_1_307' title='bbox 728 3266 771 3329; x_wconf 90' lang='lat' dir='ltr'>qni</span> <span class='ocrx_word' id='word_1_308' title='bbox 803 3267 887 3323; x_wconf 73' lang='lat' dir='ltr'>(Buri)</span> <span class='ocrx_word' id='word_1_309' title='bbox 904 3267 956 3315; x_wconf 85' lang='lat' dir='ltr'>edd.</span> <span class='ocrx_word' id='word_1_310' title='bbox 976 3275 1029 3315; x_wconf 81' lang='lat' dir='ltr'>ante</span> <span class='ocrx_word' id='word_1_311' title='bbox 1047 3267 1122 3315; x_wconf 87' lang='lat' dir='ltr'>Rhen.</span> <span class='ocrx_word' id='word_1_312' title='bbox 1137 3274 1233 3328; x_wconf 82' lang='lat' dir='ltr'>persta,</span> <span class='ocrx_word' id='word_1_313' title='bbox 1251 3268 1319 3315; x_wconf 77' lang='lat' dir='ltr'>male.</span> 
     </span>
     <span class='ocr_line' id='line_1_37' title="bbox 255 3324 1319 3394; baseline 0 -15"><span class='ocrx_word' id='word_1_314' title='bbox 255 3348 297 3379; x_wconf 84' lang='lat' dir='ltr'>sua</span> <span class='ocrx_word' id='word_1_315' title='bbox 306 3332 364 3378; x_wconf 90' lang='lat' dir='ltr'>solet</span> <span class='ocrx_word' id='word_1_316' title='bbox 372 3324 400 3379; x_wconf 77' lang='lat' dir='ltr'>ex</span> <span class='ocrx_word' id='word_1_317' title='bbox 410 3330 548 3393; x_wconf 86' lang='lat' dir='ltr'>Tranquillo</span> <span class='ocrx_word' id='word_1_318' title='bbox 559 3330 697 3377; x_wconf 86' lang='lat' dir='ltr'>describere:</span> <span class='ocrx_word' id='word_1_319' title='bbox 717 3333 772 3377; x_wconf 78' lang='lat' dir='ltr'>Ec·</span> <span class='ocrx_word' id='word_1_320' title='bbox 803 3331 835 3378; x_wconf 92' lang='lat' dir='ltr'>V.</span> <span class='ocrx_word' id='word_1_321' title='bbox 848 3332 1000 3390; x_wconf 64' lang='lat' dir='ltr'>adalae.</span> <span class='ocrx_word' id='word_1_322' title='bbox 1024 3332 1319 3394; x_wconf 84' lang='lat' dir='ltr'>Exingeniobenecorre·</span> 
     </span>
     <span class='ocr_line' id='line_1_38' title="bbox 253 3396 1320 3457; baseline -0.003 -13"><span class='ocrx_word' id='word_1_323' title='bbox 253 3399 346 3444; x_wconf 75' lang='lat' dir='ltr'>attractis</span> <span class='ocrx_word' id='word_1_324' title='bbox 369 3397 484 3443; x_wconf 84' lang='lat' dir='ltr'>Roruunis</span> <span class='ocrx_word' id='word_1_325' title='bbox 501 3397 628 3457; x_wconf 68' lang='lat' dir='ltr'>praesidiis,</span> <span class='ocrx_word' id='word_1_326' title='bbox 652 3396 770 3457; x_wconf 84' lang='lat' dir='ltr'>Legatum</span> <span class='ocrx_word' id='word_1_327' title='bbox 803 3397 984 3444; x_wconf 82' lang='lat' dir='ltr'>xitRhenanus.</span> <span class='ocrx_word' id='word_1_328' title='bbox 1015 3396 1077 3443; x_wconf 86' lang='lat' dir='ltr'>Mox</span> <span class='ocrx_word' id='word_1_329' title='bbox 1094 3404 1117 3443; x_wconf 88' lang='lat' dir='ltr'>et</span> <span class='ocrx_word' id='word_1_330' title='bbox 1131 3404 1173 3443; x_wconf 85' lang='lat' dir='ltr'>aut</span> <span class='ocrx_word' id='word_1_331' title='bbox 1187 3396 1238 3442; x_wconf 89' lang='lat' dir='ltr'>tolli</span> <span class='ocrx_word' id='word_1_332' title='bbox 1252 3404 1276 3442; x_wconf 90' lang='lat' dir='ltr'>et</span> <span class='ocrx_word' id='word_1_333' title='bbox 1289 3396 1320 3442; x_wconf 83' lang='lat' dir='ltr'>ad</span> 
     </span>
     <span class='ocr_line' id='line_1_39' title="bbox 255 3456 1320 3523; baseline -0.001 -16"><span class='ocrx_word' id='word_1_334' title='bbox 255 3476 344 3523; x_wconf 75' lang='lat' dir='ltr'>quoque</span> <span class='ocrx_word' id='word_1_335' title='bbox 355 3463 435 3523; x_wconf 78' lang='lat' dir='ltr'>Syriae</span> <span class='ocrx_word' id='word_1_336' title='bbox 442 3463 559 3523; x_wconf 83' lang='lat' dir='ltr'>suppetias</span> <span class='ocrx_word' id='word_1_337' title='bbox 562 3462 690 3523; x_wconf 73' lang='lat' dir='ltr'>firmiteta,</span> <span class='ocrx_word' id='word_1_338' title='bbox 702 3466 772 3521; x_wconf 83' lang='lat' dir='ltr'>rapta</span> <span class='ocrx_word' id='word_1_339' title='bbox 803 3462 923 3523; x_wconf 82' lang='lat' dir='ltr'>sequentia</span> <span class='ocrx_word' id='word_1_340' title='bbox 937 3460 1001 3521; x_wconf 86' lang='lat' dir='ltr'>rejici</span> <span class='ocrx_word' id='word_1_341' title='bbox 1017 3460 1067 3508; x_wconf 87' lang='lat' dir='ltr'>vult</span> <span class='ocrx_word' id='word_1_342' title='bbox 1082 3459 1262 3517; x_wconf 84' lang='lat' dir='ltr'>Freinshemius,</span> <span class='ocrx_word' id='word_1_343' title='bbox 1278 3456 1320 3506; x_wconf 77' lang='lat' dir='ltr'>au&#39;t</span> 
     </span>
     <span class='ocr_line' id='line_1_40' title="bbox 254 3523 1319 3589; baseline -0.001 -17"><span class='ocrx_word' id='word_1_344' title='bbox 254 3528 334 3587; x_wconf 77' lang='lat' dir='ltr'>aqrtiiu</span> <span class='ocrx_word' id='word_1_345' title='bbox 342 3527 473 3589; x_wconf 80' lang='lat' dir='ltr'>fugarunt.</span> <span class='ocrx_word' id='word_1_346' title='bbox 506 3526 567 3572; x_wconf 91' lang='lat' dir='ltr'>Sunt</span> <span class='ocrx_word' id='word_1_347' title='bbox 585 3524 643 3588; x_wconf 86' lang='lat' dir='ltr'>ipsa,</span> <span class='ocrx_word' id='word_1_348' title='bbox 660 3533 687 3570; x_wconf 89' lang='lat' dir='ltr'>ut</span> <span class='ocrx_word' id='word_1_349' title='bbox 698 3524 770 3579; x_wconf 86' lang='lat' dir='ltr'>vides,</span> <span class='ocrx_word' id='word_1_350' title='bbox 803 3525 923 3573; x_wconf 82' lang='lat' dir='ltr'>muteriin</span> <span class='ocrx_word' id='word_1_351' title='bbox 939 3532 974 3572; x_wconf 83' lang='lat' dir='ltr'>ut.</span> <span class='ocrx_word' id='word_1_352' title='bbox 1007 3524 1073 3571; x_wconf 92' lang='lat' dir='ltr'>Illud</span> <span class='ocrx_word' id='word_1_353' title='bbox 1082 3525 1175 3581; x_wconf 88' lang='lat' dir='ltr'>melius,</span> <span class='ocrx_word' id='word_1_354' title='bbox 1191 3523 1319 3571; x_wconf 84' lang='lat' dir='ltr'>sedtameu</span> 
     </span>
     <span class='ocr_line' id='line_1_41' title="bbox 255 3589 1319 3654; baseline -0.001 -17"><span class='ocrx_word' id='word_1_355' title='bbox 255 3590 395 3654; x_wconf 84' lang='lat' dir='ltr'>Tranquilli.</span> <span class='ocrx_word' id='word_1_356' title='bbox 406 3589 772 3649; x_wconf 77' lang='lat' dir='ltr'>Anserins,GcssiamqucProe-</span> <span class='ocrx_word' id='word_1_357' title='bbox 803 3604 850 3637; x_wconf 88' lang='lat' dir='ltr'>non</span> <span class='ocrx_word' id='word_1_358' title='bbox 861 3590 1020 3637; x_wconf 84' lang='lat' dir='ltr'>necessarium.</span> <span class='ocrx_word' id='word_1_359' title='bbox 1036 3589 1089 3637; x_wconf 78' lang='lat' dir='ltr'>niv.</span> <span class='ocrx_word' id='word_1_360' title='bbox 1104 3591 1129 3647; x_wconf 84' lang='lat'>2,</span> <span class='ocrx_word' id='word_1_361' title='bbox 1141 3591 1180 3635; x_wconf 75' lang='lat'>52.</span> <span class='ocrx_word' id='word_1_362' title='bbox 1198 3589 1251 3634; x_wconf 82' lang='lat' dir='ltr'>urii</span> <span class='ocrx_word' id='word_1_363' title='bbox 1265 3604 1319 3636; x_wconf 79' lang='lat' dir='ltr'>cum</span> 
     </span>
     <span class='ocr_line' id='line_1_42' title="bbox 250 3654 1320 3716; baseline 0 -15"><span class='ocrx_word' id='word_1_364' title='bbox 250 3656 376 3715; x_wconf 71' lang='lat' dir='ltr'>positum?</span> <span class='ocrx_word' id='word_1_365' title='bbox 393 3654 469 3702; x_wconf 92' lang='lat' dir='ltr'>uthoc</span> <span class='ocrx_word' id='word_1_366' title='bbox 476 3654 545 3713; x_wconf 87' lang='lat' dir='ltr'>dicat,</span> <span class='ocrx_word' id='word_1_367' title='bbox 555 3655 773 3702; x_wconf 81' lang='lat' dir='ltr'>GessiumFlorurrr</span> <span class='ocrx_word' id='word_1_368' title='bbox 799 3669 858 3716; x_wconf 81' lang='lat' dir='ltr'>poce</span> <span class='ocrx_word' id='word_1_369' title='bbox 868 3657 940 3701; x_wconf 82' lang='lat' dir='ltr'>etiam</span> <span class='ocrx_word' id='word_1_370' title='bbox 949 3656 1026 3701; x_wconf 75' lang='lat' dir='ltr'>laxior</span> <span class='ocrx_word' id='word_1_371' title='bbox 1035 3669 1126 3702; x_wconf 77' lang='lat' dir='ltr'>ennam</span> <span class='ocrx_word' id='word_1_372' title='bbox 1135 3654 1212 3699; x_wconf 80' lang='lat' dir='ltr'>rediit.</span> <span class='ocrx_word' id='word_1_373' title='bbox 1232 3654 1320 3701; x_wconf 84' lang='lat' dir='ltr'>Abesse</span> 
     </span>
     <span class='ocr_line' id='line_1_43' title="bbox 256 3715 1319 3782; baseline 0.002 -17"><span class='ocrx_word' id='word_1_374' title='bbox 256 3718 290 3771; x_wconf 77' lang='lat' dir='ltr'>tid</span> <span class='ocrx_word' id='word_1_375' title='bbox 307 3719 328 3765; x_wconf 93' lang='lat' dir='ltr'>ei</span> <span class='ocrx_word' id='word_1_376' title='bbox 345 3718 440 3779; x_wconf 91' lang='lat' dir='ltr'>nomen)</span> <span class='ocrx_word' id='word_1_377' title='bbox 456 3718 573 3781; x_wconf 87' lang='lat' dir='ltr'>fugatum,</span> <span class='ocrx_word' id='word_1_378' title='bbox 590 3734 617 3766; x_wconf 86' lang='lat' dir='ltr'>sc</span> <span class='ocrx_word' id='word_1_379' title='bbox 632 3726 684 3765; x_wconf 91' lang='lat' dir='ltr'>tum</span> <span class='ocrx_word' id='word_1_380' title='bbox 701 3718 772 3765; x_wconf 84' lang='lat' dir='ltr'>etiam</span> <span class='ocrx_word' id='word_1_381' title='bbox 803 3730 827 3768; x_wconf 90' lang='lat' dir='ltr'>et</span> <span class='ocrx_word' id='word_1_382' title='bbox 842 3719 880 3766; x_wconf 90' lang='lat' dir='ltr'>hic</span> <span class='ocrx_word' id='word_1_383' title='bbox 893 3728 970 3782; x_wconf 85' lang='lat' dir='ltr'>posset</span> <span class='ocrx_word' id='word_1_384' title='bbox 982 3722 1070 3766; x_wconf 81' lang='lat' dir='ltr'>etium.-</span> <span class='ocrx_word' id='word_1_385' title='bbox 1087 3718 1127 3767; x_wconf 91' lang='lat' dir='ltr'>sed</span> <span class='ocrx_word' id='word_1_386' title='bbox 1139 3715 1258 3781; x_wconf 85' lang='lat' dir='ltr'>propterea</span> <span class='ocrx_word' id='word_1_387' title='bbox 1272 3733 1319 3767; x_wconf 86' lang='lat' dir='ltr'>nott</span> 
     </span>
     <span class='ocr_line' id='line_1_44' title="bbox 256 3782 1318 3845; baseline -0.003 -14"><span class='ocrx_word' id='word_1_388' title='bbox 256 3782 359 3831; x_wconf 84' lang='lat' dir='ltr'>Cestium</span> <span class='ocrx_word' id='word_1_389' title='bbox 376 3784 492 3831; x_wconf 85' lang='lat' dir='ltr'>Gallum?</span> <span class='ocrx_word' id='word_1_390' title='bbox 513 3784 647 3845; x_wconf 87' lang='lat' dir='ltr'>interpretes</span> <span class='ocrx_word' id='word_1_391' title='bbox 664 3782 723 3829; x_wconf 91' lang='lat' dir='ltr'>nihil</span> <span class='ocrx_word' id='word_1_392' title='bbox 733 3782 771 3831; x_wconf 91' lang='lat' dir='ltr'>hic</span> <span class='ocrx_word' id='word_1_393' title='bbox 803 3784 911 3831; x_wconf 83' lang='lat' dir='ltr'>vitiosum</span> <span class='ocrx_word' id='word_1_394' title='bbox 922 3793 963 3831; x_wconf 87' lang='lat' dir='ltr'>est.</span> <span class='ocrx_word' id='word_1_395' title='bbox 975 3783 1040 3840; x_wconf 81' lang='lat' dir='ltr'>Infra</span> <span class='ocrx_word' id='word_1_396' title='bbox 1048 3783 1100 3831; x_wconf 81' lang='lat' dir='ltr'>edd.</span> <span class='ocrx_word' id='word_1_397' title='bbox 1110 3792 1163 3829; x_wconf 88' lang='lat' dir='ltr'>ante</span> <span class='ocrx_word' id='word_1_398' title='bbox 1171 3783 1237 3830; x_wconf 86' lang='lat' dir='ltr'>Pich.</span> <span class='ocrx_word' id='word_1_399' title='bbox 1247 3783 1318 3833; x_wconf 87' lang='lat' dir='ltr'>MSS.</span> 
     </span>
     <span class='ocr_line' id='line_1_45' title="bbox 256 3846 1319 3912; baseline 0 -18"><span class='ocrx_word' id='word_1_400' title='bbox 256 3862 299 3909; x_wconf 90' lang='lat' dir='ltr'>pro</span> <span class='ocrx_word' id='word_1_401' title='bbox 313 3847 442 3894; x_wconf 77' lang='lat' dir='ltr'>sedicunt:</span> <span class='ocrx_word' id='word_1_402' title='bbox 461 3856 487 3895; x_wconf 88' lang='lat' dir='ltr'>tu</span> <span class='ocrx_word' id='word_1_403' title='bbox 502 3849 558 3895; x_wconf 87' lang='lat' dir='ltr'>serie</span> <span class='ocrx_word' id='word_1_404' title='bbox 573 3846 727 3905; x_wconf 84' lang='lat' dir='ltr'>historiarum,</span> <span class='ocrx_word' id='word_1_405' title='bbox 739 3848 773 3895; x_wconf 90' lang='lat' dir='ltr'>le·</span> <span class='ocrx_word' id='word_1_406' title='bbox 803 3849 864 3912; x_wconf 84' lang='lat' dir='ltr'>Agr.</span> <span class='ocrx_word' id='word_1_407' title='bbox 875 3849 954 3897; x_wconf 81' lang='lat' dir='ltr'>Guelf.</span> <span class='ocrx_word' id='word_1_408' title='bbox 964 3850 1036 3896; x_wconf 74' lang='lat' dir='ltr'>utile.</span> <span class='ocrx_word' id='word_1_409' title='bbox 1062 3848 1124 3896; x_wconf 81' lang='lat' dir='ltr'>Flos.</span> <span class='ocrx_word' id='word_1_410' title='bbox 1141 3848 1228 3911; x_wconf 84' lang='lat' dir='ltr'>(Bud.)</span> <span class='ocrx_word' id='word_1_411' title='bbox 1245 3851 1319 3897; x_wconf 79' lang='lat' dir='ltr'>utilis.</span> 
     </span>
     <span class='ocr_line' id='line_1_46' title="bbox 255 3910 1142 3971; baseline 0.002 -12"><span class='ocrx_word' id='word_1_412' title='bbox 255 3920 309 3965; x_wconf 88' lang='lat' dir='ltr'>ctor‚</span> <span class='ocrx_word' id='word_1_413' title='bbox 325 3912 442 3959; x_wconf 83' lang='lat' dir='ltr'>arbitrare.</span> <span class='ocrx_word' id='word_1_414' title='bbox 460 3911 534 3959; x_wconf 76' lang='lat' dir='ltr'>lues.</span> <span class='ocrx_word' id='word_1_415' title='bbox 558 3910 619 3961; x_wconf 87' lang='lat' dir='ltr'>Vide</span> <span class='ocrx_word' id='word_1_416' title='bbox 634 3912 694 3959; x_wconf 83' lang='lat' dir='ltr'>dicta</span> <span class='ocrx_word' id='word_1_417' title='bbox 708 3927 772 3959; x_wconf 86' lang='lat' dir='ltr'>ame</span> <span class='ocrx_word' id='word_1_418' title='bbox 803 3913 875 3961; x_wconf 80' lang='lat' dir='ltr'>Enn-</span> <span class='ocrx_word' id='word_1_419' title='bbox 1120 3940 1142 3971; x_wconf 48' lang='grc' dir='ltr'>ι,</span> 
     </span>
     <span class='ocr_line' id='line_1_47' title="bbox 256 3975 1121 4042; baseline 0 -18"><span class='ocrx_word' id='word_1_420' title='bbox 256 3976 374 4025; x_wconf 78' lang='lat' dir='ltr'>asliacum</span> <span class='ocrx_word' id='word_1_421' title='bbox 385 3976 497 4034; x_wconf 85' lang='lat' dir='ltr'>Suetonii,</span> <span class='ocrx_word' id='word_1_422' title='bbox 508 3976 623 4039; x_wconf 72' lang='lat' dir='ltr'>itemque</span> <span class='ocrx_word' id='word_1_423' title='bbox 631 3975 772 4025; x_wconf 87' lang='lat' dir='ltr'>Dukerusct</span> <span class='ocrx_word' id='word_1_424' title='bbox 811 4013 814 4018; x_wconf 83' lang='lat'><em>-</em></span> <span class='ocrx_word' id='word_1_425' title='bbox 840 3980 884 4026; x_wconf 83' lang='lat' dir='ltr'>Uti</span> <span class='ocrx_word' id='word_1_426' title='bbox 893 3979 1010 4042; x_wconf 76' lang='lat' dir='ltr'>dicimus]</span> <span class='ocrx_word' id='word_1_427' title='bbox 1028 3978 1086 4041; x_wconf 83' lang='lat' dir='ltr'>Cap.</span> <span class='ocrx_word' id='word_1_428' title='bbox 1099 3979 1121 4025; x_wconf 86' lang='lat' dir='ltr'>l.</span> 
     </span>
     <span class='ocr_line' id='line_1_48' title="bbox 257 4040 1320 4107; baseline -0.002 -18"><span class='ocrx_word' id='word_1_429' title='bbox 257 4040 444 4103; x_wconf 84' lang='lat' dir='ltr'>Oudendorpius.</span> <span class='ocrx_word' id='word_1_430' title='bbox 463 4040 534 4088; x_wconf 71' lang='lat' dir='ltr'>Euri.</span> <span class='ocrx_word' id='word_1_431' title='bbox 562 4040 771 4102; x_wconf 83' lang='lat' dir='ltr'>Lipsiiuotam‚in</span> <span class='ocrx_word' id='word_1_432' title='bbox 836 4045 955 4104; x_wconf 76' lang='lat' dir='ltr'>Ambigua</span> <span class='ocrx_word' id='word_1_433' title='bbox 964 4045 1075 4107; x_wconf 80' lang='lat' dir='ltr'>certavit]</span> <span class='ocrx_word' id='word_1_434' title='bbox 1091 4044 1162 4092; x_wconf 83' lang='lat' dir='ltr'>Serus</span> <span class='ocrx_word' id='word_1_435' title='bbox 1172 4044 1222 4091; x_wconf 84' lang='lat' dir='ltr'>Jos.</span> <span class='ocrx_word' id='word_1_436' title='bbox 1233 4040 1274 4103; x_wconf 89' lang='lat' dir='ltr'>qui</span> <span class='ocrx_word' id='word_1_437' title='bbox 1287 4042 1320 4088; x_wconf 85' lang='lat' dir='ltr'>B.</span> 
     </span>
     <span class='ocr_line' id='line_1_49' title="bbox 257 4104 1318 4173; baseline -0.001 -22"><span class='ocrx_word' id='word_1_438' title='bbox 257 4106 328 4152; x_wconf 84' lang='lat' dir='ltr'>Gran.</span> <span class='ocrx_word' id='word_1_439' title='bbox 349 4104 486 4155; x_wconf 83' lang='lat' dir='ltr'>editionibus</span> <span class='ocrx_word' id='word_1_440' title='bbox 498 4120 575 4153; x_wconf 82' lang='lat' dir='ltr'>versus</span> <span class='ocrx_word' id='word_1_441' title='bbox 591 4104 664 4153; x_wconf 89' lang='lat' dir='ltr'>finem</span> <span class='ocrx_word' id='word_1_442' title='bbox 678 4112 771 4153; x_wconf 71' lang='lat' dir='ltr'>nunca-</span> <span class='ocrx_word' id='word_1_443' title='bbox 802 4106 862 4155; x_wconf 87' lang='lat' dir='ltr'>Jud.</span> <span class='ocrx_word' id='word_1_444' title='bbox 873 4111 897 4166; x_wconf 81' lang='lat'>5,</span> <span class='ocrx_word' id='word_1_445' title='bbox 908 4111 933 4155; x_wconf 83' lang='lat'>2.</span> <span class='ocrx_word' id='word_1_446' title='bbox 943 4108 1015 4157; x_wconf 86' lang='lat' dir='ltr'>ferme</span> <span class='ocrx_word' id='word_1_447' title='bbox 1022 4123 1156 4173; x_wconf 85' lang='lat' dir='ltr'>oppressum</span> <span class='ocrx_word' id='word_1_448' title='bbox 1166 4105 1318 4153; x_wconf 83' lang='lat' dir='ltr'>Titumetle-</span> 
     </span>
     <span class='ocr_line' id='line_1_50' title="bbox 257 4169 1319 4235; baseline -0.003 -19"><span class='ocrx_word' id='word_1_449' title='bbox 257 4177 313 4222; x_wconf 83' lang='lat' dir='ltr'>tarn,</span> <span class='ocrx_word' id='word_1_450' title='bbox 324 4169 449 4233; x_wconf 81' lang='lat' dir='ltr'>integritati</span> <span class='ocrx_word' id='word_1_451' title='bbox 459 4185 507 4217; x_wconf 77' lang='lat' dir='ltr'>sua</span> <span class='ocrx_word' id='word_1_452' title='bbox 517 4170 612 4217; x_wconf 83' lang='lat' dir='ltr'>restittri.</span> <span class='ocrx_word' id='word_1_453' title='bbox 803 4172 895 4235; x_wconf 56' lang='lat' dir='ltr'>monem</span> <span class='ocrx_word' id='word_1_454' title='bbox 906 4172 1020 4221; x_wconf 86' lang='lat' dir='ltr'>decimam</span> <span class='ocrx_word' id='word_1_455' title='bbox 1031 4175 1110 4221; x_wconf 82' lang='lat' dir='ltr'>cestris</span> <span class='ocrx_word' id='word_1_456' title='bbox 1123 4169 1216 4234; x_wconf 78' lang='lat' dir='ltr'>pulsam</span> <span class='ocrx_word' id='word_1_457' title='bbox 1229 4183 1319 4215; x_wconf 78' lang='lat' dir='ltr'>meino-</span> 
     </span>
     <span class='ocr_line' id='line_1_51' title="bbox 289 4234 847 4299; baseline 0.007 -19"><span class='ocrx_word' id='word_1_458' title='bbox 289 4234 522 4299; x_wconf 80' lang='lat' dir='ltr'>Adversaescepcrs]</span> <span class='ocrx_word' id='word_1_459' title='bbox 534 4234 591 4286; x_wconf 82' lang='lat' dir='ltr'>Cod.</span> <span class='ocrx_word' id='word_1_460' title='bbox 599 4234 662 4282; x_wconf 77' lang='lat' dir='ltr'>Buri</span> <span class='ocrx_word' id='word_1_461' title='bbox 673 4236 771 4283; x_wconf 84' lang='lat' dir='ltr'>aduersa</span> <span class='ocrx_word' id='word_1_462' title='bbox 803 4244 847 4284; x_wconf 79' lang='lat' dir='ltr'>rat.</span> 
     </span>
     <span class='ocr_line' id='line_1_52' title="bbox 257 4295 1319 4364; baseline 0 -19"><span class='ocrx_word' id='word_1_463' title='bbox 257 4301 368 4359; x_wconf 73' lang='lat' dir='ltr'>excipere.</span> <span class='ocrx_word' id='word_1_464' title='bbox 380 4298 425 4347; x_wconf 85' lang='lat' dir='ltr'>Ed.</span> <span class='ocrx_word' id='word_1_465' title='bbox 433 4315 469 4363; x_wconf 86' lang='lat' dir='ltr'>pr.</span> <span class='ocrx_word' id='word_1_466' title='bbox 480 4302 589 4364; x_wconf 78' lang='lat' dir='ltr'>accipere.</span> <span class='ocrx_word' id='word_1_467' title='bbox 604 4298 675 4349; x_wconf 83' lang='lat' dir='ltr'>Ean.</span> <span class='ocrx_word' id='word_1_468' title='bbox 693 4301 770 4349; x_wconf 77' lang='lat' dir='ltr'>Rhen-</span> <span class='ocrx_word' id='word_1_469' title='bbox 835 4304 887 4349; x_wconf 86' lang='lat' dir='ltr'>Per</span> <span class='ocrx_word' id='word_1_470' title='bbox 897 4312 972 4352; x_wconf 82' lang='lat' dir='ltr'>ortem</span> <span class='ocrx_word' id='word_1_471' title='bbox 983 4302 1082 4364; x_wconf 73' lang='lat' dir='ltr'>obliqui]</span> <span class='ocrx_word' id='word_1_472' title='bbox 1095 4299 1218 4347; x_wconf 62' lang='lat' dir='ltr'>&amp;donem</span> <span class='ocrx_word' id='word_1_473' title='bbox 1224 4295 1264 4345; x_wconf 83' lang='lat' dir='ltr'>dat</span> <span class='ocrx_word' id='word_1_474' title='bbox 1270 4296 1319 4345; x_wconf 82' lang='lat' dir='ltr'>Ve-</span> 
     </span>
     <span class='ocr_line' id='line_1_53' title="bbox 257 4363 919 4429; baseline 0.006 -20"><span class='ocrx_word' id='word_1_475' title='bbox 257 4363 354 4411; x_wconf 83' lang='lat' dir='ltr'>correxit</span> <span class='ocrx_word' id='word_1_476' title='bbox 364 4363 462 4426; x_wconf 87' lang='lat' dir='ltr'>ingenio.</span> <span class='ocrx_word' id='word_1_477' title='bbox 803 4375 849 4429; x_wconf 79' lang='lat' dir='ltr'>get.</span> <span class='ocrx_word' id='word_1_478' title='bbox 861 4370 886 4427; x_wconf 76' lang='lat'>4,</span> <span class='ocrx_word' id='word_1_479' title='bbox 895 4370 919 4414; x_wconf 79' lang='lat'>2.</span> 
     </span>
    </p>
   </div>
   <div class='ocr_carea' id='block_1_6' title="bbox 0 0 1544 4975">
    <p class='ocr_par' dir='ltr' id='par_1_6' title="bbox 0 0 1544 4975">
     <span class='ocr_line' id='line_1_54' title="bbox 0 0 1544 4975; baseline 0 0"><span class='ocrx_word' id='word_1_480' title='bbox 0 0 1544 4975; x_wconf 95' lang='lat' dir='ltr'> </span> 
     </span>
    </p>
   </div>
  </div>
 </body>
</html>
