3059 4975
205 237 224 293 8
601 231 907 295 HISTORIARUM
1124 234 1173 307 [Α.
1188 251 1217 293 o.
1231 236 1301 295 822.

207 398 336 463 thorum
357 419 453 477 ernis,
475 396 546 462 fulsi
565 397 700 464 Neronis
720 397 865 463 ludibrio.
884 404 897 419 ·’
909 396 983 463 «lum
1005 418 1079 463 vero
1097 396 1192 461 italis
1213 396 1304 463 novis

208 483 359 562 cladibus,
373 482 423 547 vel
437 504 508 571 post
526 481 652 569 longam
668 484 855 547 saeculorum
874 481 982 547 seriem
999 482 1148 570 repetitis,
1169 482 1303 547 adflicto.

210 572 347 635 Haustae
361 581 417 634 aut
430 570 552 634 obrutae
565 569 669 645 urbes,
682 568 901 634 fecundissima
913 570 990 635 Cam
1015 568 1095 633 aniae
1108 592 1171 633 ora.
1216 570 1306 635 Urbs

210 655 359 721 incendiis
373 657 504 733 vestare,
518 655 709 741 consumptis
723 652 943 741 antiquissimis
961 592 1110 733 delubris
1125 654 1193 741 ipso
1209 654 1307 741 Cepi·

211 738 286 805 tolio
296 740 411 804 civium
426 740 570 805 menibus
578 739 720 806 incenso:
735 736 1074 828 pollutaecaerimoniae:
1091 762 1206 827 magns
1216 739 1306 803 adul-

211 827 307 891 teria:
330 825 459 913 plenum
473 825 587 891 exsiliis
602 848 703 891 mare:
726 825 833 890 infecti
846 825 984 889 caedibus
999 824 1126 912 scopuli.
1155 825 1306 890 Atrocius

212 912 244 975 in
259 914 338 976 urbe
351 911 505 975 saevitum.
549 910 718 988 Nobilitas,
729 935 815 998 opes,
830 910 933 974 omissi
944 911 1089 998 ‘gestique
1102 910 1234 975 honores
1247 932 1306 997 pro

212 997 352 1075 crimine,
364 1010 395 1061 et
405 999 446 1061 ob
458 997 588 1076 virtutes
598 998 802 1061 certissimum
813 995 954 1060 exitium.
984 1000 1051 1061 Nec
1062 996 1164 1060 minus
1178 996 1307 1082 praemie

214 1082 392 1149 delatorum
412 1082 521 1159 invisa,
544 1104 641 1168 quem
663 1083 795 1157 sceleru3
819 1104 890 1146 cum
912 1080 964 1145 alii
981 1082 1158 1147 Sacerdotis
1179 1095 1210 1145 et
1225 1084 1310 1147 Con-

194 1239 197 1247 ,
215 1168 347 1248 suletus,
363 1181 399 1233 ut
414 1168 521 1257 spolia,
541 1167 657 1255 adepti,
681 1167 920 1233 Procurationes
936 1166 988 1233 alii
1006 1181 1043 1249 et¹
1056 1166 1232 1233 interiorem
1251 1190 1309 1257 po-

269 1368 275 1381 “
312 1367 338 1415 in
351 1381 376 1415 re
390 1365 501 1415 occultius
514 1364 604 1429 aliquid
616 1363 747 1429 designaris
777 1365 907 1428 Campanis
916 1364 1009 1413 luustes
1020 1373 1062 1413 sut
1071 1367 1165 1415 obrutas
1175 1366 1244 1415 urbes
1254 1381 1308 1431 pro·

214 1382 366 1480 illidium
379 1446 404 1479 et
415 1446 490 1478 unum
507 1440 610 1479 montem
625 1430 749 1479 dumtaxat
778 1430 866 1493 digioss
876 1430 917 1478 ills
927 1430 1036 1491 ejectione
1044 1431 1140 1479 Vesuvii
1150 1432 1244 1490 nuntia,
1256 1448 1309 1495 ques

216 1511 247 1559 ap
296 1496 345 1543 'tat
376 1496 507 1558 Aspectum
523 1494 594 1557 igitur
611 1503 703 1558 epoetn
717 1495 748 1543 ad
779 1498 823 1543 sub
838 1495 900 1543 Tito.
933 1496 989 1554 Qua
1004 1494 1052 1543 duo
1067 1494 1153 1558 oppida
1172 1510 1226 1543 cum
1243 1496 1309 1559 pagis

216 1560 237 1608 ri
253 1560 337 1609 endam
348 1568 371 1608 et
385 1560 439 1607 miri
451 1559 550 1622 stuporis
563 1559 748 1622 superstitionem
778 1560 859 1607 multis
869 1562 959 1618 obmte,
972 1559 1146 1607 Herculaneum
1157 1568 1179 1607 et
1191 1560 1306 1622 Pompeii,

217 1625 350 1682 Dacorum
362 1625 447 1687 quibus
456 1622 683 1671 Sacerdosinmonte
690 1639 749 1689 quo·
779 1623 836 1687 quin
854 1624 894 1671 ille
915 1624 964 1687 ipse
985 1624 1083 1671 Nemee
1104 1638 1203 1686 magnus
1224 1632 1311 1687 mystes

217 1688 749 1753 piemDeushabebatur,etmousipsesacer.
779 1687 959 1751 Pliniusperiit
975 1688 1055 1735 eodem
1074 1702 1136 1735 easu.
1174 1688 1262 1737 Statius
1280 1688 1310 1737 de

217 1754 301 1802 Strabo
312 1753 337 1813 7,
348 1770 372 1816 p·
385 1755 441 1801 298.
475 1752 539 1815 Herpis
554 1752 576 1799 ii
590 1755 636 1805 τοῖς
650 1751 750 1806 l'e'susci
778 1750 860 1801 littere
876 1752 992 1815 eleganter
1007 1752 1064 1801 Silv.
1081 1753 1106 1810 4,
1123 1753 1147 1811 4,
1165 1752 1204 1801 81.
1237 1754 1311 1801 Mira

218 1819 287 1878 lipsi:
295 1816 486 1873 ὠνομάζιτοθιὸς,
498 1816 534 1861 sal
545 1819 570 1864 τὸ
581 1816 748 1881 ὅροςὺπιλήφθη
772 1818 850 1879 stdes!
868 1818 974 1864 credetne
988 1818 1068 1863 nisum
1080 1822 1179 1863 vesituru
1192 1832 1309 1880 propago,

219 1884 281 1941 lepte.
294 1879 329 1927 sal
338 1881 530 1942 προσαγορεύουσιν
542 1880 616 1933 οὕτως.
640 1881 676 1927 At
685 1880 749 1929 enim
782 1883 845 1929 Cum
860 1888 944 1941 segetes
960 1882 1055 1935 iterum.
1073 1896 1127 1928 eusn
1136 1884 1191 1943 jem
1207 1882 1255 1929 boc
1271 1884 1311 1929 de-

218 1944 249 1994 da
260 1944 373 1994 Getishoc
381 1944 519 1993 Straboites
531 1943 572 1993 sed
582 1954 608 1993 tu
618 1944 688 2002 disce,
701 1944 749 1993 Ge·
779 1951 843 1993 serta
860 1947 976 2005 virebant,
996 1946 1069 2009 Infia
1085 1946 1152 2010 urbes
1164 1948 1310 2009 populosque

219 2019 297 2058 tarum
318 2010 432 2074 populum
452 2009 529 2056 Dacos
546 2025 603 2063 esse,
622 2025 652 2057 ex
672 2008 749 2057 Dione
774 2008 876 2072 premii
896 2009 985 2071 Tangit
994 2018 1018 2057 et
1029 2010 1167 2058 Plutarchus
1175 2011 1204 2059 de
1213 2009 1259 2071 his,
1269 2012 1311 2075 qui

219 2074 261 2134 51,
273 2076 474 2122 22.etStrabone
486 2072 537 2134 ipso
547 2074 635 2121 statim.
668 2073 749 2121 Etiam
779 2074 1311 2138 seroeNum.pun.c.42.iniis,quaeThe-

219 2140 345 2202 Appienus
362 2138 388 2185 in
407 2137 477 2186 Praef.
497 2137 513 2198 ξ
535 2140 557 2185 «l.
580 2145 653 2194 notet,
677 2138 750 2187 Getes
779 2136 968 2199 spesioreveleta,
982 2137 1023 2185 ubi
1034 2136 1183 2197 stabulens
1193 2140 1310 2201 appellnt:

220 2205 286 2253 ultra
299 2198 444 2253 Danubium
455 2219 470 2248 u
485 2203 601 2250 Rosnunis
613 2203 692 2251 Duces
706 2216 749 2263 up·
780 2202 842 2265 quod
864 2201 925 2249 male
946 2202 1058 2264 interpres
1076 2202 1188 2249 Lesbium
1206 2210 1310 2252 urentem

216 2270 313 2331 peibsri.
334 2266 487 2315 Addoetiem
496 2265 672 2329 Cappadocibus
682 2280 750 2313 mon·
779 2266 854 2313 vertit.
888 2266 933 2324 At,
948 2264 1048 2329 quodin
1066 2265 1149 2314 Tacito
1161 2266 1190 2315 de
1200 2266 1312 2317 incendiis

177 2380 179 2384 ,
219 2341 268 2381 tem
284 2348 327 2395 pro
342 2330 395 2379 Deo
410 2330 488 2378 fuisse.
525 2330 612 2393 Tyrius
627 2330 751 2379 Maximus
780 2330 844 2379 urbis
855 2338 896 2388 est,
908 2330 1010 2393 intellige
1018 2329 1047 2378 de
1057 2330 1163 2394 capitolio
1174 2340 1255 2380 exusto
1266 2336 1311 2382 snb

221 2396 286 2445 Diss·
295 2397 336 2443 38·
366 2394 751 2455 'Opocliunnaiinnscnniosdeessi
781 2394 877 2443 Vitellio
888 2396 923 2454 (3,
935 2394 1021 2455 71.)OE
1035 2394 1064 2443 de
1076 2394 1130 2458 igne
1143 2395 1258 2457 triduano,
1270 2398 1312 2461 qui

219 2460 284 2520 ὅρκος
294 2461 331 2507 ssi
342 2457 444 2519 ἄγαλμα.
461 2458 536 2507 lure.
569 2458 639 2507 Adde
649 2458 750 2508 eundem
781 2460 825 2508 sub
838 2460 901 2508 Tite.
915 2497 917 2502 ,
934 2458 1035 2508 Dionem
1050 2460 1102 2508 vide
1113 2461 1153 2518 66,
1167 2461 1205 2516 17.
1219 2462 1259 2521 66,
1271 2464 1311 2510 24.

221 2525 324 2574 Statium
331 2524 408 2573 Theb.
418 2524 517 2582 1,20.u
525 2526 647 2585 conjurato
655 2526 752 2588 dejectu
782 2524 857 2572 ers.
891 2525 928 2573 Et
940 2525 995 2570 urbs
1011 2539 1053 2572 scr.
1067 2533 1090 2572 et
1104 2525 1155 2572 edd.
1189 2525 1313 2576 Deleverst

222 2592 309 2638 vertice
323 2593 410 2638 Duos.
442 2590 541 2637 Mutua
555 2590 699 2636 cladessrmt
713 2604 752 2636 ac·
782 2589 889 2651 copulem
906 2588 1016 2637 Pichena.
1037 2589 1109 2637 Eun.
1127 2590 1207 2638 Recte.
1239 2591 1277 2640 Sic
1288 2601 1312 2640 et

221 2663 294 2718 cepte
309 2664 333 2703 et
348 2653 426 2701 illatoe.
450 2653 753 2716 Sedv.13urm.u1virg.
782 2653 878 2716 Bipont.
986 2658 988 2664 '

222 2720 255 2768 G.
266 2722 291 2777 2,
302 2719 358 2775 497.
376 2718 447 2765 Eun.
479 2718 551 2766 Getas
560 2735 576 2766 e
586 2715 657 2766 Dacis
669 2719 752 2767 Strebo
817 2717 1076 2780 Pollutoecserisuoniu]
1085 2719 1217 2768 Vestalium
1228 2734 1313 2786 nempe

224 2783 347 2847 distinguit
357 2783 374 2830 l·
386 2783 411 2842 7,
423 2798 447 2844 p·
458 2782 515 2829 304.
540 2782 752 2832 Atnominetenus
783 2781 883 2844 incestis,
902 2799 955 2846 quse
973 2783 1085 2848 protraxit
1104 2783 1252 2832 Domitianus
1271 2802 1313 2850 pe.

221 2845 702 2909 divuweessurefertPlin.l‚12.t2b.)
783 2847 838 2894 riter
852 2856 875 2895 et
891 2847 974 2910 puniit.
1008 2849 1094 2896 Praeter
1108 2847 1225 2897 historicos
1242 2851 1313 2914 Pupi.

255 2916 325 2962 Fnbs
336 2915 444 2961 Neronis
453 2913 567 2976 ludibrio]
577 2911 626 2959 Det
635 2920 659 2959 et
668 2911 752 2976 accipit
784 2911 836 2958 nius
852 2912 938 2971 allusit,
956 2912 997 2976 qui
1013 2921 1194 2976 prospectentem
1210 2913 1313 2962 Domiti.

221 2980 298 3026 lucem
319 2977 443 3027 Suetonius
467 2977 492 3024 in
516 2985 619 3024 extremo
640 2977 750 3025 Nerones
784 2990 856 3024 annm
867 2977 922 3024 facit
932 2975 1029 3036 Silv.¹l,
1045 2977 1183 3034 l,35.-an
1194 2980 1265 3026 tacita
1277 2981 1315 3026 ui-

222 3045 333 3105 Denique
351 3057 406 3090 cnm
421 3048 476 3103 post
492 3043 552 3089 XX
571 3057 653 3099 annm,
675 3043 752 3088 odole-
782 3041 842 3102 gibet
846 3043 903 3104 soce
917 3042 1017 3090 Troicus
1027 3041 1100 3104 ignis,
1112 3041 1191 3102 Atque
1206 3045 1314 3105 explora.

222 3114 300 3155 mente
309 3122 355 3167 me,
367 3107 494 3154 exstitisset
505 3107 602 3166 quidum
613 3107 752 3153 conditionis
785 3111 821 3153 tus
826 3109 881 3168 jans
888 3107 966 3153 brudei
982 3107 1049 3154 Vesta
1059 3106 1189 3154 ministres.
1207 3107 1282 3154 lites.

223 3173 330 3230 incense,
349 3173 391 3233 qui
407 3186 431 3218 se
447 3173 569 3220 Neretum
584 3184 632 3218 esse
648 3171 751 3218 diceret.-
817 3171 1015 3233 Infeeticcedibus
1025 3169 1125 3235 respui]
1136 3170 1152 3216 i.
1164 3187 1184 3219 e.
1195 3171 1278 3220 insulse
1288 3171 1314 3220 in

223 3237 412 3300 tumsnunrubile
423 3249 506 3282 nonu-ss
514 3238 564 3298 ejm
574 3237 639 3296 apud
651 3237 752 3282 Perlbet
786 3233 872 3298 quibus
883 3236 972 3282 exsules
982 3234 1062 3294 eleusi,
1074 3250 1126 3298 qnae
1140 3243 1204 3282 erant
1216 3236 1263 3284 fere
1273 3236 1314 3284 de-

215 3303 283 3365 fuit,
291 3308 318 3349 ut
327 3302 473 3348 uehementer
483 3300 579 3361 arbutus
589 3305 612 3346 et
621 3301 663 3346 uie
674 3301 753 3347 reddi·
786 3306 851 3346 sertae
861 3307 884 3347 et
894 3299 1032 3363 scopulosses
1050 3298 1197 3347 adeesm'usi
1207 3300 1314 3358 subinde,

222 3372 263 3414 ius
281 3368 312 3414 sis
362 3365 419 3412 Post
436 3363 518 3426 viginti
538 3378 619 3422 annos,
636 3362 722 3426 inquit,
739 3379 754 3412 e
786 3363 827 3426 qui
838 3363 929 3412 exsules
939 3362 1087 3421 trucidarent,
1101 3371 1129 3410 ut
1140 3363 1165 3411 in
1179 3365 1314 3414 Annalibus

222 3440 298 3478 morte
321 3429 436 3479 Neronis:
468 3442 522 3490 ergo
539 3427 564 3475 in
583 3427 646 3477 XIV
663 3427 753 3477 Conni·
784 3428 834 3489 jem
845 3427 954 3475 vidimus.
986 3425 1056 3476 Mare
1066 3443 1159 3490 quoque
1171 3437 1225 3490 ante
1235 3429 1264 3476 de
1277 3429 1314 3476 in·

222 3494 274 3542 luu
289 3493 418 3543 Domitiani
433 3492 472 3541 hic
484 3503 568 3540 motus.
585 3493 659 3540 Iure.
692 3493 754 3540 Vide
787 3490 852 3550 sulis,
863 3491 969 3555 inprimis
983 3492 1053 3540 maris
1065 3491 1151 3555 AEgeei,
1168 3493 1315 3558 capiendum.

223 3559 355 3619 inlre2‚8.
390 3558 438 3606 Sed
452 3560 512 3607 bene
525 3557 572 3605 huc
585 3557 611 3604 J.
624 3557 755 3606 Gronovius
787 3555 858 3606 uss.

223 3622 344 3671 adsooedt
356 3623 462 3671 ment.
480 3622 553 3670 Mort.
565 3621 629 3669 Pers.
644 3636 664 3670 e.
675 3622 700 3670 2.
713 3621 755 3670 ubi
826 3621 941 3668 Atrocius
961 3622 988 3669 in
1009 3621 1066 3669 urbe
1089 3621 1222 3684 seruitum]q
1234 3621 1317 3673 Recte.

222 3687 405 3736 luculentissime
414 3702 449 3734 res
459 3700 573 3734 senetur.
590 3685 662 3734 Etru.
788 3683 870 3747 Imago
879 3685 941 3734 enim
952 3686 1045 3734 sevitie
1054 3685 1198 3750 crediumue
1205 3687 1281 3736 multe
1290 3688 1317 3736 in

260 3755 318 3801 Post
333 3754 427 3814 longam
439 3767 458 3798 s.
468 3766 487 3798 s.
498 3751 615 3814 repetitis]
627 3751 684 3798 Jam
694 3749 756 3798 enti.
786 3747 868 3797 insulis
879 3759 902 3798 et
915 3750 1046 3814 provinciis,
1060 3752 1135 3812 major
1146 3749 1170 3797 in
1185 3750 1235 3814 ipse
1251 3754 1316 3800 urbe.

224 3816 337 3879 quissimo
348 3832 397 3865 sevo
407 3815 505 3864 seriirse
515 3814 655 3874 Vesuvium,-
666 3814 703 3862 vel
712 3814 756 3862 viss
781 3813 902 3883 'Egregius
912 3823 990 3862 temen
1001 3824 1023 3864 et
1031 3823 1112 3863 ecutus
1120 3814 1215 3878 quidam
1224 3816 1316 3879 juvenis

224 3880 366 3930 Herculanei
381 3890 405 3929 et
421 3878 582 3942 Pompeiorum
603 3877 694 3935 docent,
710 3894 755 3942 pu·
786 3877 877 3927 mavult
888 3881 913 3926 in
924 3881 982 3927 urbe
991 3881 1123 3928 seruitium.
1143 3879 1219 3930 Iure.

224 3945 317 3993 mimus
332 3944 410 3993 soriis
425 3953 508 3993 strate.
526 3941 756 3994 etwincketmsnn
820 3944 854 3990 Et
865 3945 1001 3992 interiorem
1008 3943 1070 4007 pst]
1097 3943 1172 3992 Video
1182 3944 1316 4010 interpretes

223 4008 250 4056 in
260 4008 383 4058 Sendschr.
395 4025 440 4057 von
454 4008 500 4056 den
512 4007 640 4057 Hercules.
653 4007 754 4056 Entdec·
786 4007 920 4056 recentiores
935 4007 959 4056 in
976 4007 1020 4057 hoc
1034 4009 1127 4057 hredsse
1144 4017 1168 4056 et
1186 4009 1247 4058 mele
1266 4025 1317 4058 ver-

223 4073 328 4136 kungen.
360 4073 492 4132 Hemilton,
507 4082 604 4120 account
615 4071 643 4124 ef
653 4071 692 4120 the
706 4071 754 4120 dis·
787 4071 848 4120 tisse·
871 4075 978 4122 Interior
983 4077 1091 4135 potestis
1102 4082 1136 4121 est
1145 4075 1227 4136 major,
1239 4089 1280 4122 nec
1290 4074 1316 4123 id

224 4137 482 4200 eoveriesstPompeii.
786 4136 884 4185 debebat
894 4137 1000 4200 ignotum
1016 4146 1058 4187 aut
1073 4138 1171 4186 dubium
1187 4153 1241 4187 esee.
1277 4139 1316 4190 sie

256 4205 414 4252 Heustaeuut
424 4202 599 4250 omutaeurbes.
623 4203 754 4250 Fecundis·
786 4201 1124 4260 Ann.15„2.viresintimoe.
1158 4202 1227 4250 Adde
1237 4203 1316 4252 nosin

223 4267 387 4330 sinselverius
397 4266 536 4326 diuinxuis,
545 4267 755 4314 Haustoeautebr.
786 4265 858 4314 clere
875 4265 923 4314 Cic.
940 4265 965 4314 in
981 4283 1004 4317 v.
1020 4269 1129 4317 intimus.
1147 4267 1221 4317 ner.
1251 4261 1316 4320 But.

223 4333 292 4380 urbes
303 4333 478 4395 fieundiesisnn
498 4333 638 4393 Campania
655 4346 713 4379 orne
730 4337 754 4378 et
786 4331 932 4394 bp‘erierssn.
1294 4331 1296 4338 '

223 4397 281 4444 urbs
291 4398 337 4445 irc.
349 4402 448 4446 sunau.
481 4395 512 4445 Id
522 4395 586 4444 enim
596 4395 717 4460 significet,
728 4394 753 4444 in
