3059 4975
1094 70 1126 151 l„

191 224 248 291 tes
565 222 870 286 nrsroamaunr
1063 218 1263 299 (naara

196 434 202 448 »
248 381 363 455 XXV.
390 387 503 476 Vagus
530 386 613 468 inde,
636 410 677 453 an
698 385 828 455 oonsilio
844 386 946 453 Ducis
976 386 1122 453 subditus
1146 408 1264 467 rumor,

194 473 389 539 “advenisse
399 472 606 548 Mucianuma
621 474 776 539 exereitus
789 473 921 538 invicem
931 471 1079 551 salutasse
1087 474 1116 538 :”
1129 473 1265 561 gradum

193 554 346 638 inferunt,
356 559 456 646 quasi
478 560 654 624 recentibus
676 559 800 624 auxiliis
821 558 924 634 aucti3
952 559 1068 624 rariore
1087 560 1155 646 jam
1169 557 1265 625 Vitel-

193 645 350 711 lianorum
368 645 445 723 acie,
465 656 503 709 ut
516 668 608 731 quos,
628 644 716 709 nullo
729 658 859 721 rectore,
880 667 955 709 suus
969 663 1126 731 quemque
1140 645 1265 732 inpetus

195 730 248 797 vel
260 754 359 819 pavor
369 730 564 795 contraheret
577 730 786 795 diduceretve.
832 733 1005 817 Postquam
1017 730 1157 830 inpulsos
1172 730 1266 795 sensit

196 816 370 894 Antonius,
387 816 485 881 denso
503 814 627 903 agmine
642 815 852 881 obturbabat:
875 816 974 881 laxati
995 816 1118 881 ordines
1139 816 1264 881 abrum-

196 909 335 990 p'untur:
358 925 416 966 nec
429 901 552 967 restitui
570 901 707 1001 quivere,
724 900 955 991 inpedientibus
969 901 1117 966 vehiculis
1132 914 1268 966 tormen-

196 989 309 1075 tisque.
340 990 404 1052 Per
416 986 546 1052 limitem
559 1009 620 1051 vroe
633 1001 835 1074 sparguntur,
849 987 1046 1053 consectandi
1059 986 1264 1067 festinatione,

197 1071 338 1139 victores.
382 1073 435 1139 Eo
452 1071 618 1137 notabilior
630 1071 731 1137 coedes
748 1072 821 1151 fuit,
837 1073 912 1159 quia
930 1072 1014 1137 filius
1032 1086 1152 1160 patrem
1171 1074 1265 1138 inter·

196 1160 291 1225 fecit:
323 1181 389 1224 rem
413 1158 610 1244 nominaque,
633 1171 759 1223 auctore
781 1156 931 1245 Vipstano
950 1158 1107 1235 Messalla,
1133 1158 1264 1223 tradam.

196 1245 306 1310 Julius
320 1246 520 1320 Mansuetus,
539 1266 579 1307 ex
603 1242 768 1331 Hispania,
783 1242 904 1330 Rapaci
926 1242 1042 1331 legioni
1060 1243 1197 1322 additus,
1217 1245 1266 1308 in·

196 1332 314 1419 pubem
328 1328 428 1394 filium
438 1328 524 1392 domi
538 1326 687 1414 liquerat:
709 1328 737 1392 is
751 1350 824 1393 mox
835 1327 972 1407 adultus,
987 1328 1068 1392 inter
1079 1328 1265 1415 septimanos

196 1439 217 1480 a
229 1415 333 1481 Galba
346 1413 547 1501 conscriptus,
558 1413 699 1478 oblatum
709 1414 790 1478 forte
803 1425 924 1501 patrem
935 1426 966 1477 et
980 1414 1108 1478 vulnere
1119 1424 1263 1495 stratum,

197 1501 276 1566 dum
296 1498 506 1565 semianimem
530 1510 696 1577 scrutatur,
716 1500 842 1585 agnitus
861 1522 1091 1587 agnoscensque
1108 1510 1139 1563 et
1155 1522 1266 1564 exsan-

196 1608 294 1673 guem
304 1585 478 1672 amplexus,
488 1608 563 1650 voce
574 1584 669 1649 flebili
683 1586 870 1672 precabatur
885 1593 906 1625 “
917 1586 1018 1672 piatos
1031 1584 1129 1672 patris
1139 1586 1263 1666 Manes,

191 1779 342 1833 precaretur,
358 1779 450 1822 rectam
460 1774 573 1835 aspiceret
584 1776 712 1823 Orientem
740 1774 993 1838 prtgamatiumclaaee.
1010 1772 1185 1823 Etsiceenties·
1202 1772 1265 1824 Mox
1367 1770 1369 1784 '

196 1834 296 1885 Latinus
308 1838 408 1887 Pacatus
422 1839 447 1887 in
460 1839 546 1901 Paneg.
558 1839 590 1887 ad
606 1839 714 1888 Theodo-
745 1841 881 1889 obturbabat
891 1841 947 1889 MS.
958 1839 1021 1888 Flor.
1031 1832 1119 1903 (Bud.)
1131 1839 1191 1902 neg.
1202 1840 1262 1903 Agr.

195 1899 257 1947 sium
269 1903 325 1950 ab.
357 1904 428 1951 Nam
438 1909 473 1960 ut,
485 1904 651 1951 divinantes
661 1918 714 1965 ope·
745 1903 798 1951 edd.
809 1920 844 1967 pr.
853 1907 879 1953 J.
888 1906 960 1953 Gran.
970 1912 1050 1953 ceterae
1060 1899 1172 1951 obturbat.
1189 1904 1263 1953 aar.

195 1968 377 2027 rostratarum
383 1970 434 2015 coeli
441 1968 714 2030 plagamoraconnerti-
744 1967 841 2017 Rectius
848 1970 1021 2033 Ripinp'aleos.
1038 1968 1142 2017 Primam
1150 1968 1263 2031 syllabam

194 2044 257 2089 saue,
275 2047 290 2077 a
306 2048 354 2093 qao
372 2035 432 2080 iacis
447 2033 573 2079 exordium
588 2040 629 2081 eat.
662 2034 714 2081 Nec
744 2032 829 2081 ultima
838 2034 986 2096 precedentis
996 2033 1058 2081 vocis
1073 2033 1149 2081 littera
1158 2034 1262 2082 abstulit.

194 2093 322 2143 Claristiani
345 2096 520 2145 abhorruerunt.
555 2096 714 2146 Tertullianus
777 2099 1026 2162 Inspuberemfilium]
1039 2098 1111 2145 MSS.
1121 2097 1184 2145 Flor.
1193 2098 1262 2147 llari.

193 2150 328 2223 Apologc.
342 2162 380 2209 lb'.
412 2162 714 2223 Aiiiplaaebunwniaset
744 2160 1187 2223 (Bud.)Oron.(}uell.ete.impubeas
1200 2161 1264 2211 Con·

194 2226 358 2285 verisimilius,
372 2226 450 2274 Solem
467 2226 564 2272 credunt
575 2221 655 2273 Deum
671 2240 713 2273 aa·
744 2239 825 2274 sensns
840 2227 913 2276 MSS.
924 2226 988 2284 facit,
1005 2235 1032 2274 ut
1042 2240 1096 2273 cum
1107 2225 1134 2273 J.
1146 2224 1263 2275 Gronovio

194 2292 414 2352 strum...Smptcio
431 2286 494 2348 inde,
505 2292 566 2351 quod
582 2293 712 2339 iurauerit
743 2290 777 2337 sic
785 2290 903 2351 ediderim,
915 2307 986 2356 quem
997 2306 1019 2338 v.
1030 2289 1094 2338 adh.
1106 2284 1122 2335 l.
1136 2288 1262 2339 Pichenem

193 2368 236 2401 aas
246 2355 278 2401 ad
287 2355 394 2402 Orientis
403 2356 522 2415 regionem
528 2357 633 2416 precari.
665 2356 713 2404 Sed
743 2353 774 2401 ad
791 2356 815 2415 l,
833 2358 870 2404 14.
882 2356 987 2419 inprimis
998 2353 1117 2403 Drakenb.
1129 2353 1158 2401 ad
1169 2353 1224 2401 Liv.
1235 2357 1261 2413 2,

188 2418 298 2479 plerique
307 2426 418 2478 vestram,
427 2420 581 2483 adsectatione
587 2422 713 2482 aliquando
746 2418 785 2468 13.
795 2421 837 2469 ubi
847 2421 937 2485 copiose
946 2420 976 2469 de
986 2420 1030 2468 hac
1040 2419 1115 2468 forma
1124 2417 1181 2483 agit,
1192 2419 1263 2469 etiam

193 2487 217 2530 et
228 2484 327 2533 calcata
337 2484 461 2545 adoram,
472 2486 503 2532 ad
514 2486 577 2534 Solis
587 2492 667 2535 ortam
678 2487 713 2533 la-
742 2482 847 2534 hocloco
857 2486 957 2533 laudato.
974 2486 1046 2534 Ean.

192 2546 231 2594 bia
241 2549 349 2596 vibratis.
364 2547 440 2598 lars.
776 2551 924 2598 Precabatur
938 2551 1045 2611 placatos
1060 2551 1142 2612 patris
1159 2545 1260 2614 Manes]

229 2613 491 2675 Tertianisalutaverc]
512 2614 639 2677 Legionem
650 2614 711 2664 hanc
743 2609 840 2661 Frustra
858 2613 943 2662 hesere
956 2615 999 2662 viri
1016 2612 1078 2661 docti
1097 2611 1122 2660 in
1141 2612 1185 2661 hoc
1201 2614 1261 2674 loca,

195 2675 311 2724 Gallicam
322 2678 506 2740 cognominatam
523 2679 601 2727 scribit
611 2679 659 2727 Dio
670 2680 711 2741 65,
742 2677 1142 2742 eumquevariismodistentanmt.
1176 2678 1263 2726 Sensus

194 2740 232 2787 14.
244 2749 268 2789 et
282 2756 302 2790 c.
314 2743 352 2790 13.
367 2742 475 2790 ridiculas
489 2743 631 2792 exacituum
649 2743 712 2792 wlu-
743 2750 794 2790 eet:
809 2744 951 2804 precabatur
966 2743 1054 2790 Manes
1069 2744 1158 2804 patris,
1176 2739 1262 2790 atriti

192 2806 289 2854 tationes
300 2806 374 2870 fingit.
402 2806 537 2856 MoxBud.
549 2809 645 2872 inferre.
738 2808 1042 2870 placatiersentmeveetc.
1075 2805 1147 2854 Porro
1158 2807 1263 2869 placator

229 2872 310 2932 Vagus
318 2873 381 2931 inde,
390 2874 498 2938 consilio]
510 2872 632 2921 &manus
639 2873 711 2922 codex
743 2885 798 2919 vera
807 2872 883 2932 lectio,
895 2888 948 2936 quse
958 2881 991 2920 est
1002 2872 1026 2919 in
1035 2865 1098 2920 Flor.
1109 2870 1173 2919 Bud.
1182 2869 1263 2921 Guelf.

191 2947 269 2997 vagas
291 2938 354 2996 inde,
373 2939 536 2986 recensitio:
560 2937 624 3001 quod
645 2938 713 2988 valde
744 2935 796 2983 edd.
816 2936 907 2984 Puteal.
941 2931 1050 2984 Beroaldi
1070 2947 1123 3000 sqq.
1144 2944 1197 2984 anta
1218 2931 1268 2984 Iri-¹

191 3000 325 3064 unplector.
356 3001 468 3064 Ambigit
483 3002 597 3062 videlieet,
615 3002 712 3051 fortuitu
742 2997 1262 3064 prium,quiediditptator,exed.superiori,

191 3070 261 3114 natus
279 3065 340 3115 inter
357 3066 444 3114 milites
463 3067 484 3114 is
505 3081 593 3126 rumor,
613 3081 644 3113 an
663 3074 713 3114 arte
743 3064 821 3112 nescio
834 3081 901 3129 ¹qua3
925 3065 988 3130 quod
1006 3081 1087 3114 omnes
1107 3065 1179 3114 secuti
1200 3073 1262 3114 sunt.

190 3121 266 3178 Ducis
377 3165 385 3179 .
409 3130 485 3179 lars.
520 3130 640 3179 consentit
657 3130 714 3180 MS.
743 3125 951 3194 Pichenaquidem
962 3131 1035 3187 testis,
1050 3131 1076 3178 in
1090 3129 1182 3179 MSse
1196 3145 1263 3194 repe-

190 3188 298 3242 Flor.un
314 3195 544 3258 ereeapitPichena.
571 3195 643 3242 Ram
653 3195 711 3243 God.
743 3192 799 3241 risse
811 3195 900 3256 platos,
911 3203 935 3243 et
945 3195 969 3243 id
986 3195 1080 3244 exhibet
1089 3196 1125 3244 ed.
1136 3211 1172 3259 pr.
1181 3209 1262 3244 saum

190 3258 234 3306 int.
247 3257 283 3306 ed.
292 3275 328 3323 pr.
345 3259 417 3307 Eure.
440 3261 483 3307 Aa
493 3259 591 3307 deestin
602 3258 665 3308 Bud.
675 3259 710 3308 ed.
742 3271 771 3304 ea
786 3258 854 3306 lectio
869 3269 924 3309 nata
942 3269 976 3308 est
993 3277 1006 3309 e
1023 3262 1101 3322 platos
1118 3258 1181 3323 quod
1198 3267 1221 3306 et
1236 3254 1262 3306 in

190 3322 247 3370 Pur.
258 3323 313 3372 Alc.
325 3321 403 3372 Rhea.
743 3319 806 3370 Flor.
817 3323 863 3371 tuit
873 3325 917 3372 scri
934 3331 985 3373 tum
1000 3326 1030 3373 ab
1044 3324 1110 3372 initio
1124 3338 1167 3387 pro
1178 3324 1261 3384 pleica-

225 3385 388 3446 Contraberet,
405 3389 551 3436 diducerctae
592 3389 712 3439 Sententia
743 3393 787 3435 tar.
812 3388 867 3437 Vid.
879 3389 909 3436 Pi
978 3388 1093 3436 Latinitas
1103 3386 1197 3452 quidem
1213 3401 1261 3435 aaa

189 3459 213 3500 et
231 3454 346 3508 ἀντίθεσις
367 3453 400 3502 sic
418 3454 466 3501 viss
609 3471 616 3501 e
640 3455 710 3517 urigo
742 3451 839 3515 putiau,
855 3461 883 3502 ut
898 3453 1003 3502 dieamus
1015 3455 1112 3515 precari
1123 3453 1212 3499 Manes
1223 3451 1261 3500 vel

188 3513 317 3565 dacerewe.
345 3516 421 3567 Lars.
455 3517 509 3582 Bip
526 3533 623 3581 posuere
636 3520 709 3566 dedu·
742 3517 807 3564 Deos
813 3519 908 3580 piatos,-
926 3517 966 3566 sed
973 3517 1146 3580 placatos,i.e.
1157 3514 1262 3564 nonita·

189 3588 287 3640 ceretae,
297 3581 315 3630 i.
327 3598 347 3630 e.
359 3591 479 3642 aratam,
490 3583 637 3631 subduceret.
740 3589 785 3629 tos.
817 3582 854 3630 At
866 3581 1096 3645 ptattfiuntManes
1112 3579 1263 3630 sserifieiiset

222 3646 354 3708 Postquam
394 3649 455 3695 aleae
476 3648 561 3711 amnt]
596 3647 709 3697 Nondum
740 3644 862 3710 aliiaquae
872 3644 1046 3710 ιάἰςίοεαηκὶι.
1068 3644 1153 3710 Itaque
1163 3658 1209 3692 non
1217 3644 1263 3694 du.

188 3710 339 3772 sanepalsar.
360 3663 711 3776 ‘liegmdnmperealsoarecte
739 3709 1047 3774 bitariplrrentorpraferre.
1078 3709 1197 3759 Broterius
1208 3725 1263 3758 con-

186 3772 278 3835 judicat
295 3773 424 3824 Acidalius.
456 3776 563 3826 Verbum
582 3778 655 3824 aas&
673 3776 710 3825 in.
738 3773 810 3835 jiaits
825 3791 847 3822 n.
851 3779 881 3837 jt.
891 3777 953 3822 Deos
957 3789 1035 3838 pane
1041 3777 1122 3837 pictor
1129 3774 1261 3838 p.m.quia

188 3837 261 3897 dieat,
275 3837 353 3886 ret‘oeri
368 3839 419 3889 hae
432 3839 464 3888 ad
479 3839 638 3904 ptmedcatia,
655 3855 710 3905 que
741 3839 815 3888 MSS.
827 3839 922 3904 quidam
933 3839 1027 3896 habent,
1038 3855 1067 3887 ne
1078 3842 1165 3903 piatos.
1198 3839 1260 3889 Mox

184 3903 307 3977 perculsos
316 3902 453 3964 desiderant,
465 3905 524 3952 sicut
531 3907 627 3954 verbum
637 3908 710 3955 sensit
740 3905 800 3952 bene
809 3903 911 3952 Picheaa
921 3903 993 3952 edidit
1000 3912 1187 3953 aversarenture
1196 3903 1261 3951 Flor.

188 3967 710 4084 Ἠέἐέἐέἓέῗέἐ
740 3984 784 4082 tt
795 3966 1260 4096 gpggggggpgffia

189 4097 230 4154 28,
241 4097 282 4145 33.
294 4099 400 4159 perculsi
417 4113 460 4161 pro
472 4097 540 4158 palai
552 4051 710 4161 elbonjertnra
739 4098 785 4146 tis:
804 4095 1222 4161 undelirmantursupradietaadll.
1235 4095 1260 4157 1,

188 4159 306 4221 Rimari,
322 4170 449 4225 mptum
463 4171 543 4210 nonna
558 4165 667 4228 scriptos:
685 4174 709 4213 et
740 4163 780 4210 38.
798 4164 870 4212 Ean.
902 4163 973 4212 Adde
984 4165 1008 4224 2,
1024 4161 1063 4210 ol.
1097 4160 1166 4210 Unde
1180 4163 1261 4223 piatos

187 4226 295 4289 pluribus
308 4226 366 4274 locris
383 4227 409 4274 in
426 4225 491 4276 libris
505 4236 561 4275 vett.
576 4226 709 4277 haeverba
740 4228 849 4276 sumserit
860 4227 963 4292 Lipsius,
974 4241 1022 4290 non
1032 4225 1125 4276 indicat.
1158 4225 1261 4274 Pichena

189 4291 284 4340 mnfusa
294 4305 365 4354 supra
374 4293 400 4350 2,
414 4291 452 4338 14.
463 4290 489 4338 in
500 4291 570 4339 simili
585 4307 633 4357 res¹
643 4295 709 4340 addi
738 4291 830 4354 ednod.
840 4291 895 4342 Ma
906 4300 1032 4357 provocata
1048 4290 1261 4356 RyclriusadAgr.

188 4359 228 4402 tu
244 4357 362 4428 paralum
379 4361 464 4416 unm,
483 4358 574 4406 invecta
593 4359 620 4404 tn
640 4365 708 4420 terga
740 4364 763 4403 et
775 4359 856 4419 piatos
867 4352 1150 4422 explicatpe'rlmptatos,
1160 4361 1189 4415 at
1197 4351 1261 4418 apud
