3059 4975
254 247 313 309 370
544 242 578 300 C.
594 239 834 304 CORNELIUS
855 241 1037 306 Tacitus

258 427 381 474 morum
396 417 517 494 partem
531 405 631 492 magis
644 405 838 472 laudaveris:
853 429 927 472 nem
939 428 1038 494 prope
1052 405 1110 474 soli
1123 407 1327 474 barbarorum

260 491 389 582 singulis
402 488 555 558 uxoribus
568 489 705 556 contenti
715 505 800 569 sunt,
811 492 949 578 exceptis
957 491 1129 557 admodum
1142 493 1261 579 paucis,
1271 492 1328 578 qui

260 601 324 644 non
337 576 476 654 libidine,
492 574 546 641 sed
560 575 602 640 ob
616 574 821 652 nobilitatem,
836 575 979 662 plurimis
997 577 1116 663 nuptiis
1134 578 1324 642 ambiuntur.

262 664 378 728 Dotem
394 683 455 726 non
469 681 551 725 uxor
562 659 685 738 marito,
700 661 756 724 sed
769 660 862 724 uxori
875 660 1017 740 maritus,
1028 661 1130 728 offert.
1165 665 1330 727 Intersunt

261 759 405 898 pqreotes
427 759 459 810 et
478 743 658 831 propinqui,
674 767 709 808 ac
727 766 860 810 munera
879 746 1032 894 probant:
1054 767 1182 811 munera
1201 769 1265 810 non
1287 745 1330 810 ed

302 831 385 896 licias
406 829 572 892 muliebres
588 829 731 914 quaesita,
752 851 809 894 nec
822 829 879 916 qui
903 852 939 894 us
960 853 1042 895 nova
1055 845 1154 918 nupta
1166 843 1327 904 comatum

263 916 317 982 ssd
329 916 424 980 boves
433 925 465 978 et
475 913 632 978 frenatum
642 935 760 999 equum
770 928 803 978 et
811 928 933 980 scutum
945 937 1018 980 cum
1028 917 1145 980 framea
1152 915 1328 1002 gladioque.

265 1003 305 1066 In
325 1000 392 1064 haec
405 1020 535 1062 munera
548 1019 629 1062 uxor
642 998 811 1084 accipitur,
835 1013 931 1099 atque
944 1000 1077 1066 invicem
1090 1000 1159 1086 ipsa
1170 1023 1331 1065 armorum

263 1083 383 1172 aliquid
394 1084 461 1148 viro
470 1081 588 1147 adfert:
605 1082 665 1148 hoc
674 1083 846 1150 maximum
856 1084 1028 1162 vinculum,
1037 1087 1104 1150 hec
1113 1102 1224 1150 arcana
1234 1107 1330 1162 sacra,

264 1171 321 1234 hos
331 1167 512 1256 conjugales
523 1169 608 1232 Deos
622 1167 823 1233 arbitrantur.
845 1172 896 1233 Ne
910 1193 941 1233 se
954 1170 1066 1234 mulier
1075 1184 1164 1234 extra
1177 1171 1332 1234 virtutum

263 1253 464 1342 cogitationes
486 1263 637 1352 extraque
657 1252 811 1318 bellorum
832 1276 921 1318 casm
942 1266 1042 1340 putet,
1065 1254 1140 1340 ipsis
1157 1254 1333 1340 incipientia

264 1336 451 1404 matrimonii
470 1335 614 1424 auspiciis
633 1337 829 1416 admonetur,
844 1338 948 1402 venire
969 1361 1000 1401 se
1019 1337 1161 1403 laborum
1179 1339 1332 1424 periculo-

264 1445 399 1508 rumque
412 1420 537 1499 sociam,
552 1420 634 1484 idem
656 1421 688 1486 in
707 1435 796 1508 pace,
810 1422 896 1487 idem
918 1423 952 1486 in
974 1423 1085 1508 proelio
1098 1446 1259 1510 passuram
1277 1446 1333 1486 au-

265 1529 368 1572 suram
392 1529 448 1570 ue:
478 1506 537 1570 hoc
555 1505 658 1591 juncti
683 1507 790 1585 boves,
811 1507 871 1572 hoc
893 1521 1022 1594 paratus
1044 1531 1155 1594 equus,
1180 1508 1241 1572 hoc
1259 1507 1333 1571 data

265 1614 352 1656 arma
365 1529 560 1656 denuntiant.
592 1591 642 1656 Sic
657 1590 837 1670 vivendum,
853 1591 895 1656 sic
909 1592 1121 1678 pereundum:
1137 1593 1276 1678 accipere
1290 1615 1332 1668 se,

265 1699 338 1763 quse
359 1675 464 1744 liberis
486 1673 632 1762 inviolata
650 1698 686 1740 ac
706 1675 804 1762 digna
824 1676 945 1754 reddat,
960 1700 1033 1761 quae
1055 1699 1153 1740 nurus
1170 1675 1333 1762 accipiant,

265 1783 437 1846 rursusque
452 1760 493 1823 ad
509 1773 635 1846 nepotes
649 1759 797 1826 referant.
904 1782 909 1796 ·

303 1946 369 1994 Uxor
384 1945 484 2007 marito]
518 1941 592 1999 Illud,
610 1946 705 2004 marito,
721 1945 787 1991 abest
816 1944 955 2001 conditione,
965 1959 1013 2018 qua
1022 1942 1125 1991 maritos.
1156 1940 1289 1989 vivendum
1299 1942 1335 1999 la·

268 2006 447 2071 Bembsrgensi,
468 2015 492 2054 et
516 2005 566 2054 sine
586 2004 674 2054 fraude.
707 2007 784 2055 lans.
817 2009 913 2066 horiose,
924 2007 1072 2055 monendum
1082 2005 1177 2054 fortiter.
1189 2004 1336 2070 Goszpp.

268 2073 331 2122 Item
341 2073 371 2118 ab
379 2070 495 2120 Aruodel.
528 2068 573 2144 Sed
582 2069 662 2118 Venus
670 2071 788 2120 aenoende
818 2075 847 2126 (s.
857 2072 894 2120 sd.
906 2070 1032 2119 Noricam
1042 2071 1125 2145 Item)
1134 2071 1169 2116 sic
1180 2070 1290 2126 clusam,
1301 2071 1337 2115 sic

268 2133 789 2248 mundandantur:
813 2131 1336 2268 wdfflffidllll

269 2261 340 2310 modo
351 2277 414 2310 usur.
426 2277 446 2309 c.
458 2262 481 2308 t.
492 2277 517 2326 p.
531 2261 584 2308 les.
595 2269 684 2309 motum
699 2261 790 2310 adhaec
819 2264 928 2324 mam,
940 2264 962 2309 sl
970 2263 1115 2323 percendum
1125 2261 1141 2308 i.
1150 2258 1338 2307 e.siveviv.s1re

269 2325 340 2374 nostri
351 2327 428 2383 rerba,
440 2325 470 2374 de
478 2324 531 2374 dote
541 2323 637 2372 uxoria
653 2325 736 2374 marito
746 2327 788 2373 ob·
818 2343 867 2390 per.
875 2326 912 2374 sit.
937 2326 1076 2384 Rhenanus,
1087 2324 1161 2387 sileg.
1174 2325 1282 2377 niveum,
1290 2338 1338 2384 pss·

269 2390 326 2448 lete,
342 2389 412 2438 solvit
425 2390 559 2438 Gebsverus
574 2387 724 2451 l.c.p.252.
758 2388 789 2435 In
819 2387 1251 2464 renuatumqmqueanendmdum
1259 2386 1338 2446 tradit,

269 2453 305 2503 ed·
317 2453 387 2503 Rom.
399 2451 462 2501 deest
472 2467 541 2501 uuor.
819 2456 925 2503 reddunt.
949 2453 1084 2528 Biponbnis
1094 2451 1182 2501 videtu
1190 2450 1236 2512 leg.
1242 2452 1338 2513 potha-

310 2519 415 2565 Delias'us
432 2517 566 2579 muliebres]
596 2516 789 2576 Innumerilis,
812 2525 861 2578 -tes,
877 2519 922 2567 nisi
932 2526 1004 2566 oratro
1014 2534 1029 2565 s
1039 2517 1151 2579 singulari
1167 2515 1337 2563 malterllecte·

268 2580 380 2637 srmilles,
391 2587 415 2627 et
425 2579 510 2627 amnis
520 2589 655 2627 ornamenta
669 2581 789 2643 exquisiti·
819 2590 855 2629 ret
863 2582 894 2628 sd
904 2582 1026 2645 pluralem.
1047 2580 1137 2628 Verum
1147 2589 1207 2627 recte
1218 2578 1339 2640 malgerum

268 2660 323 2693 orsa
341 2650 431 2689 etmox
437 2649 543 2689 eamear
551 2642 628 2703 accipe
654 2652 789 2699 roometur,
818 2645 923 2706 probent.
942 2643 1035 2692 Pbresis
1046 2645 1275 2703 laulelsraacdigaa
1286 2643 1339 2688 red-

269 2706 338 2755 neda
352 2706 418 2757 hesta
427 2704 526 2753 cellum
539 2719 592 2752 eum
604 2658 687 2753 tolero
697 2705 789 2769 cogites.
820 2708 861 2754 dat
870 2705 969 2755 ooemdt
978 2713 1002 2753 et
1011 2704 1075 2768 apud
1083 2705 1137 2753 Isis.
1145 2707 1186 2765 26,
1194 2709 1235 2753 50.
1250 2705 1340 2768 Bipon·

268 2769 393 2820 Terentius
402 2768 489 2818 Haut.
499 2770 523 2827 2,
535 2769 560 2828 2,
572 2768 608 2817 ll.
621 2769 678 2815 dum
689 2770 790 2817 moliun-
820 2770 864 2817 tini
872 2771 941 2817 verbs
950 2769 1000 2816 haec
1009 2771 1059 2815 issu.
1066 2771 1175 2829 redigas
1182 2784 1225 2831 pro
1234 2769 1340 2816 nomina·

270 2840 319 2890 tur,
339 2835 397 2881 dum
415 2837 547 2886 cernamur,
564 2847 640 2879 ossas
656 2839 698 2879 ert.
727 2832 792 2881 Hine
820 2832 874 2881 tiris
884 2832 1000 2896 accipiunt
1009 2841 1033 2880 et
1042 2833 1073 2879 ed
1089 2835 1213 2880 mulierem
1228 2832 1339 2891 rdmunt,

269 2898 367 2945 incomta
377 2911 419 2957 pro
429 2894 536 2951 horridis,
548 2910 595 2943 non
605 2896 700 2954 ornatis,
712 2904 736 2944 et
751 2911 792 2943 su·
821 2912 869 2945 non
879 2898 910 2944 ed
920 2912 1026 2943 manera.
1053 2896 1117 2943 Mihi
1127 2912 1192 2945 semu
1200 2895 1298 2955 videtin,
1309 2910 1338 2943 sc

270 2974 320 3022 prs,
332 2961 429 3009 secam
439 2965 578 3022 apparatas,
589 2974 609 3007 c
624 2959 661 3007 14.
679 2960 750 3008 Ena.
821 2960 897 3008 nodus
907 2962 932 3007 in
944 2962 1017 3022 sdrpo
1027 2960 1107 3023 quari.

304 3025 351 3071 Sed
367 3026 432 3071 duces
449 3030 472 3070 rt
486 3022 614 3084 frenatum
628 3024 724 3083 equum]
750 3023 792 3071 Pi-
856 3026 914 3081 Qaoe
924 3024 1024 3071 leh-ac
1033 3025 1107 3085 dignu
1118 3021 1211 3084 reddat]
1228 3023 1291 3082 Vox,
1302 3024 1340 3069 di-

269 3087 343 3135 ohens
361 3086 490 3149 suspicatur
509 3084 620 3133 excidisse
639 3100 728 3144 vocem,
751 3087 791 3133 sed
819 3102 877 3149 gas,
889 3101 936 3134 nou
947 3086 1034 3137 mesra
1042 3087 1139 3135 videm
1172 3086 1218 3135 Sed
1228 3095 1252 3134 et
1260 3087 1341 3149 paullo

271 3152 336 3197 binos
351 3152 431 3201 hova:
452 3163 508 3197 nam
525 3148 594 3206 infra,
611 3149 652 3196 ubi
668 3149 722 3197 hee
732 3149 793 3197 done
821 3159 874 3199 ante
882 3149 1052 3197 Rhenanuseic
1061 3153 1204 3199 savanense
1210 3152 1340 3211 portentu,

269 3221 379 3271 excuset,
391 3213 432 3267 ait,
444 3213 573 3274 husjuacti
584 3213 657 3271 boves,
668 3213 711 3260 hoe
718 3227 793 3274 paru·
822 3214 879 3264 alibi
890 3214 971 3276 legisse
982 3213 1022 3261 sit.
1039 3214 1113 3262 Iura
1141 3214 1195 3261 Nisi
1205 3223 1281 3261 tamen
1294 3228 1341 3261 uon

272 3282 401 3337 tuaequae.
417 3274 489 3323 Eas.
821 3277 934 3325 mendum
955 3278 1002 3336 bic,
1024 3277 1064 3325 sed
1087 3278 1203 3340 specimen
1224 3277 1343 3325 brevitatis

280 3360 281 3365 ¹
302 3343 336 3389 Iu
345 3341 394 3389 her
406 3352 503 3385 munera
514 3339 644 3405 serpitur]
674 3340 696 3391 E
710 3340 792 3389 Graeco
822 3340 907 3400 Taciti,
921 3357 968 3404 qua
985 3340 1020 3401 fit,
1038 3350 1066 3389 ut
1076 3357 1121 3389 vox
1139 3342 1227 3398 liberie,
1245 3356 1286 3388 eeu
1306 3339 1343 3389 bis

268 3400 794 3519 umtulsrsrrrmtmlu
821 3404 896 3515 111Ξῖ
905 3404 1151 3523 lamma
1163 3403 1260 3514 llll
1269 3404 1344 3515 ‘²¹23'

271 3531 401 3581 utitulium
411 3500 545 3589 munemm’,
556 3528 609 3576 talis
619 3528 686 3579 dotis.
702 3530 775 3579 Ena.
820 3530 908 3579 tumui
923 3547 986 3579 casu.
1019 3533 1104 3581 Sensus
1121 3531 1191 3586 enim,
1206 3482 1344 3591 qusqpsmv·

304 3596 367 3651 Hoc,
381 3596 436 3641 dara
456 3608 525 3641 arma
546 3594 699 3658 assamur]
732 3594 791 3643 (lod.
822 3603 845 3643 et
864 3594 960 3643 honesta
976 3596 1054 3643 liberis
1075 3604 1144 3658 etque
1165 3592 1249 3641 iisdem
1270 3594 1344 3657 (lmus

272 3657 352 3721 Kapp.
365 3660 394 3721 (s.
406 3656 442 3705 ed.
452 3657 510 3704 Nor.
519 3656 576 3703 item
587 3655 669 3717 Rom.)
680 3661 791 3705 renasci·
822 3661 949 3721 (generose
960 3658 1043 3706 scilicet
1054 3658 1134 3705 manis
1144 3656 1243 3719 dignum
1255 3673 1344 3721 magna

271 3728 322 3776 snt,
334 3722 424 3782 ut'Jam
439 3719 528 3769 notavit
538 3720 615 3769 Rhen.
627 3721 668 3783 qui
684 3736 730 3769 non
746 3721 793 3769 im·
821 3721 899 3777 indole
909 3737 936 3769 ac
950 3733 990 3785 spe
1004 3720 1104 3767 liliorum
1120 3720 1221 3779 donum)
1232 3721 1290 3769 olim
1305 3738 1344 3770 re-

271 3786 360 3847 probat.
393 3785 495 3835 Frustra
529 3786 684 3831 venundant
695 3785 792 3833 refertrrr
821 3786 910 3845 stituat,
921 3799 1019 3859 quaque
1029 3786 1059 3833 ab
1069 3785 1106 3833 his
1116 3784 1242 3849 aliquando
1252 3785 1344 3849 sponsis

271 3846 302 3895 sd
313 3862 348 3905 ee,
363 3863 417 3911 quse
426 3857 480 3897 ente
490 3847 581 3895 dixerat
593 3847 622 3897 de
636 3848 743 3897 societate
755 3850 792 3897 la-
821 3865 849 3897 sc
859 3857 954 3913 sperans
963 3848 1010 3896 suis
1026 3862 1105 3896 rursus
1114 3848 1174 3897 dotis
1185 3850 1257 3913 ricern
1267 3849 1345 3897 feram

272 3912 355 3961 borum
372 3919 395 3957 et
408 3911 561 3973 periculorum
573 3926 581 3968 ς
597 3908 622 3959 in
637 3926 684 3974 que
698 3927 723 3960 re
737 3929 791 3977 pro-
822 3928 895 3961 nurus
907 3922 931 3960 et
940 3913 988 3961 suis
998 3912 1062 3972 liliis,
1073 3913 1136 3961 illius
1150 3914 1278 3975 nepotibus,
1290 3912 1344 3976 pari

233 3982 238 3994 ’
271 3975 351 4039 prium
361 3974 458 4021 verbum
472 3976 737 4035 sternumentum
754 3992 792 4023 re·
822 3985 1020 4025 curasartatects
1046 3987 1138 4025 restent
1151 3976 1342 4040 perhiheautque.

271 4040 395 4097 remeare)
430 4036 475 4083 uod
489 4038 544 4086 inde
559 4039 646 4102 aceepit
662 4040 732 4087 etiam
743 4040 792 4088 rim
822 4040 914 4089 Geor.
947 4040 1006 4089 cod.
1026 3992 1057 4087 R
1079 4041 1116 4089 ed.
1135 4040 1195 4103 Spir.
1214 4049 1344 4103 ceteraque

272 4102 383 4153 minandi.
409 4052 544 4175 demutata
554 4111 633 4151 sutem
643 4109 666 4151 et
677 4102 733 4151 alibi
742 4104 793 4153 haec
821 4112 875 4152 sote
892 4104 969 4153 Rhea.
990 4106 1061 4156 1533.
1080 4120 1163 4153 rursus
1181 4119 1240 4165 quoe.
1266 4102 1343 4161 Ena,

273 4168 343 4215 verbe
352 4166 378 4215 in
388 4164 454 4213 libne
464 4171 519 4211 vett.
535 4164 617 4215 Eser..
673 4204 676 4214 .
821 4166 868 4215 Ed.
877 4168 1014 4243 Rumpere.-
1028 4168 1210 4232 Norimhqaoer
1220 4166 1270 4219 hac
1278 4167 1344 4217 enim

305 4232 347 4277 Sic
355 4229 529 4288 remediantis
532 4228 692 4293 pereundum]
702 4228 792 4279 Pendet
821 4230 971 4297 diphthongis
980 4233 1062 4281 utitur.
1146 4266 1151 4269 -
1186 4280 1189 4287 ,

272 4294 456 4341 sbdcnunss'snt.
474 4292 802 4357 Sicesteedemlegeatque.
899 4342 903 4349 ,
