3059 4975
235 287 386 359 A.c.71.]
625 285 702 344 Lm.
722 285 758 343 v.
781 287 873 347 ear.
893 291 921 345 5.
1246 294 1303 350 sm

233 469 312 525 mue,
336 473 390 513 seu
436 451 497 514 uod
520 475 537 515 e
557 463 674 538 septem
693 451 856 528 sideribus,
876 449 947 536 quis
969 451 1115 515 mortales
1135 468 1299 538 reguntur,

232 533 380 599 altissimo
394 559 430 599 or
452 551 513 600 eet
527 538 687 625 praecipua
700 536 839 624 potentia
854 535 942 599 stella
960 537 1087 599 Saturni
1102 538 1240 603 feratur:
1263 563 1301 602 ac

233 618 380 719 pleraque
387 622 559 688 coelestium
571 623 634 686 vim
650 645 737 686 suam
752 637 784 685 et
792 644 918 685 cursum
930 621 1075 707 septimos
1089 645 1145 708 per
1155 648 1301 688 numeros

232 707 418 771 conficiant''

237 827 238 832 κ
274 789 315 854 V.
332 793 378 856 Hi
390 792 479 870 ritus,
489 815 617 889 quoquo
627 791 721 855 modo
731 792 861 869 inducti,
873 793 936 856 anti
960 793 1057 858 uitate
1067 794 1296 860 defenduntur:

230 889 332 942 cetera
350 878 494 942 instituta
512 878 635 942 sinistra
647 878 732 940 foeda
751 879 904 964 pravitate
917 817 1051 943 vduere.
1095 883 1178 944 Nam
1200 883 1297 966 pessi-

230 985 300 1026 mus
314 963 458 1050 quisque,
474 964 583 1050 spretis
596 963 797 1050 religionibus
810 963 929 1050 patriis,
940 963 1059 1028 tributa
1072 981 1104 1028 et
1117 967 1210 1051 stipes
1221 965 1297 1030 illuc

229 1050 398 1154 gerebant:
422 1050 505 1113 unde
519 1062 619 1113 auctae
634 1051 656 1112 J
659 1049 821 1114 udaeorum
843 1072 901 1113 res.
946 1051 1002 1126 Et,
1016 1049 1092 1135 quia
1106 1052 1192 1137 apud
1211 1052 1295 1137 ipsos

229 1135 308 1199 tides
327 1135 491 1214 obstinata,
513 1134 720 1198 misericordia
733 1137 765 1197 in
789 1151 925 1220 promtu,
945 1136 1001 1198 sed
1019 1136 1168 1199 adversus
1188 1160 1295 1202 omnes

228 1219 304 1284 alios
325 1221 435 1284 hostile
454 1222 572 1297 odium,
597 1221 728 1306 separati
750 1220 860 1318 epuliS,
883 1220 1006 1283 discreti
1032 1221 1197 1298 eubilibus,
1222 1246 1295 1308 pro-

223 1307 391 1403 jectissima
405 1305 620 1371 ad-libidinem
641 1329 728 1392 gene,
744 1307 914 1370 alienarum
928 1306 1096 1370 concubitu
1116 1308 1290 1379 abstinent;

227 1405 308 1456 mter
322 1415 354 1456 se
372 1391 450 1455 nihil
468 1392 638 1470 inlicitum3
664 1392 882 1455 circumcidere
902 1391 1048 1478 genitalia
1067 1392 1237 1471 instituere,
1256 1407 1293 1457 ut

229 1477 404 1542 diversitate
427 1491 603 1542 noscantur.
649 1478 848 1562 Transgressi
876 1478 909 1540 in
934 1500 1051 1540 morem
1074 1501 1181 1542 eorum
1208 1479 1292 1542 idem

231 1574 399 1650 usurpant:
424 1586 479 1626 nec
494 1563 666 1649 quidquam
687 1563 774 1648 prius
787 1562 970 1638 inbuuntur,
986 1572 1081 1647 quam
1096 1579 1291 1629 contemnere

229 1651 324 1726 Deos
339 1671 452 1712 exuere
469 1648 612 1736 patriam,
633 1665 787 1734 parentes,
805 1648 927 1727 liberos,
941 1648 1062 1724 fratres,
1078 1647 1151 1711 vilia
1170 1649 1290 1714 habere.

227 1735 394 1820 Augendte
423 1747 528 1798 tamen
558 1733 752 1798 multitudini
782 1734 961 1797 consulitur.
1011 1736 1094 1798 Nam
1111 1750 1154 1810 ‚et
1183 1759 1291 1800 necare

225 1843 416 1906 quemquam
431 1844 469 1884 ex
484 1821 636 1905 adgnatis,
652 1822 755 1884 nefas:
779 1820 958 1906 animasque
979 1818 1089 1905 proelio
1101 1835 1158 1884 aut
1171 1821 1290 1908 suppli-

259 2039 573 2104 Permrmerosconfim'mt]
591 2039 739 2098 Verulamio,
774 2038 917 2101 intelligendi
928 2039 958 2086 de
968 2039 1094 2102 proselytis.
1123 2039 1170 2086 Pro
1180 2053 1288 2099 congere-

225 2117 297 2165 quam
307 2117 321 2150 e
331 2103 445 2151 Vaticano
457 2105 543 2168 pmmsi
554 2105 677 2152 referente:
693 2122 739 2167 per
774 2107 837 2159 beret,
850 2104 904 2151 MS.
916 2103 996 2150 Guelf.
1009 2106 1187 2165 congregabant.
1215 2104 1288 2152 MSS.

224 2181 334 2214 numeror
344 2170 478 2216 conicient:
496 2184 525 2216 ex
536 2172 738 2232 quoegoeonstei-
775 2169 838 2216 mor.
863 2167 950 2229 (Bud.)
972 2168 1032 2230 Agr.
1054 2169 1090 2215 ed.
1113 2184 1149 2232 pr.
1165 2171 1285 2229 gerebant.

224 2238 273 2278 ant.
305 2231 382 2280 Aliter
390 2233 483 2295 vulgati.
517 2234 677 2281 Dereautem
689 2235 740 2298 ipsa
774 2233 899 2280 Fortefuit
908 2234 1027 2294 ferebam.
1044 2233 1115 2280 nnn.

222 2279 326 2343 Dionem
337 2296 389 2343 vide
399 2298 439 2356 37,
453 2299 489 2344 ttt.
502 2299 560 2345 etin
574 2299 656 2360 primis
666 2299 737 2346 Alex.
806 2299 990 2359 Et,qnieapnd
1005 2299 1129 2360 immeto]
1164 2297 1219 2343 Non
1231 2298 1286 2344 satis

224 2359 368 2408 Clementem
380 2361 497 2422 suomet,
511 2363 547 2409 16.
557 2379 580 2424 p
589 2365 645 2410 290.
662 2362 737 2411 lars.
773 2371 826 2424 apte
836 2362 947 2409 cohaerere
956 2363 1082 2419 orationem
1098 2363 1123 2408 in
1139 2371 1232 2423 promtu
1244 2372 1286 2408 est.

227 2425 350 2473 Centrum
361 2425 431 2472 etiem
447 2427 483 2474 ed.
495 2442 531 2491 pr.
542 2427 597 2475 MS.
609 2429 668 2491 Agr.
685 2442 738 2474 eom·
773 2426 893 2484 Quosdam
905 2442 918 2474 e
928 2427 975 2473 suis
985 2427 1049 2473 libris
1059 2426 1143 2474 habere
1155 2427 1187 2472 ait
1197 2426 1286 2472 Asida·

216 2492 312 2552 jielent.
346 2491 447 2540 AtMS·
463 2492 527 2539 Flor.
541 2492 661 2555 (etBud.)
677 2508 739 2540 com·
772 2492 817 2538 lius
832 2499 900 2552 atque
917 2494 1011 2538 ret-sic
1024 2493 1137 2538 aduersus
1153 2501 1196 2538 etc.
1230 2492 1285 2543 Sed.

223 2562 326 2602 mement
345 2556 400 2603 MS.
421 2556 500 2604 Guelf.
520 2556 571 2604 edd.
588 2566 668 2605 cetere
684 2566 738 2605 ente
772 2556 813 2619 qui
828 2557 875 2603 sint
889 2556 927 2603 isti
940 2557 1002 2614 libri,
1017 2556 1202 2618 seirepervelim.
1235 2556 1287 2602 Mei

222 2618 299 2666 Rhen.
310 2635 338 2666 oc
344 2622 463 2681 plerisque
473 2622 598 2668 celestium
609 2624 658 2668 vim
668 2638 736 2669 ruam
771 2636 851 2668 ornnes
867 2621 988 2683 vulgatum
1005 2622 1098 2667 habent.
1132 2620 1231 2668 Videtur
1245 2636 1288 2666 au-

221 2690 244 2730 ct
260 2699 522 2732 mersum-commeare.
555 2686 684 2734 Rhenanus
699 2702 736 2735 ce.
771 2685 1068 2732 temnuncsententiahec
1076 2700 1129 2732 cum
1141 2685 1288 2732 antecedente

221 2748 310 2813 terique
322 2757 375 2795 ante
386 2749 494 2811 lipsium
508 2750 604 2797 dedere:
622 2766 650 2796 ae
657 2753 737 2811 plera.
771 2750 942 2811 conjungenda,
955 2759 983 2796 ut
996 2751 1066 2796 altera
1079 2764 1148 2795 carisa
1162 2750 1285 2810 potentiae:

221 2826 292 2873 queo.
305 2814 383 2858 visua
395 2820 418 2859 et
432 2828 502 2859 cursu
513 2827 646 2860 commaenre.
676 2814 738 2861 Mox
771 2814 834 2875 quod
851 2814 959 2860 adversus
977 2829 1031 2860 suos
1051 2814 1174 2875 populares
1191 2813 1285 2875 quidem

221 2876 276 2924 MS.
289 2876 557 2938 Guelf.birquoqnom
575 2878 646 2925 Eun.
674 2878 737 2926 Bud.
771 2877 800 2937 (i.
816 2893 837 2923 e.
854 2878 918 2937 apud
937 2881 1002 2936 suos)
1019 2878 1089 2923 fidem
1105 2877 1287 2926 constantissime

217 2942 338 3001 pleraque.
371 2939 426 3004 Bip
435 2942 693 3002 conjectentlocumite
703 2943 737 2989 ef-
771 2949 869 2998 serram,
881 2950 904 2987 et
914 2941 1068 2988 misericordes
1078 2951 1133 2987 sunt
1143 2950 1184 2988 etc.
1212 2942 1284 2988 Eun.

221 3004 371 3067 fingendum:
388 3020 416 3051 ac
422 3008 541 3068 plerisque
552 3008 598 3053 ecel.
611 3008 659 3053 uim
670 3022 737 3054 suam
772 3006 853 3062 Recte,
871 3014 936 3068 puto,
955 3006 1055 3068 priscam
1072 3005 1194 3052 Puteolani
1214 3006 1286 3052 inter·

222 3085 318 3117 remrrru
325 3071 432 3129 septimos
435 3086 480 3131 per
486 3086 594 3118 numeror
602 3086 736 3119 emnnmare.
771 3070 919 3133 punctionem
936 3071 1053 3117 redimere
1067 3069 1121 3132 Bip
1136 3070 1227 3116 emensi
1243 3084 1286 3116 no-

229 3135 572 3199 ·Sttperiltuccmrgerebent]
600 3135 680 3183 Cicero
694 3151 737 3199 pro
770 3150 884 3182 ramesse
893 3135 1038 3183 arbitrentur.
1071 3135 1125 3197 Ego
1134 3134 1286 3197 quoquered-

221 3198 305 3247 neem
326 3199 364 3245 28.
400 3201 462 3247 Cum
483 3216 578 3258 aerum,
597 3201 737 3249 Judoeorum
770 3198 826 3245 didi.
859 3198 1075 3247 SicetDotteville.

220 3265 322 3322 nomine,
334 3266 495 3323 morannum
506 3266 651 3313 Italioetm
662 3268 737 3312 omm'·
777 3286 781 3294 ⁴
812 3264 953 3311 Alienorum
964 3266 1098 3327 concubitu]
1115 3265 1161 3311 i.e.
1173 3265 1287 3324 alienige-

220 3330 262 3375 bm
268 3329 399 3390 mortariis
410 3330 601 3390 Hierosolymam
615 3334 737 3390 exportari
770 3344 864 3385 aarum,
879 3328 942 3389 quod
956 3329 1042 3376 frustra
1057 3343 1166 3390 reponere
1182 3332 1285 3376 tentabat

221 3393 419 3451 toleratumve..
427 3396 508 3441 sanxit
516 3396 597 3453 edicto,
605 3394 736 3442 neeaAm'a
770 3393 805 3440 N.
818 3392 939 3450 Heinsius,
949 3408 1003 3440 curn
1017 3392 1085 3439 hodie
1095 3394 1170 3439 lenies
1180 3392 1284 3451 doceant,

220 3459 342 3519 reportari
352 3459 439 3506 liceret.
456 3458 525 3505 Philo
536 3458 565 3505 de
572 3458 736 3522 Legationead
770 3459 857 3504 οἱίοοοο
871 3455 916 3503 dici
931 3457 1001 3505 mam
1014 3465 1128 3512 externos,
1144 3456 1284 3518 peregrinos,

221 3521 305 3570 Caium
323 3537 348 3585 p.
361 3522 430 3569 1023.
465 3522 516 3569 rat
534 3523 627 3570 iurem
647 3523 736 3569 bramis
769 3530 797 3568 ut
806 3522 969 3581 elienimores,
978 3523 1138 3568 alienaretis
1148 3530 1192 3567 etc.
1209 3521 1281 3570 Eun.

221 3587 343 3649 Ιιροπομποὶ
356 3587 493 3633 στέλλονται
507 3588 585 3651 χρυσὸν
597 3587 634 3632 καὶ
650 3588 736 3651 ἄργυρον
769 3586 832 3633 Bud.
844 3587 975 3632 alienamm
985 3587 1071 3633 cubitu.

220 3652 329 3697 πλεῖστον
340 3652 461 3708 κομίζοντες
472 3650 501 3703 εἰς
512 3654 537 3699 τὸ
549 3652 610 3712 lepis,
619 3650 655 3697 τὸν
665 3648 736 3713 dipos-
808 3652 904 3698 namra
917 3651 1037 3713 patriam]
1066 3650 1137 3697 Rom.
1148 3651 1197 3697 eod.
1209 3654 1283 3699 exire.

223 3712 302 3759 clima
322 3714 344 3758 ὲκ
367 3720 410 3759 τῶν
432 3714 543 3779 ἀπαρχῶν.
559 3738 562 3743 ·
576 3715 610 3762 Et
626 3730 648 3778 p.
662 3714 732 3762 1014.
770 3714 845 3763 Iure.
880 3718 977 3762 Eerrere
996 3730 1075 3761 verum
1095 3723 1136 3773 est,
1154 3715 1284 3780 diciturque

219 3774 347 3823 Ἠπίοτατο
365 3776 479 3842 (Τιθίριος)
502 3780 539 3825 καὶ
557 3784 665 3843 χρήματα
686 3796 734 3825 συι-
768 3794 811 3841 pro
821 3788 974 3837 contemnere,
984 3780 1107 3843 negligere,
1119 3795 1183 3828 more
1194 3782 1284 3829 Graeco.

221 3839 342 3898 αγαγόντας
363 3841 405 3885 ἀπὸ
427 3848 470 3888 τῶν
492 3842 597 3907 ἀπαρχῶν
619 3844 673 3904 ἱερὰ,
697 3843 742 3889 κα1
768 3844 839 3891 ERN.

222 3903 354 3963 πέμποντος
375 3902 405 3956 εἷς
419 3906 563 3967 Ἱεροσόλυμα
580 3906 614 3953 διὰ
631 3914 675 3951 τῶν
692 3907 735 3960 τὰς
805 3911 898 3956 Neeare
912 3924 1090 3970 quemquamne
1104 3910 1210 3973 agnatis]
1234 3910 1284 3970 Qui

219 3968 298 4021 θυσίας
306 3968 435 4029 divagemur.
468 3969 514 4017 Sed
525 3980 548 4018 et
557 3970 675 4034 Josepbus
691 3985 733 4017 no·
768 3972 839 4021 otiose
848 3974 937 4037 legerit,
948 3974 1008 4021 nibil
1018 3973 1132 4024 offendet:
1150 3977 1244 4023 fortasse
1254 3977 1283 4029 is,

219 4038 261 4089 tat,
278 4033 416 4079 immensam
430 4035 689 4095 vtmourieongmtem
707 4037 733 4082 tn
768 4038 810 4099 qni
819 4038 914 4085 intente.
941 4038 968 4086 Si
977 4038 1040 4085 enim
1051 4039 1080 4085 de
1088 4040 1149 4088 oede
1157 4040 1282 4100 capistan-

219 4097 328 4157 templum
339 4099 367 4144 ab
375 4100 440 4144 meni
447 4098 508 4144 Am
518 4106 541 4147 et
553 4100 667 4161 Europa.-
679 4099 733 4146 An·
767 4110 827 4158 tum,
837 4102 894 4163 quid
904 4101 928 4148 in
937 4118 964 4149 eo
974 4103 1047 4151 novi?
1070 4105 1131 4153 Sane
1141 4114 1164 4151 et
1172 4102 1284 4149 Romanis

218 4159 261 4223 tiq.
276 4160 314 4219 14,
327 4161 356 4207 m
368 4160 416 4225 (7).
451 4163 502 4211 Nos
513 4164 581 4226 plura
595 4163 734 4225 inMegrri-
767 4174 790 4213 et
805 4166 909 4214 barbaris
926 4166 1042 4231 plerisque
1058 4167 1284 4227 nemreconsangui·

218 4225 299 4271 metm
310 4227 421 4273 Hebraeo.
445 4228 520 4275 Inus.
554 4228 735 4292 Copiosiushaec
768 4245 822 4277 neos
838 4230 910 4278 nefas.
944 4232 990 4279 Sed
1005 4230 1180 4295 aliumegohie
1190 4245 1283 4276 sensum

217 4297 353 4337 tractantem
370 4290 625 4341 sumersetensi.
642 4292 733 4341 Theod.
767 4295 892 4355 odoror,et
906 4298 987 4354 scribo,
1005 4311 1086 4341 necare
1101 4309 1238 4355 quemquem
1254 4309 1283 4339 ex
1317 4349 1320 4353 Α

217 4352 235 4399 l.
251 4353 287 4398 14.
295 4354 326 4400 de
334 4354 392 4401 Jud-
405 4364 428 4402 et
439 4356 552 4404 'bernium
560 4358 590 4405 de
598 4358 664 4404 Patr.
674 4358 734 4405 Jud.
765 4363 855 4421 grette.
889 4362 980 4409 Sdmns
998 4360 1085 4406 Graecis
1104 4356 1239 4419 [setinisque
1259 4357 1284 4403 in

217 4432 273 4464 ruuo
288 4418 343 4466 Gor.
379 4418 487 4469 Ceterum
503 4424 620 4484 pessimus
638 4425 736 4483 quisque
768 4425 901 4487 promiscuo
914 4440 959 4473 usu
976 4424 1046 4470 fuisse
1058 4422 1196 4484 abjectiones
1208 4420 1284 4468 infm-
