3059 4975
210 294 282 336 ac.
297 277 359 350 7u]
600 277 681 337 Llss.
700 279 725 335 1.
745 276 835 338 CAP.
859 282 904 338 15.
1238 288 1272 343 21

210 437 266 505 scu
283 440 411 529 propria
430 440 589 519 electione,
614 440 690 519 sivo,
710 455 749 506 ut
792 441 898 507 uidam
920 442 1128 523 erediderunt,
1151 445 1276 511 Lacone

208 527 364 608 instante,
376 526 428 592 cui
445 526 531 613 apud
547 526 731 592 Rubellium
750 530 779 592 P
812 541 900 592 utum
924 528 1058 593 exercita
1075 552 1148 595 cum
1163 531 1277 595 Pisone

209 612 361 677 amicitia:
391 613 448 678 sed
467 611 587 691 callide,
609 625 647 675 ut
664 612 818 699 ignotum,
840 614 983 679 fovebat:
1014 628 1046 679 et
1067 638 1214 703 prospera
1236 615 1276 681 de

209 698 325 763 Pisone
337 699 422 763 fama
434 696 560 763 oonsilio
574 698 644 784 ejus
662 698 756 762 fidem
775 697 948 764 addiderat.
992 700 1075 778 Piso,
1096 703 1146 767 M.
1162 703 1275 767 Crasso

209 797 242 848 et
256 784 416 849 Scribonia
425 783 560 871 genitus,
575 782 687 847 nobilis
700 784 870 871 utrimque,
885 784 979 849 vultu
991 782 1165 873 habituque
1179 786 1273 851 moris

209 869 342 955 antiqui,
358 884 391 935 et
409 869 612 934 aestimatione
633 882 718 934 recta
737 893 872 949 severus,
892 870 1028 935 deterius
1045 871 1276 960 interpretanti-

209 954 272 1018 bus
285 955 401 1020 tristior
416 956 605 1021 habebatur:
628 977 665 1019 ea
682 978 757 1043 pars
777 977 900 1020 morum
920 957 997 1044 ejus,
1020 962 1086 1043 qim
1105 958 1275 1045 suspeetior

208 1040 355 1120 sollicitis,
369 1040 531 1129 adoptanti
544 1040 694 1128 placebat
760 1091 765 1099 .
1274 1098 1277 1105 .

253 1125 1272 1213 XV.IgiturGalba,adprehensaPisonismanu,inhuncmodurn

207 1211 332 1276 locutus
345 1212 461 1278 fertur:
486 1212 555 1276 “Si
568 1225 600 1276 te
613 1212 753 1299 privatus
767 1211 835 1299 lege
852 1213 971 1277 curiata
988 1214 1076 1299 apud
1094 1214 1271 1293 Pontifices,

209 1309 248 1362 ut
260 1298 356 1362 moris
368 1312 425 1377 est,
439 1298 501 1363 ado
523 1312 633 1374 tarem,
646 1310 679 1362 et
695 1298 773 1362 mihi
792 1320 865 1384 egre
888 1298 953 1363 ’um
973 1312 1040 1363 erat
1054 1300 1114 1364 Cn.
1130 1300 1286 1386 Pompeii-

209 1395 242 1447 et
250 1385 295 1447 M.
306 1385 410 1448 Crassi
421 1321 744 1449 suboliminPenates
753 1406 837 1447 meos
889 1384 1025 1462 sciscere,
1034 1399 1066 1449 et
1076 1385 1132 1450 tibi
1140 1384 1271 1471 insigne,

210 1468 357 1556 Sulpiciae
373 1494 410 1534 ac
430 1470 570 1535 Lutatiae
588 1469 700 1534 decora
719 1469 874 1534 nobilitati
893 1484 958 1535 tuae
976 1468 1133 1557 adjecisse.
1176 1472 1271 1535 Nunc

208 1576 271 1632 me,
292 1556 434 1619 Deorum
451 1555 677 1641 hominumque
692 1577 843 1619 consensu
863 1554 904 1619 ad
924 1556 1097 1641 Imperium
1113 1569 1270 1636 vocatum,

209 1639 360 1726 praeclara
372 1640 492 1706 indoles
505 1656 562 1706 tua
573 1654 605 1705 et
617 1663 705 1704 amor
717 1639 829 1728 patriae
842 1640 969 1728 inpulit,
993 1656 1030 1705 ut
1044 1641 1271 1729 Principatum,

208 1726 328 1823 dequo
341 1728 474 1812 majores
490 1726 589 1792 nostri
607 1726 701 1811 armis
721 1726 892 1805 certabant,
911 1726 993 1793 bello
1009 1727 1153 1876 adeptus
1171 1727 1272 1877 eppes-

208 1826 291 1875 centr
304 1812 444 1892 offeram,
463 1813 606 1900 exemplo
622 1814 666 1877 D.
681 1811 833 1899 Augusti,
851 1812 908 1898 qui
927 1812 1038 1877 sororis
1080 1812 1168 1891 lium,
1224 1836 1272 1876 ar-

208 1896 333 1994 cellam,
346 1897 420 1961 dein
430 1921 590 1985 generum,
600 1897 788 1996 Agrippam,
798 1919 871 1962 mox
882 1911 1013 1995 nepotes
1018 1922 1100 1977 suos,
1115 1911 1271 1996 postremo

210 1983 376 2081 Tiberium
390 1984 559 2061 Neronem,
573 2005 764 2080 pnvrgnum,
778 2006 812 2045 in
833 2006 977 2069 proximo
991 1984 1049 2047 srbi
1062 1983 1187 2081 fastigio
1200 2006 1273 2047 con·

208 2065 331 2134 locavit.
375 2068 437 2133 Sed
451 2070 621 2157 Augustus
638 2090 670 2131 ru
684 2067 779 2133 domo
797 2090 999 2133 successorem
1014 2084 1176 2155 quaesrvrt;
1200 2092 1269 2157 ego,

210 2344 280 2391 verbo
294 2359 408 2393 arcessere
423 2345 598 2393 nrbstituerunt.
631 2343 724 2406 Itaque,
757 2342 849 2392 Verum
864 2352 936 2409 putor
959 2344 1029 2393 etsie
1043 2344 1093 2405 jam
1109 2342 1228 2405 Rupertus
1243 2342 1274 2391 ad

209 2416 238 2455 ut
246 2408 298 2455 aliia
307 2409 363 2458 locis
372 2410 493 2474 permultis
502 2409 590 2457 factum
601 2416 636 2456 est
645 2423 660 2455 a
670 2408 725 2456 viris
757 2407 851 2457 Reines.
862 2426 887 2474 p.
898 2409 953 2465 679.
969 2408 1042 2457 Ean.
1052 2417 1076 2455 et
1085 2422 1109 2471 p.
1119 2409 1176 2455 42⁹.
1221 2466 1225 2473 .

209 2472 289 2529 doctis,
311 2475 374 2524 mori
393 2475 445 2524 loon
460 2490 539 2523 rocem
554 2474 666 2537 ineptam,
683 2472 725 2521 etsi
790 2476 825 2522 Et
833 2474 968 2539 Scribonio]
985 2474 1024 2524 Sic
1032 2470 1200 2522 Rhea-eBud.
1208 2472 1273 2536 prius

209 2551 290 2586 ornnes
303 2538 357 2587 libri
370 2548 393 2588 et
405 2555 447 2588 sor.
461 2549 484 2588 et
494 2540 546 2587 edd.
557 2539 581 2586 in
593 2554 620 2586 ea
629 2551 725 2586 musur-
757 2535 877 2601 legebatur
886 2553 922 2587 es.

208 2598 278 2650 tiunt.
293 2603 325 2652 V.
341 2620 400 2668 quos
409 2605 489 2652 laudat
500 2603 619 2651 Drakurb.
629 2602 660 2650 ad
670 2601 724 2650 niv.
791 2605 960 2652 AEstimatione
969 2600 1044 2662 recto]
1055 2602 1128 2650 Recte
1138 2602 1171 2650 sic
1250 2611 1274 2650 ta

208 2669 235 2725 2,
248 2667 285 2716 la.
300 2668 342 2731 qui
352 2678 375 2716 et
385 2669 436 2717 aliis
445 2669 501 2716 locis
511 2669 541 2716 ad
552 2667 648 2715 Livium
657 2666 687 2714 de
697 2679 726 2713 eo
756 2667 870 2731 scriptura
884 2676 951 2716 vetus
962 2669 1121 2721 minatione,
1133 2681 1205 2730 quam
1247 2668 1273 2714 S.

208 2734 279 2779 verbo
289 2733 352 2796 egit:
363 2741 436 2781 etnos
445 2734 505 2780 infra
514 2733 543 2780 ad
550 2733 616 2780 131.
640 2731 724 2780 Credi-
757 2731 934 2844 9111161111.
941 2730 977 2779 ed.
984 2747 1020 2794 pr.
1027 2731 1126 2788 habent3
1138 2740 1165 2778 ut
1175 2739 1224 2778 etc.
1235 2731 1274 2800 16.

209 2797 296 2845 derunt
320 2813 333 2845 e
355 2797 417 2844 Flor.
444 2799 528 2861 recepit
544 2795 723 2845 Freinshemius·
782 2795 898 2857 idalia,
907 2796 945 2850 17.
954 2795 1117 2857 Moxproquo
1124 2795 1160 2842 ed.
1167 2811 1202 2858 pr.
1211 2811 1273 2858 que,

209 2861 262 2925 (Sic
271 2869 295 2910 et
305 2861 380 2923 Bud)
416 2861 493 2910 ceteri
501 2862 556 2910 libri
566 2863 724 2909 tradiderunt.
755 2869 783 2908 nt
791 2862 841 2909 eod.
853 2861 910 2924 Agr.
918 2859 1015 2924 Recepit
1022 2859 1135 2924 Ryckius.
1151 2860 1215 2908 Mihi
1222 2860 1274 2908 vul-

208 2925 281 2973 Enrr.
298 2927 364 2990 lips.
381 2925 445 2975 Picb.
458 2927 497 2974 alii
513 2928 640 2975 dilectione.
659 2924 723 2972 rior.
756 2935 838 2988 gatum
858 2924 935 2973 Taciti
950 2925 1003 2972 stilo
1018 2924 1203 2972 oonveriientiuaa
1226 2939 1275 2989 quo

209 2991 273 3038 Bud.
285 2991 321 3039 ed.
333 2991 423 3039 Puteol.
436 2993 551 3039 electiore.
718 2994 721 3003 ’
756 2990 831 3053 magis
858 2989 909 3037 aliia
930 2995 1034 3052 suspecta
1054 2997 1111 3046 erat,
1133 2988 1177 3036 hoe
1199 2988 1273 3051 magia

242 3057 303 3104 Piso
309 3058 352 3104 M.
360 3057 608 3105 CrosaoctScribonio
612 3054 722 3117 garritus]
757 3053 861 3118 Principi
870 3054 982 3118 placebat.
998 3052 1071 3100 Ean.
1079 3051 1142 3100 Bud.
1154 3063 1274 3114 querente·

208 3119 273 3167 Puto
286 3120 328 3168 illo
344 3121 383 3168 Μ.
394 3121 478 3168 Crasso
487 3120 570 3182 Frugi,
583 3121 625 3183 qui
635 3117 724 3168 Consul
791 3117 925 3181 Egregium
935 3124 986 3165 erat
996 3116 1064 3182 tunc]
1072 3117 1151 3165 (lueis.
1159 3123 1224 3164 erret.
1245 3118 1273 3164 Ti

207 3184 256 3232 fuit
265 3200 319 3233 eum
331 3185 359 3234 0.
373 3183 476 3233 Imanio
485 3185 561 3232 Basso
570 3200 592 3231 a
608 3184 663 3231 816.
680 3185 725 3232 sub
757 3191 815 3231 tunc
825 3183 934 3231 vitiosum
942 3197 999 3241 esse,
1006 3195 1075 3230 nemo
1081 3181 1191 3245 ambigat.
1200 3181 1273 3230 MSS.

208 3249 318 3307 Nerone;
329 3250 371 3313 qui
380 3249 431 3312 ipae
444 3264 458 3297 e
469 3248 602 3312 calpurniis
608 3248 689 3309 Frugi,
700 3245 725 3295 in
759 3248 823 3296 Flor.
832 3245 920 3312 (laud.)
932 3247 1011 3295 Guelf.
1019 3246 1079 3310 Agr.
1086 3249 1121 3310 (et
1129 3247 1190 3309 Reg.
1197 3246 1271 3304 11111.)

208 3313 325 3362 Liciniam
339 3323 433 3391 gentem
446 3313 567 3388 adoptione
582 3312 681 3388 trapsiit,
697 3321 725 3360 ut
758 3311 794 3359 ed.
812 3328 847 3375 pr.
864 3326 936 3371 nanc,
954 3310 1017 3388 quod
1031 3311 1109 3387 nihilo.
1122 3311 1214 3371 melius,
1231 3311 1274 3386 etei

207 3377 726 3506 ffifflhhfflli‘chffidinhii
756 3375 1272 3504 ilffidhffilhhnffihffi

208 3505 281 3564 Quod
297 3516 376 3555 autem
391 3507 420 3556 de
433 3507 552 3555 Scribonia
561 3505 639 3554 addit:
657 3519 687 3552 ex
697 3521 725 3553 eo
758 3504 830 3552 Ean.
847 3505 913 3552 Bene
925 3503 1031 3552 Freinsh.
1044 3504 1115 3550 sensit
1124 3503 1149 3550 id
1159 3519 1222 3551 nunc
1236 3505 1274 3552 vel

207 3571 273 3619 rides
283 3587 402 3636 perperam
413 3571 438 3619 in
446 3571 566 3619 Plutarchi
573 3571 675 3619 Galbae·
684 3571 726 3617 23.
758 3577 815 3618 tune
825 3579 902 3617 ortum
913 3584 943 3617 ex
950 3583 1005 3616 voce
1017 3569 1086 3616 Caesi
1096 3567 1133 3616 vel
1143 3570 1218 3617 Cael.-
1229 3569 1273 3616 hoc

207 3635 264 3698 legi,
282 3638 384 3704 Κράσσου
401 3637 437 3681 uel
455 3636 567 3703 Kprlwroc
582 3634 678 3693 ἷγγωοςι
701 3642 725 3682 et
757 3649 892 3698 praenomen
903 3633 940 3682 vel
953 3648 980 3681 ω
991 3642 1026 3680 est
1037 3632 1201 3692 necessarium,
1211 3634 1274 3698 quod

207 3708 327 3748 exnostro
337 3700 504 3763 corrigendum.
516 3701 591 3747 Inrs.
602 3698 641 3746 De
650 3714 725 3747 eorre-
757 3708 782 3746 et
804 3701 891 3749 Crasso
912 3713 981 3747 suum
999 3697 1116 3745 tribuitur.
1158 3699 1229 3747 Serus
1247 3699 1274 3746 J.

207 3764 284 3813 ctione
292 3764 410 3812 Plutarchi
416 3763 638 3827 fiusnaobloquitur
644 3763 725 3827 Lipsio
759 3764 834 3822 Gran.
1262 3785 1267 3802 ›

207 3828 324 3892 Ryclrius,
346 3829 409 3893 quod
431 3829 570 3877 Plutarchus
585 3837 725 3892 utrosquea
765 3837 769 3842 ’
790 3828 904 3890 Sulpicia
914 3842 942 3875 oc
952 3826 1184 3892 Lutatioe]·1ntelligi
1192 3827 1262 3875 volun

207 3890 303 3941 Nerone
319 3893 421 3941 sublatos
436 3893 506 3950 (11111,
527 3908 581 3940 curn
594 3895 684 3941 Seneca
699 3892 725 3952 in
758 3892 824 3957 (cum
835 3891 982 3952 Boxhornio)
991 3893 1130 3950 nobilitatis,
1139 3893 1273 3955 esequeuti-

136 3964 141 3973 '
206 3958 308 4021 Apoool.
324 3975 339 4006 a
349 3957 449 4007 Claudio
464 3957 567 4006 sublatos
579 3957 661 4006 tradat.
693 3957 725 4005 In
757 3958 810 4005 bus.
826 3957 863 4005 At
872 3958 896 4005 in
908 3958 1028 4005 decoribus
1037 3965 1072 4004 est
1080 3955 1194 4004 nobilitas.
1210 3958 1273 4007 0111-

206 4023 302 4070 nomine
323 4022 471 4087 Imperatoris
492 4021 611 4069 dissentire
629 4022 724 4085 scripto·
757 4021 814 4070 nlno
834 4021 919 4084 excidit
934 4023 1013 4084 gentis
1030 4029 1083 4082 post
1101 4023 1210 4082 inape:
1232 4021 1273 4070 ubi

206 4087 495 4200 mam
504 4085 725 4199 ereren
757 4085 1274 4212 111111111111111111

207 4218 283 4278 major
292 4216 357 4264 fides.
394 4216 463 4266 Idem
473 4215 579 4278 Ryclrins
588 4216 679 4264 mavult
689 4215 725 4262 in·
792 4219 825 4263 11
836 4217 901 4264 donno
910 4214 982 4278 eirca]
993 4215 1057 4263 Mihi
1065 4227 1111 4261 non
1120 4213 1218 4261 dubium
1229 4226 1273 4269 est,

207 4281 310 4345 telligere
320 4281 440 4341 Crassum,
454 4280 495 4345 qui
510 4297 534 4330 a.
546 4280 602 4335 780.
618 4295 672 4328 curn
684 4279 725 4326 Pi-
760 4279 871 4344 Tacitum
881 4281 996 4343 scripsisse
1010 4283 1037 4326 in
1052 4280 1120 4326 domo
1129 4292 1181 4336 rua,
1197 4285 1220 4324 et
1230 4293 1274 4322 aaa

208 4360 263 4393 sone
272 4346 362 4394 Consul
372 4346 425 4404 luit,
442 4346 536 4405 fratrem
547 4355 624 4393 antem
636 4345 726 4406 Pisonis
759 4346 892 4408 absorptum
912 4361 959 4393 esse
976 4360 1016 4408 per
1037 4344 1137 4405 primam
1159 4339 1222 4387 verbi
1239 4356 1274 4388 se-

207 4407 283 4474 putat,
304 4426 374 4475 quern
392 4411 486 4473 lipsius
507 4418 597 4474 patrem
613 4409 725 4459 credebat.
759 4410 851 4472 quentis
861 4409 983 4472 syllabarii.
1015 4410 1079 4456 Nam
1090 4406 1123 4451 ita
1133 4403 1275 4464 consuetudo
