3059 4975
222 260 338 339 sor¹
544 264 566 338 g
595 247 914 319 nrsronssnuu'
1120 260 1290 337 [suess.

225 446 228 453 ·
272 406 426 491 XXXV.
447 425 595 489 Ceterum
619 420 760 488 adsidere
785 412 916 511 sepultae
940 422 1028 489 urbis
1055 422 1165 503 ruinis,
1192 423 1286 489 noxia

221 508 296 573 tabo
306 509 423 574 humus
436 509 522 574 hand
534 508 589 573 diu
604 507 761 606 permisit:
776 509 816 573 ad
828 510 956 573 tertium
969 508 1105 596 lapidem
1119 508 1285 596 progressi,

219 618 317 681 vagos
344 608 553 683 paventesque
576 592 772 671 Vrtellianos
801 617 858 659 sua
884 617 1041 681 quemque
1068 594 1155 682 apud
1185 596 1285 681 signa,

219 696 421 767 componunt.
443 683 490 744 Et
499 680 590 745 vietae
603 679 749 765 legiones
765 694 973 756 ne,·manente
983 681 1086 745 adhuc
1097 681 1179 745 civili
1193 679 1285 759 bello,

220 767 368 853 ambigue
390 778 528 851 agerent,
554 788 611 853 per
636 763 800 851 Illyricum
824 764 980 851 dispersae.
1024 766 1063 831 In
1089 766 1284 831 Britanniam

218 851 292 915 inde
306 863 338 916 et
353 851 399 915 Hi
454 850 522 915 nias
536 850 662 915 nuntios
675 852 867 937 famamque,
882 852 915 914 in
931 850 1068 916 Galliam
1082 853 1106 915 J
1108 852 1208 916 ulium
1224 851 1285 916 Ca-

219 935 336 1016 lenum,
353 936 412 1001 Tri
435 959 544 1017 unum,
557 936 589 999 in
605 935 806 1001 Germaniam
820 935 974 1023 Alpinum
986 937 1186 1017 Montanum,
1198 940 1285 1003 Proe-

218 1021 336 1087 fectum
359 1022 504 1100 cohortiS,
524 1022 610 1109 quod
624 1022 676 1086 bic
696 1020 821 1102 Trevir,
841 1021 976 1088 Calenus
991 1024 1129 1102 AEduus,
1152 1037 1285 1111 uterque

219 1107 380 1172 Vitelliani
400 1109 537 1185 fuerant,
551 1107 686 1172 ostentui
708 1107 827 1171 misere.
874 1108 974 1172 Simul
988 1109 1137 1175 transitus
1150 1109 1283 1207 Alpium
1311 1155 1317 1165 .

242 1194 372 1259 roesidiis
384 1193 543 1280 occupati:
567 1206 711 1279 suspecta
718 1192 898 1272 Germania,
912 1208 1072 1280 tamquam
1083 1195 1117 1259 in
1131 1194 1284 1259 auxilium

252 1278 340 1343 itellr'i
353 1279 589 1366 accingeretur.'
927 1330 929 1337 .

271 1365 446 1431 XXXVI.
469 1366 518 1427 At
536 1364 694 1443 Vitellius,
722 1365 863 1453 profecto
887 1366 1021 1444 Caecina,
1050 1388 1123 1431 cum
1146 1366 1283 1432 Fabium
1324 1388 1327 1393 “

217 1449 395 1528 Valentem,
424 1450 533 1537 paucis
558 1465 630 1537 post
652 1451 773 1531 diebus,
796 1452 837 1515 ad
859 1451 976 1516 bellum
1004 1451 1177 1539 inpulisset,
1202 1452 1285 1517 curis

217 1535 329 1599 luxum
343 1536 549 1601 obtendebat:
573 1559 635 1600 non
650 1559 760 1623 parare
774 1561 871 1615 arma,
886 1560 949 1601 non
962 1538 1110 1625 adloquio
1123 1538 1283 1603 exercitio-

217 1643 280 1707 que
294 1621 424 1686 militem
438 1622 572 1701 firmare,
588 1620 701 1686 nonin
716 1646 770 1687 ore
784 1622 838 1687 vul
862 1623 872 1685 i
887 1621 995 1710 sigere:
1020 1624 1074 1687 sed
1095 1623 1284 1689 umbraculis

217 1706 380 1808 hortorum
397 1706 533 1786 abditus,
553 1721 590 1771 ut
608 1707 722 1794 ignava
735 1647 890 1809 animuin,
906 1709 1022 1806 quibus
1043 1708 1068 1772 si
1087 1709 1192 1773 cibum
1211 1732 1285 1807 sug3

216 1794 1284 1966 iil-billillssiilflllli.biif¹il’..¹.llill³’slillislll¹

217 2111 738 2181 illapermutanturetsidzbnbimrgni-
763 2114 866 2163 oratione
885 2114 960 2163 Cotta
976 2114 1006 2163 acl
1024 2112 1142 2173 Quiritess
1161 2115 1186 2162 A
1198 2115 1282 2177 prims

210 2181 404 2241 stcsutiuverunu
421 2181 536 2242 Recepere
544 2179 736 2227 BrotetAllem.
765 2180 926 2239 adolescentia,
944 2181 970 2226 iss
987 2193 1027 2227 ors
1039 2187 1114 2227 nestro
1128 2182 1241 2241 privatus
1260 2186 1282 2226 cl

217 2244 289 2291 Ean.
309 2242 376 2290 Hice
384 2244 435 2291 ood.
444 2244 504 2305 Reg.
520 2245 610 2307 Sequor
617 2259 671 2291 cum
680 2244 735 2307 Bip.
765 2245 792 2290 irs
803 2245 991 2304 Magistratibus
1005 2245 1053 2305 egi.
1071 2244 1210 2306 Fragmenta
1220 2243 1281 2291 alios

216 2308 281 2356 Bud.
292 2310 466 2371 nugrsytoessis
474 2317 498 2355 et
507 2308 572 2371 prius
583 2310 668 2370 templu
679 2323 736 2370 quo·
763 2310 798 2355 Iu
809 2322 849 2355 ors
860 2323 932 2368 agens
940 2311 1060 2369 gestibus,
1072 2309 1168 2370 populo,
1181 2309 1282 2355 cioiwti.

216 2388 270 2434 que.
693 2411 700 2421 .
765 2372 862 2421 Tacitus
876 2374 960 2420 iterum
975 2388 994 2420 c
1006 2373 1047 2429 77.
1078 2373 1193 2421 Julianus
1209 2373 1240 2418 ad
1251 2374 1283 2420 Ι..

250 2438 336 2485 Nouia
346 2438 400 2485 tabo
410 2437 509 2502 bursus]
526 2436 581 2486 MS.
590 2437 651 2501 Agr.
663 2437 733 2496 luis,-
770 2439 891 2487 Vitellium
906 2439 1041 2500 perductus,
1059 2438 1190 2485 uerberibus
1203 2438 1282 2500 sudu.
1318 2450 1321 2458 ¹

216 2501 281 2614 Καὶ
291 2517 339 2550 non
348 2503 468 2566 displicere
475 2503 565 2552 videtur
573 2502 672 2566 Ryckio,
684 2503 735 2551 lau·
764 2509 812 2564 tus,
824 2506 850 2550 irs
861 2518 900 2550 ore
910 2507 959 2565 rjus
969 2505 1109 2565 juguletur.
1128 2501 1229 2550 Dicendi
1238 2503 1283 2550 hoc

264 2566 326 2614 aa.
337 2569 363 2626 2,
373 2569 413 2616 69.
447 2567 512 2615 Mihi
522 2582 616 2632 quoque
625 2568 733 2629 placeret,
764 2583 838 2628 genus
863 2566 1031 2615 resumendum
1054 2566 1132 2615 Plinio
1154 2581 1233 2616 censeo
1256 2567 1282 2614 in

217 2631 306 2679 silibri
320 2632 398 2695 plures
412 2633 572 2680 consentirent.
603 2632 671 2680 Nam
686 2647 734 2680 non
764 2631 852 2696 Paneg.
862 2633 901 2679 69.
927 2633 990 2679 Sunt
1001 2632 1282 2679 inhonorslsousiuumsi

217 2711 265 2748 uno
281 2712 336 2744 sane
347 2697 398 2744 looo
413 2712 456 2760 pro
467 2699 519 2744 tabe
532 2693 614 2744 datum
625 2698 704 2743 talum
719 2713 735 2745 a
764 2697 883 2744 iulsorsore
888 2697 964 2760 fumoe
971 2697 1171 2758 msguauomirsc,
1180 2710 1209 2742 csr
1219 2703 1280 2743 tero

216 2761 325 2819 librariis,
339 2761 508 2824 ignorantibus,
524 2761 594 2810 etiam
610 2763 684 2808 tabem
695 2761 735 2812 sic
764 2761 813 2808 bris
821 2761 951 2820 obliviosis,
962 2761 1110 2822 indulgentis
1120 2761 1231 2809 Coesoris.
1247 2760 1282 2808 Et

216 2825 270 2874 ‹lic'c
286 2825 403 2873 Viusdl.
413 2826 736 2875 csodnecinferciendsubi·
763 2815 830 2888 ligor
848 2829 911 2874 Sunt
929 2827 955 2872 irs
971 2839 1010 2872 ors
1024 2827 1146 2874 homiuum
1161 2831 1184 2872 et
1201 2827 1225 2872 iu
1242 2840 1283 2872 ors

216 2907 264 2954 que
274 2889 323 2939 sinc
336 2891 424 2940 idanus
439 2893 570 2940 auctoribus
583 2893 652 2939 labes.
672 2893 736 2939 Telo
755 2890 843 2953 samse.
861 2890 936 2938 ers.
958 2889 1284 2951 ruorsensmmorsnud.)

217 2954 378 3003 milesendis
385 2956 455 3004 etism
463 2956 591 3004 etillustrst
599 2955 625 3002 J.
633 2957 734 3004 Gronov.
765 2955 825 3018 Agr.
847 2955 921 3004 Eun.
952 2957 987 3002 Iu
1005 2969 1045 3002 ors
1063 2957 1131 3016 uulgi
1148 2954 1218 3002 etiam
1230 2954 1281 3002 Cic.
1302 3011 1306 3018 ,

216 3019 248 3068 ad
259 3020 349 3070 Melam
357 3022 382 3080 3,
393 3022 417 3069 8.
427 3023 529 3084 suprai,
542 3021 581 3076 70.
590 3022 736 3084 infiststobo
767 3019 833 3067 Verr.
854 3020 877 3078 l,
895 3020 934 3067 46.
955 3017 993 3067 cf.
1010 3027 1087 3067 noster
1102 3019 1133 3066 ad
1147 3019 1182 3066 Η.
1196 3021 1221 3078 2,
1241 3019 1280 3074 73.

216 3085 310 3134 sumus.
327 3085 399 3136 nas.
431 3086 565 3134 Rutulo.
764 3084 934 3146 Fragmentum
945 3083 1043 3132 alterum
1051 3082 1281 3147 Isipsiocitductum

253 3152 353 3214 Treuir]
371 3150 435 3199 Bud.
446 3150 522 3214 lepide
533 3150 654 3197 triumuir.
765 3155 800 3196 ast
809 3163 822 3196 c
832 3147 926 3196 Donato
936 3148 967 3196 ad
976 3148 1031 3196 Ter.
1039 3149 1163 3212 Adelphos
1173 3148 1196 3208 l,
1207 3150 1231 3208 2,
1242 3147 1280 3195 lii.

249 3215 290 3262 Ad
300 3217 324 3262 ls.
335 3215 479 3278 impulisset]
497 3213 630 3262 Non-credo
640 3212 673 3262 sic
684 3213 734 3264 Ts-
795 3215 829 3262 Irs
836 3223 929 3261 nemore
939 3214 1054 3278 Aricino]
1072 3211 1138 3260 Inter
1146 3212 1280 3260 Lanuvium

215 3279 289 3327 citam
300 3278 396 3327 dedisse
424 3279 735 3340 Adbellumimpellsrsest
762 3285 787 3326 st
807 3291 889 3326 nemus
909 3277 1036 3326 Aricinum
1060 3291 1176 3339 superesse
1197 3276 1281 3324 rudera

214 3342 310 3392 suadae
333 3343 431 3402 bellum,
453 3353 570 3392 aucmrem
593 3343 663 3392 aliun
684 3359 734 3393 esss
763 3341 926 3392 villevienn
940 3342 1063 3391 arbitratur
1073 3340 1278 3390 Gonsdinushst.

216 3408 590 3472 bdlisquodsbbbslienuuu
623 3409 734 3484 Princeps
763 3407 967 3470 vet.t.2.p.193.

215 3472 315 3537 imperat
329 3473 437 3522 Ducibus
452 3473 510 3531 aab,
526 3472 590 3537 quod
604 3473 655 3521 fleri
670 3474 732 3522 vsbt.
796 3473 876 3534 Atque
892 3473 1098 3535 illum-proditio
1112 3471 1203 3520 Luctttt
1214 3471 1280 3517 Β.-

215 3537 527 3600 Erpulissetveramcredo
562 3537 734 3586 Insitasbomo
758 3536 876 3600 percellit]
910 3537 998 3586 Nuncii
1018 3551 1066 3584 non
1081 3536 1221 3598 percellunt,
1240 3533 1281 3583 sed

214 3617 291 3650 maora
306 3611 330 3650 et
340 3603 483 3666 voluptarius
497 3602 585 3661 mbas
601 3610 734 3652 autmarus
757 3603 907 3662 percutiunt,
923 3609 950 3648 ut
964 3601 1009 3649 alio
1022 3600 1074 3648 loco
1086 3601 1136 3662 jam
1152 3597 1281 3647 docuimus.

215 3668 326 3714 nectebat.
343 3669 407 3716 Suet.
418 3668 469 3716 Cal.
482 3667 504 3713 1.
515 3667 624 3715 'liberius
634 3667 734 3715 Germa·
762 3665 847 3729 Itaque
864 3664 989 3728 luendum
1012 3665 1137 3727 percussit.
1171 3665 1281 3712 Perculit

215 3730 734 3796 nicumdicitarsspulissssslcomposssdsm
762 3741 821 3778 esset
832 3730 956 3792 perdidit.-
973 3727 1036 3794 quod
1045 3729 1199 3778 aliarumest.
1232 3729 1281 3776 Re.

218 3795 325 3842 Orientis
340 3802 438 3844 statum.
470 3796 551 3844 (liceto
561 3798 687 3844 sumsere
701 3796 734 3844 sic
759 3802 831 3855 perric
846 3795 971 3855 exterruit,
988 3793 1144 3842 desideratur:
1167 3791 1231 3858 quod
1247 3803 1281 3842 cst

215 3857 409 3922 dixitiaepl,6.
426 3859 644 3910 ProbatMullcrun
660 3861 733 3909 Bau.
757 3860 884 3919 percussit.
918 3858 998 3908 Cicero
1009 3858 1104 3924 quidem
1117 3861 1189 3923 epil,
1205 3859 1228 3913 7.
1241 3871 1280 3904 vc·

214 3923 270 3986 Bip.
277 3933 356 3972 conus
361 3925 533 3989 comparantA.
541 3926 565 3981 i,
573 3922 653 3976 ilasi
661 3929 734 3974 vitum
761 3929 822 3971 tcrss
832 3925 949 3980 inimicos,
958 3939 1029 3972 sonos
1039 3925 1134 3984 amum,
1145 3923 1221 3971 literis
1231 3921 1281 3970 luis

148 4007 151 4019 ¹
209 3990 299 4050 procul
305 3989 383 4036 Romu
391 3991 526 4052 impelleres.
756 3989 894 4049 perculsoss
911 3988 951 4036 sed
962 3989 1066 4053 sequitm
1073 3995 1095 4036 et
1106 3989 1133 4035 ds
1144 4001 1230 4047 magua
1240 3999 1281 4048 sps

248 4055 309 4102 Nos
323 4055 350 4100 iss
364 4068 404 4100 ors
418 4057 499 4118 vulgi]
517 4055 580 4104 Vera
590 4065 668 4104 nostra
677 4069 732 4104 con-
760 4054 893 4101 deturbatos
904 4057 1002 4116 jaceres
1020 4052 1083 4116 quod
1096 4051 1151 4100 huic
1166 4051 1217 4098 loco
1231 4049 1281 4096 dis·

212 4117 309 4178 iectura.
342 4118 407 4167 Nam
421 4119 528 4167 inlibris
544 4121 653 4170 onmibus
667 4134 733 4168 mors
760 4117 836 4166 simile
844 4126 885 4166 cst.
908 4118 1001 4167 Infrac.
1010 4119 1048 4165 ὅθ.
1058 4118 1089 4164 sd
1097 4115 1281 4164 omucsnuocios

215 4183 299 4244 vulgis
315 4183 379 4245 quod
390 4198 444 4231 sane
454 4182 518 4231 haud
528 4185 643 4232 convenit.
660 4184 732 4232 Atiss
760 4184 830 4230 uultu
842 4197 931 4244 quoquc
940 4191 964 4232 et
974 4185 1064 4230 incessu
1078 4182 1185 4242 trepidus
1195 4179 1281 4228 dicitur

212 4261 340 4309 orsmrs,
351 4248 487 4296 murinis
502 4261 579 4296 coram
596 4258 620 4296 et
634 4248 660 4296 in
676 4261 731 4296 oon·
758 4247 844 4294 fuisse:
861 4246 905 4295 hoc
918 4249 1082 4310 asperrimi,
1101 4259 1148 4294 non
1164 4245 1281 4308 perculsi.

116 4326 119 4331 ·
212 4320 291 4372 spectu
306 4327 362 4370 esse,
379 4327 428 4360 sese
442 4313 529 4360 offerre.
562 4311 730 4360 Sallustianum
758 4312 846 4360 Contra
856 4311 938 4360 Cicero
948 4311 973 4358 in
990 4326 1027 4375 sp.
1038 4313 1063 4371 9,
1075 4312 1115 4358 25.
1126 4310 1282 4358 atrocissimis

210 4382 253 4433 sit,
265 4385 288 4424 et
297 4378 328 4426 ab
337 4391 365 4427 eo
375 4391 437 4440 pena
446 4376 529 4426 Tacito
539 4385 681 4443 promptam.
698 4377 730 4427 In
752 4369 879 4440 percussus
890 4383 925 4425 est
935 4377 1020 4440 literis,
1031 4391 1079 4426 non
1091 4376 1223 4440 perculsus.
1245 4373 1280 4422 V.
