3059 4975
217 300 275 360 rer
601 282 914 355 HISTORIARUM‘
1111 244 1287 370 [ndens.

218 485 255 529 sc
276 460 418 527 Moesicae
433 459 492 525 alae
511 458 679 547 perrupere
698 460 838 525 hostem:
865 482 949 525 nunc
969 459 1055 524 XVI
1073 448 1194 523 clerum
1214 480 1287 523 con-

216 550 328 636 juncta
345 546 433 633 signa
449 544 545 633 pulsu
566 546 731 632 sonituque
745 560 778 611 et
791 547 876 611 nube
894 545 962 633 ipss
975 544 1118 632 operient
1130 567 1166 607 ac
1181 565 1287 631 super·

221 633 357 698 fundent
369 631 481 695 oblitos
501 630 684 715 proeliomsm
703 633 823 719 equites
845 654 926 718 equo
964 654 1012 695 ue.
1057 628 1127 694 Nisi
1148 629 1220 715 quis
1240 650 1288 691 re-

223 720 312 796 tinet,
326 717 410 781 idem
424 738 531 781 suasor
544 730 715 804 auctorque
729 717 847 783 consilii
860 740 922 782 ero.
974 740 1020 794 cs,
1033 715 1149 802 quibus
1161 714 1289 778 fortuna

225 806 258 869 in
285 803 407 888 integro
427 816 485 880 est,
506 801 643 886 legiones
667 804 838 869 continete:
868 802 946 867 mihi
973 800 1126 888 expeditae
1146 799 1288 863 cohortes

226 888 387 955 sufficient.
431 889 507 951 Jam
529 902 695 953 reseratam
716 888 852 968 ltaliam,
873 888 1011 987 inpulsas
1024 885 1145 952 Vitellii
1165 907 1214 949 res
1235 907 1290 949 au-

227 975 335 1039 dietis:
353 973 480 1060 juvabit
493 974 581 1058 sequi
597 988 629 1038 et
642 974 779 1060 vestigiis
792 975 941 1039 vincentrs
955 974 1120 1038 insistere.l

226 1084 229 1090 ’
273 1061 342 1124 111.
359 1062 440 1124 Haec
453 1072 548 1143 atque
562 1058 646 1137 talia,
657 1058 792 1147 flagrans
805 1060 912 1139 oculis,
928 1059 1008 1124 truci
1021 1081 1107 1137 voce,
1122 1079 1185 1143 quo
1198 1055 1292 1121 latius

229 1145 400 1222 audiretur,
417 1144 545 1227 (etenim
559 1167 592 1208 se
607 1145 812 1210 Centuriones
826 1144 999 1231 etquidem
1018 1144 1152 1208 militum
1166 1140 1292 1207 consilio

230 1231 430 1314 miscuerant)
444 1230 489 1293 ita
502 1229 623 1306 effudit,
638 1243 675 1294 ut
688 1244 796 1295 cautos
809 1252 935 1317 quoque
948 1252 985 1295 ac
1005 1228 1151 1317 providos
1171 1250 1294 1315 permo-
1367 1230 1368 1237 ’

230 1328 325 1393 veret,
347 1314 462 1401 vulgus
484 1328 516 1377 et
535 1315 639 1393 ceteri,
663 1322 806 1381 “unum
827 1316 930 1381 virum
952 1315 1168 1411 Ducemque,”
1190 1325 1293 1399 spreta

231 1408 254 1441 “
268 1401 401 1464 aliorum
425 1398 583 1485 segnitia,”
602 1400 749 1467 laudibus
770 1402 896 1467 ferrent.
940 1404 1034 1465 Hanc
1052 1422 1100 1463 sur
1120 1398 1237 1462 famam
1256 1418 1294 1459 ea

231 1485 335 1551 statim
348 1483 493 1548 concione
502 1500 721 1562 commoverat,
732 1510 807 1574 qus,
818 1486 952 1551 recitatis
960 1483 1138 1572 Vespasiani
1148 1481 1295 1570 epistolis,

230 1592 305 1650 non,
327 1583 364 1633 ut
385 1569 536 1657 plerique,
552 1570 670 1635 ineerta
682 1572 836 1651 disseruit,
851 1574 914 1637 huc
929 1572 1004 1636 illuc
1023 1585 1178 1635 tracturus
1200 1567 1294 1630 inter-

231 1655 413 1743 pretatione,
435 1671 530 1743 prout
543 1656 759 1737 conduxisset3
782 1682 801 1722 a
841 1672 888 1723 rte
901 1656 1093 1721 descendisse
1106 1655 1139 1717 in
1153 1674 1294 1717 caussam

228 1742 409 1842 ridpbatur:
441 1764 541 1829 eoque
564 1741 683 1828 gratior
705 1743 796 1808 militi
819 1767 857 1809 us
881 1755 957 1821 erat,
982 1740 1082 1829 culpae
1108 1737 1157 1803 vel
1184 1736 1293 1826 gloriae

232 1848 342 1891 socrus.

286 1912 346 1977 IV.
369 1911 518 1977 Proxima
538 1912 675 1978 Cornelii
699 1914 793 1980 Fusci
816 1913 1031 1980 Procurator-is
1055 1910 1238 1976 auctoritas:
1269 1908 1296 1973 is
1390 1926 1394 1933 ·

234 2021 374 2085 quoque,
388 1997 586 2086 inclementer
599 2000 632 2063 in
643 2000 803 2065 Vitellium
817 2000 921 2064 invehi
935 1999 1053 2077 solitus,
1067 1996 1145 2061 nihil
1159 1996 1223 2083 spei
1238 1995 1296 2059 sibi

234 2084 314 2150 inter
325 2083 456 2149 adversa
467 2083 642 2171 reliquerat.
686 2086 782 2153 Titus
793 2086 930 2174 Ampius
942 2084 1122 2163 Flavianus,
1134 2096 1247 2148 natura
1260 2102 1296 2145 ae

236 2304 361 2352 mianum
372 2310 444 2367 puto:
461 2318 504 2351 nec
514 2302 681 2364 mosenum,
692 2320 754 2354 csse
816 2307 906 2369 Aperte
924 2303 1062 2351 descendisse
1102 2298 1219 2365 Suspicsri
1234 2298 1296 2357 licet,

235 2368 326 2415 civibus
337 2369 407 2415 Rom.
417 2368 489 2416 leons
499 2367 578 2418 fuine.
611 2370 668 2418 vid
679 2370 710 2418 sd
719 2370 754 2419 A.
784 2374 825 2419 sed
835 2372 968 2433 absorptum
980 2384 1028 2417 esse
1037 2382 1064 2431 sy
1096 2368 1126 2415 ba
1136 2360 1199 2413 finali
1214 2374 1299 2427 proeoe·

239 2432 316 2492 ⁴³73·
332 2432 406 2481 Enu-
786 2435 862 2485 dentis
879 2432 950 2493 verbi,
966 2442 994 2480 ut
1012 2432 1063 2480 aliis
1078 2431 1134 2479 locis
1152 2432 1299 2478 obseratum

269 2498 340 2548 Idem
354 2511 437 2546 masor
452 2506 535 2547 auca
550 2513 580 2546 ue
594 2499 687 2547 cosidii
701 2501 754 2563 ero]
786 2511 836 2550 ests
852 2500 892 2547 sed
903 2499 973 2546 etism
981 2497 1037 2546 alibi
1047 2496 1153 2560 exempla
1162 2489 1300 2556 ejusomissi

235 2561 363 2672 iiim
377 2563 428 2623 ³²¹³
448 2563 524 2624 ⁸⁰⁸⁸⁵²
586 2579 611 2611 ¹⁰
625 2563 754 2627 'W‘
786 2558 1217 2676 ttittlttltlmltit
1250 2556 1301 2604 st*

252 2690 372 2762 jQuilus
387 2689 632 2754 fortusaiaiatsgro
643 2693 689 2755 ert]
706 2691 755 2738 ic
787 2643 900 2752 quque
919 2693 1014 2751 gratior
1035 2685 1163 2747 militibus]
1189 2686 1228 2736 Sic
1244 2683 1297 2732 edd.

239 2762 267 2801 nt
282 2761 336 2815 post
348 2768 368 2799 c
383 2756 407 2800 4.
420 2752 484 2813 dicit,
495 2753 538 2816 qui
552 2771 621 2820 spem
635 2756 678 2804 sibi
694 2755 755 2804 inter
785 2770 867 2804 ornnes
886 2763 909 2802 et
927 2754 1006 2818 scripti
1024 2753 1106 2816 (etiam
1125 2751 1201 2812 Bud.)
1218 2757 1300 2814 pratu

239 2818 335 2864 adamas
343 2817 492 2881 reliquerunt.
509 2817 582 2868 usn.
787 2821 850 2870 Flos.
863 2819 923 2884 Agr.
937 2818 1002 2867 ctcd.
1014 2834 1049 2882 pr.
1059 2818 1085 2866 in
1098 2817 1183 2881 quibus
1191 2816 1302 2878 ζταυίον.

271 2884 339 2940 dam,
350 2887 453 2929 acedula
463 2883 564 2949 militia]
591 2885 646 2934 Non
656 2899 751 2949 sperno:
788 2885 814 2934 si
824 2884 929 2932 additum
941 2891 999 2931 essct
1009 2889 1091 2931 auctor
1101 2884 1141 2946 (ut
1152 2896 1171 2928 c.
1183 2879 1237 2941 43.)
1246 2891 1301 2942 prc-

238 2947 319 3008 sptius
331 2946 527 3006 tamenfortassc,
540 2950 702 3011 consolatius,
717 2965 756 2997 re·
786 2952 874 2998 barem.
910 2948 1049 3011 Simpliciter
1068 2952 1206 3009 grauiorem
1228 2945 1302 2990 aliem

241 3017 319 3058 serata
340 3013 423 3059 ltalia
454 3012 540 3074 Atque
557 3014 583 3062 id
604 3013 681 3062 Taciti
707 3014 756 3062 sive
787 3008 1301 3073 dici‚intellcctoauctorisvcrbo‚noncrcdos

241 3074 341 3122 Antonii
363 3075 518 3123 concionantis
539 3086 641 3126 mantem
661 3079 757 3142 propius
788 3079 829 3128 scd
837 3079 932 3140 gratior
942 3092 1022 3125 vuum
1032 3084 1098 3141 puto,
1109 3075 1172 3139 quod
1179 3082 1202 3123 et
1212 3073 1267 3122 alibi
1276 3072 1302 3119 in

242 3139 324 3202 nugis.
339 3140 415 3187 Inrs.
448 3139 551 3189 Pichcne
566 3150 693 3190 reseratam
703 3147 757 3192 Ita·
790 3143 831 3191 tali
847 3149 957 3190 contextu
974 3141 1092 3204 scriptores
1106 3139 1135 3189 de
1145 3138 1251 3187 Ducibus
1266 3136 1303 3184 di·

242 3205 310 3259 iiam‚
330 3204 385 3265 quia
400 3204 426 3250 in
443 3203 508 3251 Flor.
525 3213 629 3254 reserato
644 3208 758 3254 militiam
789 3214 853 3254 cunt.
887 3207 993 3255 Gravior
1009 3206 1106 3269 scripsit,
1122 3204 1163 3267 qui
1179 3203 1204 3250 id
1219 3201 1303 3250 melius

242 3282 286 3328 pro
297 3275 424 3314 reseratam
435 3272 467 3321 (v.
480 3269 514 3316 H.
523 3271 547 3328 2,
559 3272 609 3330 89.)
617 3270 680 3334 qnod
690 3271 759 3321 estin
790 3270 946 3335 sequentibus,
959 3271 1073 3333 monimo
1085 3271 1157 3318 Cora.
1172 3269 1248 3315 Fusci
1257 3281 1304 3312 au·

244 3330 280 3377 cd.
296 3344 331 3394 pr.
364 3331 394 3379 Id
411 3332 528 3394 (probarit
540 3335 657 3393 Freinsh.)
674 3334 759 3398 recepit
789 3337 892 3396 mentm,
904 3331 1269 3398 convenireputsbut‚qnssincn
1280 3337 1304 3376 ct

242 3394 270 3442 J.
293 3395 334 3443 rr.
354 3395 492 3444 Gronovius.
525 3399 562 3446 At
581 3399 608 3446 J.
627 3400 759 3448 Gronovius
789 3400 850 3463 greti
873 3399 1012 3465 gradosique
1030 3399 1128 3446 valeant
1164 3397 1264 3444 Grotior
1279 3401 1303 3443 et

241 3459 300 3518 vult,
317 3467 446 3508 reseratum
455 3462 489 3507 ili
497 3464 577 3510 uiam
594 3463 657 3526 quod
670 3479 756 3523 mcor,
787 3465 888 3526 grauior
896 3464 921 3510 in
931 3463 996 3510 libris
1004 3463 1093 3526 scriptis
1100 3459 1217 3520 confundi,
1226 3458 1304 3506 notius

243 3525 360 3572 utmnltis
369 3525 466 3588 placeat.
488 3526 682 3576 Ρίὼειιινειιιιιι
691 3528 758 3577 vidit.
790 3536 832 3589 est,
849 3542 921 3592 quam
936 3535 963 3574 ut
979 3527 1031 3574 aliis
1047 3526 1159 3589 exemplis
1173 3523 1253 3572 docere
1266 3531 1304 3571 at·

244 3588 360 3636 Βαινατι
383 3591 483 3638 Iratum
506 3591 576 3640 ctiam
598 3591 677 3640 Cicero
698 3592 759 3640 dixit
788 3594 867 3641 tineat
883 3592 955 3640 Enn-
980 3593 1174 3653 Graoierprcbst
1183 3589 1305 3640 Gruterus.

244 3650 309 3699 Phil.
317 3653 343 3708 ’1,
353 3653 376 3702 l.
391 3653 464 3704 ΕΠ.
480 3655 543 3703 Bud.
552 3663 654 3704 reserata
662 3657 758 3705 militia.
791 3658 847 3722 Bip.
857 3665 972 3718 reponunt
985 3663 1110 3718 auctorque
1122 3655 1232 3718 gramm
1248 3656 1304 3718 quia

245 3715 307 3777 Bag.
326 3716 388 3764 laall.
406 3726 535 3766 reseratam
555 3722 676 3782 militiam,
695 3721 759 3768 unde
791 3722 894 3786 sequitur
903 3723 1017 3782 proxima
1030 3722 1058 3769 C.
1068 3723 1099 3768 F.
1111 3720 1247 3779 enormitas,
1258 3735 1304 3783 pu-

245 3778 389 3856 indiction
398 3791 525 3831 reseratam
532 3787 605 3832 militi
613 3787 685 3833 mam.
696 3785 759 3834 G'mn
791 3796 831 3835 tan
857 3801 896 3842 ue,
912 3781 982 3832 finem
998 3784 1060 3833 vocis
1077 3785 1198 3834 uidebatur
1214 3787 1305 3848 suppri-

245 3843 297 3891 loco
307 3843 355 3892 Cre.
368 3847 476 3895 citatoct'.
488 3849 522 3896 Η.
531 3851 557 3910 2,
570 3850 607 3905 17.
630 3849 688 3900 (iod.
701 3849 760 3914 Agr.
792 3865 845 3899 men
892 3849 953 3898 vocis
963 3856 1045 3898 auotor
1055 3849 1195 3899 occasionem
1210 3852 1305 3905 desine

240 3908 296 3970 jara
302 3909 413 3970 stactam
423 3914 542 3960 militiano.
705 3937 709 3944 ·
792 3914 909 3979 Equidem
919 3913 944 3960 in
955 3914 1050 3978 vulgata
1059 3915 1184 3979 acquiesco.

280 3974 421 4034 Hoecatque
429 3978 499 4041 talia]
517 3978 556 4026 Sic
564 3978 737 4027 RheneBud.
828 3983 857 4028 T.
868 3981 973 4040 Ampius
988 3978 1131 4040 Flavianus]
1155 3980 1245 4028 Verum
1261 3979 1306 4028 hcc

276 4039 337 4086 Huc
342 4038 399 4084 iiiuc
404 4045 525 4090 tracturus
530 4045 759 4109 interpretationem]
794 4059 879 4092 nomen
890 4043 939 4092 erui
952 4059 965 4090 e
979 4043 1052 4102 libris,
1066 4044 1107 4107 qni
1120 4052 1161 4092 aut
1174 4045 1234 4090 Tam
1246 4045 1306 4106 pius

246 4101 368 4150 Acidaliae
377 4103 684 4169 malcbutistcrpretatious.
712 4108 761 4157 Ve-
794 4103 1111 4172 cutTumpiuspraeierunt,
1122 4107 1306 4156 oohaesuscilicet

246 4165 345 4240 risiare.
372 4165 761 4231 Diochuciltuctrahunnnnon
794 4182 862 4220 notae.
885 4171 1039 4238 Ampiagcns
1049 4171 1307 4229 internanarum,

245 4231 411 4306 interpretatio.
443 4233 641 4295 (licenAcndi,
658 4236 698 4284 88.
711 4237 761 4284 ltoeo
795 4236 876 4300 Vulgo
891 4238 1000 4300 Appium
1014 4236 1052 4284 hic
1068 4236 1138 4298 legas,
1153 4237 1227 4285 falso:
1251 4237 1307 4300 quio

246 4295 443 4371 disputationibus
458 4298 506 4344 luc
519 4305 542 4346 et
556 4301 614 4346 illuc
623 4301 761 4349 traduntura
794 4315 842 4348 non
857 4303 899 4348 uni
913 4301 1000 4365 duplex
1014 4315 1146 4364 prenomen
1160 4317 1209 4350 esse
1223 4301 1308 4366 potuit.

245 4359 280 4406 Et
292 4371 320 4406 ut
331 4359 394 4408 idern
409 4360 435 4408 in
445 4362 514 4410 Brut
529 4363 569 4410 41.
580 4363 641 4411 dixit
655 4379 706 4412 rem
723 4367 760 4412 ob-
794 4365 870 4413 nris.
895 4365 940 4414 ‘Sio
950 4375 973 4414 et
983 4364 1046 4412 Flor.
1057 4380 1103 4413 non
1120 4366 1189 4417 modo
1204 4367 1250 4426 hie,
1267 4363 1307 4412 sed

244 4429 659 4498 {curamintorpretasdeeoplauure
667 4429 762 4477 sicellbi
794 4438 817 4478 ct
827 4429 887 4478 libro
896 4429 1006 4492 superiori
1016 4431 1083 4494 cdii.
1093 4429 1148 4478 MS.
1158 4433 1202 4479 Ar.
1212 4436 1307 4478 cusato-

243 4492 418 4549 mammolo
430 4493 655 4542 luciliuctraisrre.
672 4495 744 4544 Etru.
795 4496 850 4546 tior.
882 4494 914 4544 V.
925 4495 1081 4544 Bnnn.Suct.
1092 4494 1150 4544 Ces.
1161 4496 1203 4546 60.
1219 4495 1292 4544 Eure.
