3059 4975
248 283 320 328 nc.
333 270 396 344 n]
645 267 725 326 sis.
744 266 780 324 v.
802 265 888 326 cin.
909 273 938 328 o.
1257 273 1314 331 su

252 434 365 500 Persas
378 431 489 500 Oriens
501 432 573 510 fuit,
585 428 816 516 despectissima
828 453 902 517 pars
915 430 1133 497 servientium:
1152 441 1321 518 postquem

253 517 443 584 Macedones
461 529 666 605 preepotuerc,
689 515 761 580 Rex
779 516 968 597 Antiochus,
985 517 1110 582 demere
1131 517 1321 604 superstitio·

252 625 324 670 nem
337 615 370 668 et
383 625 483 668 mores
495 603 679 682 Graecorum
691 601 766 667 dere
777 601 923 682 adnixus,
934 626 1000 690 quo
1013 602 1118 666 minus
1131 602 1322 670 tetemmsm

251 706 376 778 gentem
396 690 430 754 in
451 688 563 754 meiius
582 699 729 764 mutaret,
744 688 936 753 Parthorum
955 688 1039 754 bello
1057 688 1237 776 prohibitus
1252 698 1320 754 est:

252 795 326 840 nam
339 799 376 840 ec
385 786 569 872 tempestate
579 776 715 840 Arsaces
726 772 906 840 desciverat
937 775 1027 840 Tum
1039 776 1063 838 J
1065 774 1161 852 udaei,
1173 774 1323 839 Macedo

251 863 345 928 nibus
365 861 520 958 invahdis,
539 859 665 961 Partho
686 858 828 924 nondum
848 859 1042 961 adfilfifleiet
1056 859 1193 959 Romam
1211 860 1322 962 procul

253 949 355 1027 erent)
369 947 428 1014 sibi
440 947 500 1034 ipsi
508 949 822 1098 Regesdsptpoippspizcuz
837 967 894 1096 <pm
907 947 1079 1098 mofflffi
1088 945 1323 1097 didimi

253 1047 716 1217 iiddelslfidetihinirdddjugum,
730 1055 1012 1205 pererituildgaenecss,
1023 1079 1146 1204 elisique
1160 1117 1250 1182 solita
1259 1117 1324 1183 Re-

254 1205 349 1290 gibus
370 1217 715 1291 aus1,superst1t10nem
735 1203 903 1280 fovebant3
929 1205 1007 1292 quio
1025 1204 1126 1268 honor
1147 1203 1321 1284 sacerdotii,

255 1291 484 1356 firmamentum
498 1290 656 1376 potentioe,
673 1289 905 1355 adsumebstur.

299 1377 366 1442 IX.
391 1376 819 1476 iiomanorumnprimusssn
841 1377 1010 1465 Pompeius
1031 1374 1165 1441 Judaeos
1178 1373 1322 1450 domuin

256 1463 477 1644 cirins
491 1475 724 1644 εςςὲεὲἕ
740 1476 1003 1626 ἕὲἕςὲςς
1015 1461 1326 1611 ”dm

258 1633 348 1698 Muri
363 1633 653 1719 Hierosolymorum
667 1633 776 1712 nmo,
790 1633 959 1698 delubrum
971 1648 1093 1698 mansit.
1135 1634 1229 1712 Mox,
1241 1630 1326 1698 εἰν-ὼ

292 1896 365 1956 Deip.
377 1911 404 1958 p.
414 1897 570 1943 servantium
580 1902 705 1958 postquam
716 1893 774 1956 etc]
807 1896 865 1946 chus
875 1896 912 1943 M.
932 1896 970 1945 At
977 1893 1187 1959 postEpiphmcm
1196 1892 1326 1942 mucimu-

260 1957 320 2006 Haec
338 1959 453 2008 distiuctio
470 1969 504 2008 est
522 1976 537 2008 s
555 1959 680 2019 numano,
699 1959 777 2024 quoad
807 1961 850 2008 lidi
861 1960 993 2024 Syrifuerc.
1025 1960 1191 2024 Itaqueverhs
1205 1958 1327 2007 istouncis

259 2037 351 2071 comme
365 2024 434 2072 hodio
451 2035 485 2072 est
500 2033 553 2072 ante
570 2025 632 2084 Res,
648 2039 703 2072 cum
719 2025 777 2073 olim
808 2025 898 2072 inclusi.
931 2023 1020 2084 Qnaesi
1030 2025 1083 2087 quis
1092 2021 1280 2081 Tocitcudserst,
1291 2021 1327 2070 fc-

260 2097 374 2149 punctum
389 2098 463 2136 esset:
481 2095 591 2152 queunte
599 2096 725 2150 postquam
740 2089 777 2136 in·
808 2105 874 2137 rum:
892 2091 922 2136 sb
934 2089 1017 2137 Tacito
1025 2087 1122 2152 quidem
1134 2087 1193 2135 nihil
1203 2085 1326 2149 madefe-

261 2153 415 2216 tcrpungitur,
433 2155 483 2215 jem
499 2164 533 2202 est
549 2153 574 2200 in
591 2153 665 2203 MSS.
683 2153 718 2202 ed
738 2169 778 2218 pr.
807 2162 852 2204 rst-
872 2153 945 2202 Ean.
987 2152 1044 2216 Bip·
1063 2161 1135 2200 utcun
1152 2167 1182 2200 ue
1204 2150 1328 2212 vulgatum

260 2213 332 2264 Eun.
350 2218 415 2266 Bud.
428 2233 483 2266 mox
494 2220 600 2266 adnisas.
808 2227 911 2279 mentor,
922 2217 986 2282 quod
996 2217 1127 2266 Antiochus
1165 2214 1277 2280 piphsnes
1291 2223 1329 2262 st·

292 2283 362 2330 Nam
372 2298 397 2330 ea
407 2282 551 2347 tempestate]
568 2283 652 2331 Errare
661 2283 699 2331 hic
708 2283 778 2332 Taci-
808 2283 856 2332 'um
870 2283 979 2332 adversm
989 2281 1089 2330 Parthos
1103 2281 1193 2330 beilum
1206 2279 1328 2327 infeliciter

260 2358 320 2408 tum,
338 2348 458 2395 convenit:
476 2347 571 2396 confuso
581 2347 700 2396 Antiocho
716 2347 778 2412 Epi·
809 2348 912 2412 gesserit,
921 2364 945 2397 v.
952 2349 1059 2396 Msccsb.
1067 2349 1093 2406 2,
1100 2349 1124 2396 9.
1133 2344 1245 2409 qnodque
1252 2344 1328 2391 Am·

260 2415 336 2478 phanc
354 2427 409 2460 cum
427 2411 553 2471 Antiocho,
568 2411 704 2474 cognomine
719 2414 778 2471 Θεῷ.
810 2413 868 2461 cide
877 2412 932 2461 inde
942 2428 972 2460 ex
981 2412 1058 2475 primo
1067 2413 1167 2459 Arsacis
1177 2422 1263 2457 nomen
1272 2421 1328 2466 con·

262 2481 327 2528 Nam
340 2479 384 2525 sub
398 2476 442 2526 hoc
454 2479 550 2525 Arsaces
564 2475 653 2525 defem-
687 2476 717 2525 In
731 2494 779 2541 quo
810 2477 939 2527 tmusrintz
957 2477 1024 2526 Brot.
1038 2476 1085 2540 legi
1091 2476 1329 2538 jubetArmessorsm

262 2544 328 2593 valde
339 2542 480 2605 diligentiam
492 2540 550 2590 tenti
565 2542 679 2605 scriptoris
689 2541 777 2590 deside·
811 2544 868 2591 bello
878 2551 901 2591 et
909 2543 1027 2591 Artaxias
1036 2543 1173 2601 desumat,
1181 2540 1211 2587 de
1221 2554 1268 2603 quo
1277 2538 1329 2600 Ap-

260 2624 302 2657 res.
330 2606 395 2654 Nam
406 2608 459 2654 satis
467 2606 779 2669 magnumestintervsilum
810 2607 910 2671 pinnis
922 2606 1162 2673 Syspllistlssl.
1186 2602 1329 2653 Sedethuic

259 2674 319 2721 iuter
335 2680 468 2735 utrumque,
480 2686 534 2719 cum
550 2671 631 2719 Theos
646 2672 675 2719 sit
689 2671 778 2730 tertius,
809 2680 833 2721 et
843 2672 889 2721 iliis
903 2674 987 2730 obstat,
998 2670 1070 2735 quod,
1084 2686 1113 2719 cs
1127 2678 1203 2729 stou,
1219 2668 1265 2716 dici
1280 2681 1329 2715 non

260 2738 308 2801 Epi
324 2736 395 2783 hanes
410 2744 503 2783 octavus
516 2736 588 2797 Syriae
602 2736 663 2794 Rex,
675 2743 698 2783 et
712 2737 780 2800 pueri
810 2738 891 2801 possit,
906 2738 1012 2784 Parthos
1030 2736 1134 2783 nondam
1143 2735 1214 2783 fuisse
1228 2734 1328 2790 aaa„

154 2844 156 2849 .
260 2802 286 2852 in
356 2800 414 2847 entis
425 2800 523 2857 decant,
535 2801 579 2847 sub
589 2814 636 2861 quo
646 2800 728 2847 Parthi
738 2800 779 2847 de·
811 2798 1150 2865 quodutiqucsstsu'Antiochi
1159 2796 1328 2871 Deicouucnitt

261 2864 365 2927 fecerint,
374 2878 389 2911 a
399 2878 446 2925 quo
457 2862 576 2911 Antiocho
586 2862 688 2911 maxime
698 2863 780 2911 Judaei
812 2865 850 2913 Sic
862 2866 893 2913 ab
908 2879 984 2913 errore
999 2863 1096 2912 Tscitus
1109 2862 1214 2912 inmunis
1225 2868 1330 2924 pann

262 2929 346 2979 vexsfi.
380 2926 486 2985 Accedit,
503 2926 566 2991 quod
580 2927 673 2991 epoche
684 2927 780 2976 Arsaci-
812 2943 859 2977 uon
869 2928 1013 2991 poteritnec
1022 2928 1151 2991 quidquam
1159 2929 1236 2988 jussi,
1244 2924 1290 2973 ists
1299 2924 1331 2972 dc

263 2993 347 3044 derum
361 2991 454 3039 initium
466 2992 499 3039 its
514 2991 603 3039 cirrum
616 3000 639 3039 et
653 2992 730 3041 nobile
740 2992 779 3051 sit,
811 2992 938 3042 descedens
947 2991 1043 3041 Arsacis
1050 2992 1193 3040 omousio
1201 2990 1332 3047 inclusisse,

263 3068 291 3107 ut
304 3058 370 3106 nullo
384 3056 454 3103 modo
464 3056 502 3104 vel
517 3056 636 3105 mediocris
646 3056 742 3120 scriptor
754 3057 780 3103 in
811 3072 871 3123 quos
881 3055 978 3122 proinde
985 3055 1077 3105 sustuli.

263 3122 308 3171 hoc
317 3121 417 3186 potuerit
431 3136 512 3169 errare.
545 3120 716 3185 Itaquecredo,
728 3136 779 3170 ver·
845 3122 1040 3185 Romosiprocul
1048 3118 1330 3184 erant1SicMSS.Flor.

264 3190 295 3237 ba
304 3188 370 3235 haec:
387 3202 443 3233 nam
450 3201 477 3233 ea
485 3191 618 3249 tempestate
628 3187 730 3235 Arsaces
741 3188 781 3233 de·
814 3187 901 3251 (Bud.)
912 3187 973 3249 Agr.
986 3185 1023 3234 cd,
1032 3202 1068 3250 pr.
1079 3184 1143 3250 quod
1153 3183 1239 3248 recepi
1262 3182 1330 3231 Beti-

262 3255 371 3311 sciuerat,
379 3264 427 3299 esse
437 3249 620 3298 additamentum
629 3251 730 3313 imperiti
737 3250 782 3299 ho-
813 3251 855 3316 qui
864 3252 919 3299 libri
928 3253 1033 3301 meant.
1048 3251 1122 3300 Euri.

264 3316 343 3377 minis,
370 3314 554 3379 uodemsrgiue
568 3315 593 3362 in
609 3322 781 3364 texmmvene·
845 3317 953 3379 Scitipsi
964 3314 1195 3379 chesimposaere}
1216 3312 1334 3362 lioBrot,

263 3382 300 3438 rit,
312 3390 339 3429 ut
371 3382 377 3390 '
393 3380 437 3441 ,de
450 3380 535 3443 quibus
545 3379 597 3429 aliis
606 3378 663 3427 locis
673 3379 782 3429 vidimus.
813 3380 882 3430 refert
891 3396 1002 3429 nummos
1012 3379 1127 3429 Simeonis
1141 3378 1262 3441 inscriptos
1272 3392 1297 3426 Δ.
1310 3390 1330 3424 1.

265 3446 406 3495 Parthorum
416 3444 477 3493 bello
493 3459 547 3492 sane
556 3444 685 3507 prohibitus
696 3444 782 3495 Antio-
813 3442 1334 3499 ernnsunurromsrsnsrnvelsrorc,

264 3511 322 3559 chus
338 3510 474 3574 Epiphanes
489 3508 535 3557 dici
550 3516 632 3573 potest,
646 3524 694 3573 quo
703 3509 783 3557 minus
813 3512 843 3559 de
868 3510 939 3559 misus
948 3510 1055 3561 omnium
1064 3510 1137 3558 instet
1146 3506 1239 3556 nemsi
1248 3506 1330 3555 Doctr.

265 3575 284 3623 J
285 3576 361 3625 ndaeos
371 3575 524 3639 opprimeret:
541 3589 606 3632 nem,
615 3588 669 3621 cuin
679 3576 784 3623 maxine
814 3576 840 3623 N
867 3607 874 3621 .
886 3583 930 3624 vet
939 3583 957 3623 t.
967 3576 992 3623 3.
1008 3590 1034 3638 p.
1043 3576 1103 3624 465.
1133 3572 1181 3622 Sed
1190 3571 1281 3635 regium
1289 3585 1333 3620 no-

267 3648 379 3703 prcmeret
394 3640 413 3687 J
415 3637 499 3698 udum,
515 3638 541 3685 in
552 3638 650 3687 Parthos
661 3638 782 3702 belligero-
814 3654 869 3689 men
879 3640 918 3689 hie
927 3654 974 3689 non
985 3640 1062 3689 stricte
1071 3636 1217 3703 cepimdum

266 3712 318 3751 tum
328 3704 393 3765 abiit,
409 3704 487 3767 ibique
501 3711 606 3751 mortuus
619 3710 660 3751 est.
694 3705 724 3751 ld
734 3719 783 3753 uon
846 3706 944 3754 Jadaecs
960 3705 1063 3769 denuit]
1082 3704 1177 3753 Jodoeas
1192 3716 1273 3751 omnes
1287 3716 1332 3751 scr.

267 3766 397 3831 intelligens
407 3769 477 3816 homo
490 3768 619 3832 imperitus,
635 3768 783 3833 credensque,
816 3770 898 3833 (etism
915 3770 979 3818 Flos.
996 3779 1020 3818 et
1035 3768 1110 3829 Bud.)
1129 3776 1153 3816 et
1169 3767 1221 3816 cdd.
1238 3775 1333 3823 veteru,

267 3833 351 3879 mutan
362 3834 508 3881 Parthorum
521 3848 579 3893 esse,
590 3832 654 3895 quod
663 3849 679 3881 s
691 3833 785 3881 Parthis
831 3834 978 3897 uosinspcxi.
995 3834 1091 3899 Lipsius
1100 3832 1262 3881 taciteomisit.
1280 3832 1333 3881 Un-

265 3896 359 3945 illatum
378 3896 416 3954 sit,
430 3896 491 3943 hauc
505 3898 599 3945 stultam
615 3906 638 3947 ct
652 3897 785 3962 imperitam
815 3852 845 3948 de
856 3899 968 3959 Pichenn,
979 3897 1333 3964 promorcsumvulgotissh-

266 3962 372 4009 notulam
379 3960 470 4022 adjecit,
478 3977 530 4024 que
538 3976 566 4009 ne
577 3962 681 4026 inpuero
688 3963 785 4027 quidem
816 3980 865 4013 esse
885 3963 949 4020 dicit,
972 3964 1124 4030 restituitque.
1168 3963 1229 4011 Sene
1249 3960 1336 4009 melius

267 4026 368 4075 ferenda.
419 4026 471 4073 Nec
492 4026 632 4073 conveniunt
656 4027 783 4092 sequentis.
816 4030 913 4077 abesset.
947 4028 994 4077 Sed
1009 4045 1080 4095 supra
1092 4031 1143 4091 jem
1159 4025 1250 4087 nmnui,
1264 4024 1337 4071 nimis

270 4092 343 4150 Num,
355 4092 374 4139 si
390 4090 486 4139 Tacitus
495 4090 539 4138 istc
553 4090 659 4152 dedisset,
671 4101 786 4156 putasset·
817 4094 899 4142 multis
914 4093 970 4142 locis
988 4094 1023 4143 itu
1037 4096 1093 4159 poni
1108 4091 1211 4149 nomme,
1228 4098 1256 4136 ut
1271 4088 1336 4137 wito

269 4172 315 4219 quc
331 4156 360 4203 de
375 4154 494 4203 Antiocho
510 4156 561 4212 Θεῷ
579 4171 628 4205 mse
644 4157 785 4221 accipiendis,
817 4174 886 4207 sensu
896 4162 1085 4223 posscutahesse,
1119 4157 1180 4205 Mox
1195 4155 1271 4200 astus
1285 4154 1337 4217 eff·

269 4236 322 4333 pure
339 4219 367 4269 dc
378 4220 465 4269 vexetis
481 4218 571 4269 Jndmis
587 4221 738 4282 truderentur,
755 4237 786 4269 sn
816 4225 870 4285 gies
884 4223 941 4273 MS.
960 4224 1040 4272 Gueii'.
1059 4222 1186 4272 esurus
1207 4218 1261 4265 Ber·
1278 4218 1335 4266 nte.

286 4285 372 4344 ixisset,
388 4287 417 4333 ab
433 4301 461 4333 eo
479 4293 582 4347 tempore
593 4285 735 4336 Maccdonas
749 4286 787 4333 in·
820 4289 892 4338 Eun.
924 4288 1066 4337 Emendavit
1077 4287 1152 4334 Rhen.
1165 4282 1252 4333 cBud.

271 4349 359 4398 validus
376 4350 465 4399 titisse?
488 4365 543 4399 cum
559 4359 611 4413 post
626 4351 788 4401 fueritAutio·
853 4356 916 4403 Mos·
935 4354 992 4401 mtto
1008 4354 1074 4400 civiti
1092 4350 1201 4413 murac]
1222 4347 1271 4396 Gur
1287 4345 1338 4395 huc
