3059 4975
200 298 259 357 206
583 291 886 357 HlSTORIARUM
1095 304 1142 376 [Α.
1155 322 1186 363 o.
1201 307 1268 364 8230

199 459 395 527 sermonibus
423 457 628 546 temperabat,
653 460 828 525 inmodicus
856 461 975 548 lingum
996 476 1028 527 et
1052 464 1194 553 obsequii
1220 468 1271 531 in·

199 545 317 612 solens:
341 546 458 611 litteras
477 544 518 609 ad
534 544 762 631 Vespasianum
784 548 969 634 composuit,
988 550 1156 635 jactantius
1171 574 1266 653 quam

199 632 240 697 ad
259 632 448 719 Principem,
471 654 527 695 nec
552 630 617 694 siue
639 631 760 697 occulta
781 633 814 695 in
838 634 1025 699 Mucianum
1048 636 1265 702 insectatione:

200 725 223 761 ‘1
238 740 271 782 se
283 717 477 782 Pannonicas
489 715 625 803 legiones
639 715 671 779 in
685 738 773 782 arma
786 718 901 805 egisse:
925 722 989 785 suis
1004 722 1135 787 stimulis
1149 725 1267 788 excitos

199 804 325 869 Moesiae
346 804 470 867 Duces:
501 824 558 866 sua
577 800 749 867 constantia
809 817 934 893 rruptas
952 806 1062 893 Alpes,
1083 824 1266 895 occupatam

200 889 336 967 Italiam,
345 889 514 975 intersepta
522 888 751 953 Germanorum
760 826 1012 979 delatoremque
1020 892 1144 958 auxilia
1169 895 1267 967 Quod

198 974 354 1039 discordes
366 974 583 1060 dispersasque
593 972 714 1039 Vitellii
727 974 865 1062 legiones
877 977 1014 1063 equestri
1031 978 1175 1066 procella,
1190 1002 1264 1044 mox

197 1060 340 1147 peditum
354 1059 398 1137 vi,
417 1081 473 1146 per
487 1060 571 1123 diem
592 1071 788 1146 noctemque,
803 1060 945 1141 fudisset,
965 1064 999 1128 id
1021 1064 1264 1151 pulcherrimum

196 1159 229 1210 et
250 1146 299 1209 sui
318 1145 428 1233 operis.
473 1146 590 1210 Casum
605 1146 770 1211 Cremonae
790 1146 872 1211 bello
895 1148 1125 1235 inputsndum:
1148 1152 1265 1237 majore

198 1231 322 1308 damno,
349 1230 488 1319 plurium
512 1230 638 1295 urbium
660 1230 797 1311 excidiis,
815 1238 933 1297 'veteres
955 1234 1072 1299 civium
1095 1235 1265 1302 discordias

198 1316 395 1404 Reipublicae
406 1316 533 1381 stetisse.
556 1318 588 1381 N
590 1338 631 1379 on
646 1339 677 1380 se
692 1317 820 1397 nuntiis,
831 1340 933 1405 neque
942 1319 1089 1407 epistolis,
1101 1321 1155 1383 sed
1168 1344 1264 1385 mauu

197 1414 229 1467 et
239 1402 332 1467 armis
343 1402 527 1500 Imperatori
540 1424 598 1466 suo
608 1401 757 1469 militare:
781 1426 883 1504 neque
892 1404 1014 1469 officere
1026 1405 1135 1492 gloriae
1144 1429 1262 1486 comm,

196 1488 253 1575 qui
267 1487 377 1551 Asiam
391 1486 514 1552 interim
528 1489 774 1575 composuerint:
797 1489 858 1553 ilhs
872 1490 997 1555 Moesiae
1010 1514 1129 1578 pacem,
1145 1492 1202 1556 sibi
1216 1516 1264 1557 sa·

196 1574 294 1639 lutam
310 1574 569 1661 securitatemque
583 1573 692 1652 Italiae,
706 1574 793 1639 cordi
807 1573 910 1639 fuisse.
957 1576 1029 1641 Suis
1042 1578 1263 1641 exhortationi-

196 1661 257 1725 bus
272 1658 390 1724 Gallias
405 1659 647 1747 Hispaniasque,
662 1659 883 1723 validissimam
902 1676 1055 1725 marum
1074 1674 1206 1749 partem,
1221 1665 1263 1728 ad

197 1744 424 1832 Vespasianum
438 1767 609 1809 conversas.
656 1744 719 1809 Sed
732 1744 876 1809 cecidisse
892 1746 926 1809 iu
944 1746 1074 1811 inritum
1093 1747 1222 1826 labores,
1238 1750 1263 1812 si

193 1829 323 1979 proenria
341 1828 550 1917 periculorum
572 1828 628 1894 soli
649 1829 872 1916 adsequantur,
885 1832 942 1917 qui
1002 1832 1107 1897 riculis
1127 1855 1190 1897 nou
1208 1833 1263 1898 ad-

210 1916 339 1981 uerint.”
382 1919 450 1982 Nec
473 1914 610 1979 fefellere
631 1938 668 1979 ea
688 1914 893 1980 Mucianum:
926 1854 1003 1983 indi
1023 1940 1135 2005 graves
1156 1918 1263 1983 simul-

195 2015 289 2067 tates:
324 2025 403 2100 quas
425 2000 585 2067 Antonius
614 1999 793 2088 simplicius,
820 2002 991 2071 Mucianus
1014 2004 1137 2083 callide,
1162 2028 1261 2092 eoque

192 2088 407 2176 inplacabrlius
419 2088 586 2153 nutriebat.

238 2174 331 2240 LIV.
355 2174 404 2239 At
418 2173 572 2251 Vitellius,
586 2172 692 2237 fiacus
705 2171 794 2261 apud
808 2173 995 2238 Cremonam
1016 2176 1120 2254 rebus,
1135 2175 1261 2240 nunnus

195 2259 291 2325 cladis
315 2258 483 2337 occultans,
509 2256 605 2323 stulta
628 2256 882 2337 dissimulatione,
906 2256 1044 2323 remedia
1066 2260 1171 2348 potius
1196 2284 1260 2324 ma-

193 2344 307 2423 lorum,
322 2367 418 2431 quam
432 2342 524 2423 mals,
539 2340 712 2410 differebat.
749 2345 876 2432 Quippe
888 2344 1047 2411 confitenti
1060 2344 1260 2411 consultanti-

217 2454 257 2496 ue
280 2443 461 2518 supererant
483 2452 553 2516 spes
574 2429 734 2519 viresque:
757 2452 832 2496 cum
853 2430 1044 2497 econtrario
1065 2431 1136 2498 lata
1156 2431 1260 2498 omnia

192 2454 1259 2692 leus,

193 2689 219 2753 si
240 2689 355 2769 liceret,
370 2710 442 2752 vere
456 2688 624 2768 narraturi)
640 2687 715 2774 quia
728 2686 925 2766 vetabantur,
947 2687 1098 2752 atrociora
1110 2688 1258 2775 vulgave-

191 2788 272 2840 rant.
316 2777 383 2839 Nec
405 2776 511 2839 Duces
535 2773 672 2838 hostium
696 2771 849 2858 augeodae
872 2772 966 2838 famae
991 2772 1128 2854 deerant,
1150 2786 1258 2861 captos

192 2859 312 2926 Vitellii
332 2859 542 2949 exploratores
560 2857 862 2945 circumductosque,
882 2859 1051 2931 utrobora
1063 2859 1189 2924 victoris
1205 2883 1259 2925 ex·

191 2945 305 3011 arcitus
325 2959 495 3024 noscerent,
515 2943 717 3009 remittendo:
764 2965 821 3008 uos
842 2965 948 3009 omnes
963 2944 1121 3025 Vitellius,
1142 2959 1258 3010 secreto

192 3045 423 3119 percunctatus,
442 3031 575 3096 interfici
592 3028 696 3116 jussit.
774 3029 881 3094 otabili
900 3031 1072 3097 constantia
1094 3031 1257 3111 Centurio,

192 3274 277 3333 lugan
288 3271 350 3320 nor.
362 3268 451 3332 (Bud)
462 3269 612 3334 Gaettdgr.
624 3269 660 3318 ed.
672 3283 708 3334 pr.
735 3269 802 3321 Nam
820 3278 845 3319 et
864 3271 890 3319 in
908 3273 1028 3335 sufflasti
1044 3273 1093 3320 sint
1106 3271 1257 3335 intelligenda

192 3345 325 3401 suusque
343 3349 424 3384 omnes
445 3343 498 3383 ante
520 3334 630 3400 lipsium
649 3349 708 3410 quas
737 3338 808 3384 autc.
828 3335 900 3384 Ena.
929 3337 1256 3398 Bud.tsgraceseeoct,i.e

192 3401 256 3458 vidia
278 3401 320 3466 qui
337 3403 436 3464 lingua,
450 3398 527 3448 nescio
543 3400 614 3461 unde,
629 3399 709 3448 eduis.
753 3401 894 3461 memrot,
909 3401 1090 3477 deprimebatur,
1105 3409 1134 3449 at
1150 3401 1256 3448 animum

192 3466 295 3516 Piehens
305 3466 365 3514 illud
377 3464 483 3513 reddidit.
515 3465 650 3540 Utrumque
659 3465 708 3513 usi-
736 3417 1130 3530 desponderetetmesudioermc
1156 3463 1254 3513 siccis.

191 3539 268 3579 tatum
283 3531 372 3580 Tacito.
405 3529 459 3589 Seu,
474 3529 657 3594 quagesimae
672 3545 707 3578 se·
737 3529 768 3578 de
785 3531 839 3579 Seo-
858 3530 897 3578 ll.
913 3544 1011 3593 corporo
1028 3531 1197 3594 resumam
1218 3531 1255 3575 ta.

192 3595 280 3659 qrritur,
291 3597 378 3658 lingua
393 3595 418 3643 h.
428 3595 444 3642 l.
456 3594 547 3642 melius.
563 3595 637 3643 Eas.
658 3595 707 3641 Pe·
734 3601 887 3656 gravescunt.

191 3661 277 3719 stan,
288 3660 391 3724 intellige
401 3661 526 3707 mantuan.
774 3661 836 3707 Vera
843 3661 968 3707 mamre
998 3655 1192 3706 Sicadd.omnes
1201 3656 1256 3705 inde

194 3747 195 3750 ¹
224 3724 258 3772 Id
263 3724 625 3788 peknentmametsuloperts]
643 3722 708 3770 Ten·
737 3723 852 3772 aPuteol.
879 3723 953 3771 Atat
1006 3720 1254 3786 sternumenta

191 3789 405 3848 mansionata
418 3790 458 3836 aaa
471 3790 556 3850 operta
588 3787 707 3836 Esteuim
738 3787 896 3852 edm-acre.
923 3786 952 3834 'J.
962 3786 1094 3834 Gronovius
1105 3787 1256 3850 putaturisse

191 3853 272 3901 fortius
283 3861 306 3900 et
316 3853 415 3901 Antonii
428 3853 507 3902 animo
516 3851 625 3916 digniusa
641 3860 665 3900 et
675 3851 708 3900 sic
738 3867 795 3900 vero
805 3853 950 3900 monetari.
983 3851 1065 3900 Etiam
1076 3865 1202 3899 oeream.
1210 3867 1256 3915 pu-

190 3933 238 3966 non
254 3931 302 3966 uno
316 3917 367 3966 loco
378 3927 401 3966 at
415 3917 465 3982 ipse
476 3917 571 3966 Tacims
582 3915 706 3977 etlrivius,
737 3915 1202 3992 mereremintqueaccidenon
1213 3915 1255 3963 sed

190 3982 456 4046 vdut2,2.idtffcsra,
466 3982 707 4031 uastantem.
737 3982 860 4045 vulgatum
874 3981 974 4030 meliust
993 3995 1026 4030 ste
1040 3997 1060 4030 a
1075 3981 1116 4028 ⁶6.
1126 3990 1184 4028 extr.
1197 3993 1254 4027 ocra

189 4045 707 4160 ΡωιθνιιιιοιιιιιιίιιιηΜῦΑἻιοίειιάὶι
736 4047 845 4095 dmum.
877 4045 1255 4118 Prouarratsrfflsmffiaar·

189 4112 267 4178 «ιρι.
276 4114 433 4162 Cremonense
450 4110 521 4159 Eas.
538 4111 577 4160 Bu
610 4111 705 4174 etrum.
735 4107 1251 4175 rare‚enpr.nmasu‚ueumqueasoea

191 4179 319 4226 Cremerae.
499 4239 505 4250 ι
640 4241 647 4258 .
736 4175 810 4252 dart.
827 4175 1045 4253 'Budaumrmn
1072 4173 1253 4248 Omsmsusco-

221 4237 703 4368 sustentaturum
734 4239 1254 4353 sustentamenta

187 4369 245 4431 hae,
265 4369 441 4434 intelligendum
461 4369 558 4415 malum
591 4367 637 4416 Sed
656 4367 703 4416 lor·
733 4369 896 4420 mannes

188 4434 378 4499 malqmdum
389 4434 624 4496 tagraoacebaama
631 4433 701 4484 mala.
766 4435 877 4487 Notabile
887 4435 1031 4500 aarum]
1064 4433 1125 4484 Haec
1135 4446 1175 4496 ap,
1185 4431 1253 4480 Suet.
