3059 4975
218 279 368 355 aaron
546 278 622 336 nm.
645 275 703 334 111.
723 270 809 336 cnr.
830 279 880 343 ss,
896 278 947 336 so.
1225 282 1279 336 ru

261 438 358 507 th.
379 440 427 513 Ut
440 450 588 505 terrorem
604 440 706 505 Italiae
723 458 863 527 possessa
877 436 1036 518 Meuania,
1050 464 1087 506 ac
1099 442 1187 507 velut
1200 462 1287 505 rena-

219 537 289 591 tum
315 546 354 591 ex
379 526 501 613 integro
525 525 654 605 bellum,
681 525 847 591 intulerat:
877 524 923 589 ita
944 526 1031 590 haud
1055 527 1189 592 dubium
1212 550 1287 613 erga

219 612 385 677 Flavimsas
403 625 506 699 partes
528 612 668 677 studium
688 624 753 676 tam
772 610 907 698 pavidus
920 611 1041 677 Vitellii
1062 613 1213 677 discessus
1231 616 1288 678 ad-

218 698 307 763 didit.
354 697 488 771 Erectus
516 698 639 763 Samnis
661 697 874 784 Pelignusque
896 709 928 761 et
950 698 1050 762 Marsi
1078 699 1285 779 aemulatione,

219 784 305 871 quod
325 782 498 871 Campania
511 782 718 871 praeveuisset‚
734 797 771 847 ut
789 784 822 845 in
841 801 923 846 novo
936 783 1097 871 obsequio,
1119 784 1160 849 ad
1176 802 1289 851 cuncta

218 868 292 933 belli
318 871 427 934 munia
450 888 535 935 acres
561 880 657 933 erant.
704 869 766 933 Sed
788 867 874 932 foeda
897 867 1008 946 bieme,
1038 894 1096 957 per
1121 871 1286 935 transitum

217 956 381 1043 Apennini
401 956 595 1020 conflictatus
620 955 783 1032 exercitus
804 968 836 1017 et
854 954 907 1018 vix
928 955 1035 1041 quieto
1057 956 1180 1042 agmine
1200 955 1292 1022 nives

218 1041 437 1121 eluctantibus,
451 1041 565 1128 patuit,
580 1055 733 1129 quantum
752 1035 939 1105 discriminis
953 1042 1134 1105 adeundum
1148 1043 1239 1121 foret,
1254 1042 1287 1107 ni

219 1126 385 1191 Vitellium
409 1141 493 1192 retro
515 1130 656 1193 Fortuna
674 1127 833 1199 vertisset3
865 1147 938 1214 quae
963 1126 1121 1191 Flavianis
1143 1129 1288 1193 Ducibus

217 1232 281 1277 non
303 1212 406 1278 minus
420 1236 512 1302 saepe,
528 1229 623 1301 quam
644 1214 734 1291 ratio,
751 1212 863 1277 adfuit.
907 1212 1047 1278 Obvium
1062 1213 1125 1277 illic
1139 1210 1287 1279 Petilium

221 1297 372 1362 Cerialem
393 1300 540 1379 habuere,
555 1300 669 1386 agresti
683 1299 770 1364 c'ultu
787 1311 820 1363 et
840 1298 951 1364 notitia
970 1299 1110 1363 locorum
1131 1300 1287 1365 custodias

218 1382 340 1450 Vitellii
349 1384 497 1472 elapsum.
521 1390 586 1451 Pro·
607 1386 705 1471 inqua
718 1384 861 1449 adfinitas
873 1384 987 1449 Ceriali
998 1408 1072 1449 cum
1083 1385 1285 1472 Vespasiano,

218 1489 276 1533 nec
289 1470 356 1569 ipse
369 1469 521 1559 inglorius
541 1404 677 1535 militiae:
701 1493 801 1557 eoque
814 1470 894 1533 iuter
909 1472 1016 1535 Duces
1030 1471 1216 1559 adsumptus
1230 1487 1285 1537 est.

219 1554 331 1619 Flavro
345 1580 471 1645 quoque
487 1557 602 1622 Sabino
616 1580 651 1621 an
667 1548 849 1621 Domitiano
867 1556 1004 1643 patuisse
1017 1556 1180 1641 effugium,
1195 1558 1287 1621 multi

218 1641 384 1707 tradidere.
407 1648 453 1709 Et
466 1643 550 1709 missi
560 1642 601 1707 ab
614 1644 754 1710 Antonio
768 1642 870 1706 nuntii
885 1666 941 1729 per
951 1642 1053 1707 varias
1066 1641 1193 1705 fallendi
1207 1655 1289 1707 artes

217 1729 432 1876 penetrabant,
454 1728 558 1795 locum
577 1752 613 1793 ac
626 1728 807 1816 praesidium
827 1742 1042 1793 monstrantes.
1087 1728 1221 1793 Sabinus
1241 1730 1288 1792 in-

241 1813 354 1877 tbilcm
375 1814 473 1879 labori
495 1828 527 1881 et
547 1814 686 1879 audacie
705 1813 915 1879 valetudinem
936 1816 1154 1879 caussabatur:
1178 1814 1288 1878 Domi-

218 1896 303 1963 tiano
321 1898 430 1965 aderat
450 1902 589 1974 animus3
614 1899 669 1963 sed
690 1900 833 1963 custodes
854 1923 874 1963 a
887 1900 1017 1965 Vitellio
1035 1899 1152 1973 additi3
1177 1918 1288 1986 quam·

219 2002 315 2071 qutun
337 2007 370 2049 se
391 1988 489 2051 socios
513 1987 600 2073 fugae
620 1986 848 2072 promitterent,
871 1996 1032 2071 tamquam
1049 1984 1228 2049 insidiantes
1250 1986 1288 2049 ti-

219 2068 395 2137 tuebantur.
438 2074 549 2173 Atque
570 2072 635 2159 ipse
658 2069 816 2149 Vitellius,
841 2082 983 2157 respectu
1008 2091 1135 2135 suarum
1152 2072 1289 2135 ,uecessi-

219 2154 377 2237 tudinum,
397 2158 475 2222 nihil
495 2180 529 2222 1n
543 2156 758 2223 Domitianum
780 2170 871 2220 atrox
891 2156 1031 2243 parabat

263 2241 338 2306 LX.
362 2244 469 2309 Duces
482 2244 619 2331 partium
630 2254 667 2307 ut
679 2242 825 2309 Carsulas
835 2265 956 2320 venere,
970 2266 1087 2329 paucos
1097 2243 1137 2307 ad
1151 2243 1290 2329 requiem

219 2323 285 2391 dies
299 2342 438 2409 sumunt,
452 2329 550 2395 donec
560 2328 674 2416 aquilae
689 2328 713 2393 si
737 2352 757 2391 n
799 2352 839 2392 ue
852 2327 1010 2413 legionum
1024 2328 1285 2416 adsequerentur:

217 2425 250 2478 et
262 2413 350 2494 locus
362 2416 430 2504 ipse
442 2429 614 2481 castrorum
628 2352 780 2504 placebat,
806 2427 856 2478 ate
869 2427 1084 2502 prospectans:
1109 2428 1179 2480 tuto
1189 2415 1291 2503 copia·

218 2521 290 2564 rum
312 2501 460 2602 adgestu:
487 2501 710 2568 florentissimis
730 2523 813 2590 pone
832 2514 955 2586 tergum
976 2501 1092 2566 munici
1115 2501 1169 2566 iis:
1195 2502 1289 2586 simul
1332 2522 1335 2526 ·

219 2587 385 2675 conloquta
400 2611 474 2656 cum
489 2588 672 2667 Vitellianis,
692 2588 799 2652 decem
820 2586 954 2651 millium
975 2611 990 2650 s
1032 2588 1075 2651 tio
1090 2525 1288 2666 distantibus,

208 2684 251 2737 et
298 2673 411 2740 roditio
436 2677 631 2764 sperabatur.
660 2675 776 2760 AEgre
797 2673 832 2737 id
858 2675 925 2760 pati
953 2693 1051 2750 rmeS,
1073 2684 1105 2738 et
1126 2673 1288 2753 victoriam

219 2781 252 2822 m
295 2783 322 2838 e,
337 2783 434 2908 guam
457 2783 581 2849 paoem:
606 2783 645 2824 ne
660 2783 730 2823 suas
744 2759 897 2845 quideml
938 2758 1022 2822 'ones
1035 2759 1287 2846 opperiebantur,
1320 2817 1323 2823 .
1373 2795 1377 2802 .

220 2856 259 2908 ut
271 2865 339 2930 prae
363 2866 401 2926 ae,
416 2868 512 2933 quam
531 2845 741 2932 periculorum
755 2844 859 2908 socias.
938 2859 1042 2915 ocatos
1055 2847 1095 2908 ad
1105 2845 1288 2910 concionem

221 2929 382 2995 Antonius
402 2931 527 2996 docuit:
558 2938 580 2970 “
597 2953 662 2994 esse
683 2930 788 2995 adhuc
807 2928 936 2993 Vitellio
952 2929 1043 3006 vires,
1066 2930 1239 3016 ambiguas,
1262 2932 1289 2995 si

220 3013 445 3094 deliberarent3
467 3041 564 3097 acres,
580 3017 605 3082 si
618 3016 841 3102 desperassent.
879 3013 973 3080 Initia
983 3013 1137 3080 bellorum
1149 3015 1288 3080 civilium

255 3174 508 3236 Postuertam]
537 3174 742 3222 Portarraestoc·
772 3175 835 3221 aive.
857 3171 930 3222 Euri.
963 3173 1001 3222 Sic
1013 3173 1076 3237 Agr.
1089 3174 1127 3230 17.
1140 3176 1288 3238 diffinrltates

222 3249 322 3306 wpatas
339 3247 396 3288 utc
409 3240 433 3286 8.
450 3241 557 3286 Possem
575 3240 626 3300 ipso
636 3239 740 3286 transitu
770 3240 892 3286 amurca
922 3237 985 3286 Bud.
995 3240 1288 3309 atvcmlactoatidutlna

223 3301 741 3420 mffimfffflnum
770 3303 1001 3430 Marassa]
1024 3367 1221 3416 serratam.
1245 3369 1287 3416 n.

254 3437 360 3498 Emptas
374 3433 484 3496 Samari]
513 3431 543 3480 In
554 3432 618 3480 Flor.
630 3439 738 3479 creature
771 3431 808 3480 fra
823 3447 843 3480 c.
857 3431 897 3478 68.
914 3433 1005 3479 Fadius
1022 3433 1131 3493 Sabinas,
1149 3433 1189 3481 sed
1205 3449 1225 3481 c.
1239 3450 1286 3498 seq.

116 3540 119 3546 .
221 3499 329 3549 redillud
337 3499 420 3563 placet,
429 3505 533 3560 ereptum
542 3511 626 3560 nempe
634 3495 738 3554 Vitellio,
772 3498 862 3544 ruva
895 3496 957 3545 Mox
967 3495 1027 3559 Agr.
1038 3499 1172 3558 prodidere.

221 3563 264 3640 qui
281 3564 418 3626 possidebat
436 3561 513 3621 ,Aut
533 3562 553 3609 si
570 3569 668 3619 erectas,
688 3561 739 3624 capi
806 3562 944 3611 Cumara
959 3563 1052 3609 Vitellio
1061 3563 1138 3610 adam
1168 3562 1287 3613 Usitatum

220 3629 275 3677 hcet
282 3629 366 3677 amma
377 3635 461 3676 mectos
468 3629 498 3674 ob
507 3626 597 3676 Vitellii
606 3627 739 3684 discessum,
771 3627 868 3674 verbum
879 3624 908 3674 de
918 3625 1058 3686 custodibus,
1069 3629 1130 3676 utri
1147 3627 1152 3638 '
1178 3643 1288 3692 utsupra

221 3699 246 3741 st
256 3692 412 3741 sicdefecissc.
430 3693 505 3747 lues.
538 3694 640 3740 Erectus
656 3689 740 3754 recepit
771 3691 844 3738 aas.
858 3691 897 3750 13,
911 3692 949 3739 18.
981 3691 1062 3740 Ated.
1074 3708 1109 3756 pr.
1122 3693 1204 3754 abditi,
1220 3695 1288 3742 solita

206 3771 209 3775 ·
222 3757 335 3813 l’icherts,
346 3757 416 3821 idque
426 3756 500 3804 secuti
509 3765 659 3804 suutomnes.
676 3754 739 3803 Gou-
770 3754 796 3804 in
806 3756 844 3804 his
854 3756 928 3804 verbis
938 3755 1077 3804 mnfusioue.
1094 3757 1167 3806 Eun.

221 3821 294 3876 sentit
312 3820 348 3869 ed
368 3835 403 3884 pr.
423 3820 502 3868 Recte
535 3821 592 3868 Nou
614 3834 689 3868 sermo
705 3825 740 3867 est
804 3822 871 3868 Pone
881 3822 989 3884 tergum]
1006 3821 1068 3869 Bud.
1076 3829 1243 3886 posttergans.
1384 3855 1386 3860 ·

221 3886 252 3935 de
266 3885 382 3950 occupatis
398 3884 422 3932 vi
438 3885 540 3948 popidis,
557 3885 597 3932 sed
613 3885 642 3932 de
658 3883 740 3932 studiis
807 3887 945 3947 Utproedae,
955 3901 1026 3947 quam
1032 3888 1073 3950 μ]
1090 3886 1145 3934 MS.
1154 3888 1214 3952 Agr.
1223 3887 1288 3936 addit

221 3951 363 4015 popalomm
379 3949 405 3997 in
422 3957 513 4012 partes:
536 3949 566 3996 de
582 3949 739 4012 quibuspro-
766 3952 866 4012 potiare
883 3949 976 3997 frustra.
1004 3950 1035 3998 Id
1045 3950 1144 4014 intelligi
1154 3954 1227 4002 voluit
1237 3953 1287 4000 Ta·

221 4015 559 4078 pdumrerbumestcrcctus.
577 4013 649 4062 Ean.
675 4012 738 4062 Bud
770 4013 839 4073 ciuis,
857 4023 885 4061 ut
898 4014 961 4061 alibi.
987 4013 1059 4062 Eun.
1093 4016 1149 4080 Bip.
1163 4017 1288 4078 conjiciunt-
1361 4046 1367 4056 ·

221 4085 323 4142 ereptus.
770 4080 884 4140 quomodo
893 4093 947 4139 prr.
957 4093 1002 4126 roc.
1034 4080 1081 4128 Sed
1096 4085 1182 4144 magis,
1196 4083 1286 4143 potius,

256 4144 513 4207 Ntvcreluctunttbeu]
542 4142 736 4192 SicbsneeMS.
770 4153 848 4191 noster
863 4143 972 4207 frequens
988 4144 1077 4193 omittit
1094 4145 1286 4196 subaudiendum.

223 4208 287 4257 sud
298 4209 397 4257 munit
412 4207 488 4255 Rhen.
502 4207 627 4272 vulgatum
645 4208 698 4256 aiae
715 4223 739 4254 sc
769 4207 802 4256 V.
813 4206 891 4256 index.

223 4271 384 4322 motantibus.
400 4271 523 4336 originem
535 4271 739 4336 corruptslaeindi-
810 4273 1183 4336 &liberarent-demeruerant]
1216 4270 1286 4320 Acid.

223 4346 261 4386 cst
270 4336 306 4385 ed.
320 4351 355 4400 pr.
368 4351 420 4400 qua
430 4336 500 4384 habet
510 4338 584 4385 minu
594 4352 618 4384 se
628 4339 740 4384 tatanu-
770 4337 839 4385 mslit
848 4339 1166 4400 estimaret-desperasset
1175 4335 1223 4384 scil.
1241 4336 1286 4386 Vi·

223 4403 282 4452 bare
299 4400 458 4452 monstrosein
475 4400 622 4464 primarum,
633 4401 742 4465 quescit
771 4401 855 4450 tollius
1096 4464 1116 4520 2
