3059 4975
208 245 279 286 ac.
295 230 355 301 γι]
592 197 671 279 nm.
693 220 715 277 1.
739 219 831 279 car.
856 226 900 282 ιι.
1236 230 1272 285 25

208 405 390 479 usurpatam
405 389 498 452 etiam
511 386 543 449 ln
558 408 635 472 pace
649 384 788 449 donativi
803 384 1013 449 necessitatem
1028 385 1110 451 bello
1124 386 1276 474 perdidis.

208 492 287 542 sent.
338 479 480 552 Constat,
505 472 642 574 potuisse
663 471 819 535 conciliari
847 471 966 534 animos
990 471 1277 559 quantulacumque

208 563 295 651 parci
306 563 386 627 senis
395 559 578 624 liberalitate
588 582 595 621 :
607 556 715 620 nocuit
721 557 870 643 antiquus
877 556 963 643 rigor
971 572 1002 623 et
1009 558 1276 639 ‘nimiaseveritas3

208 649 261 713 cui
270 650 338 735 jam
351 669 442 735 pares
455 667 519 710 non
532 664 649 707 sumus

254 736 352 799 XIX.
367 732 445 796 Inde
453 729 540 831 apud
548 730 699 793 Senatum
709 750 772 791 non
780 729 933 815 comptior
939 727 1062 809 Galbae,
1072 752 1135 793 non
1144 728 1276 816 longior,
1318 736 1321 745 '

232 842 306 884 uam
320 843 339 883 a
361 818 406 882 ud
420 816 550 881 militem
560 836 678 879 sermo:
698 814 821 878 Pisonis
834 814 930 878 comis
943 815 1051 879 oratio.
1088 818 1133 880 Et
1145 816 1276 883 Patruni

209 846 300 971 llavor
312 842 434 983 aderam
457 902 548 966 multi
562 899 723 965 voluntate
735 900 881 978 effusius3
904 900 960 986 qui
973 899 1147 981 noluerant,
1161 902 1277 983 medie}
1329 928 1331 931 ·

211 1016 248 1056 ac
264 991 392 1079 plurimi
411 989 505 1053 obvio
522 985 683 1071 obsequio,
702 984 840 1071 privatas
856 1006 926 1135 spes
944 986 1106 1072 agitantes,
1133 988 1198 1051 sine
1219 1012 1279 1075 pu-

211 1078 293 1141 blica
305 1099 390 1141 cura.
419 1076 488 1139 Nec
500 1071 588 1137 aliud
601 1070 743 1157 sequenti
755 1070 860 1157 quatri
884 1094 925 1133 uo
952 1070 1038 1157 quod
1049 1073 1187 1137 medium
1198 1074 1279 1139 inter

211 1163 410 1249 adoptionem
428 1174 461 1223 et
482 1159 600 1224 caedem
619 1156 696 1239 fuit)
719 1155 839 1221 dietum
860 1180 880 1220 a
899 1158 1013 1221 Pisone
1033 1158 1067 1221 in
1087 1158 1214 1245 publico
1234 1160 1280 1225 fa-

211 1261 344 1312 ctumve.
389 1244 606 1311 Crebrioribus
618 1242 652 1305 in
665 1240 732 1305 dies
747 1242 942 1306 Germanicae
956 1242 1136 1308 defectionis
1149 1246 1277 1324 nuntiis,

212 1348 244 1398 et
257 1333 341 1398 facili
353 1332 478 1397 civitam
492 1330 533 1394 ad
546 1327 727 1415 accipienda
738 1326 956 1414 credendaque
969 1328 1075 1393 omnia
1092 1351 1183 1409 nova,
1206 1354 1279 1395 cum

212 1421 313 1484 tristia
337 1431 422 1496 sum,
447 1427 630 1481 censuerant
653 1416 774 1492 Patres,
804 1413 972 1479 mittendos
993 1414 1034 1478 ad
1057 1416 1281 1481 Genuameum·

212 1504 384 1569 exercitum
397 1503 530 1590 legatos:
545 1502 698 1587 agitatum
712 1512 838 1577 secreto,
856 1521 934 1564 num
947 1513 979 1563 et
988 1500 1063 1564 Piso
1077 1502 1282 1587 proficiscere:

213 1604 275 1670 tur,
289 1591 408 1677 majore
421 1599 594 1676 praetextu3
614 1584 660 1649 illi
674 1584 889 1649 auctoritatem
906 1587 1048 1662 Senatus,
1064 1586 1114 1652 hic
1128 1587 1281 1671 dignatio-

213 1699 285 1739 nem
305 1675 436 1740 Caesaris
453 1674 583 1738 laturus.
621 1670 769 1735 Placebat
788 1684 820 1734 et
840 1670 1008 1751 Laconem,
1033 1673 1177 1737 Praetorii
1196 1676 1282 1737 Prae-

213 1761 342 1838 fectum,
368 1759 460 1825 simul
474 1760 576 1823 mitti:
602 1757 629 1821 is
649 1756 777 1819 consilio
800 1756 979 1821 intercessit.
1023 1758 1137 1844 Legati
1155 1780 1281 1845 quoque

215 1848 303 1928 (nam
319 1848 452 1911 Senatus
464 1844 645 1909 electionem
660 1840 774 1906 Galbae
787 1842 981 1929 permiserat)
1003 1842 1090 1907 foeda
1105 1844 1282 1908 inconstan-

214 1933 259 1996 tia
271 1931 433 2009 nominati,
443 1929 593 2006 excusati,
608 1927 779 2005 substituti,
790 1926 911 1992 ambitu
921 1929 1100 1993 remanendi
1111 1942 1166 1993 aut
1176 1929 1281 2009 eundi,

213 2030 422 2104 utquomque
435 2027 537 2079 metus
551 2012 601 2077 vel
615 2034 685 2100 spes
697 2012 863 2098 inpulerat.

249 2207 339 2268 amp.
358 2208 430 2252 ettam
444 2205 470 2249 ta
481 2216 540 2265 pace
551 2196 621 2264 dora]
642 2198 680 2247 Cf.
697 2199 732 2246 Α.
764 2200 790 2245 in
809 2202 904 2261 publico
923 2200 1001 2250 Guell.
1024 2200 1061 2265 (et
1075 2199 1151 2262 Bud)
1174 2210 1200 2249 ut
1221 2200 1284 2250 Flor.

218 2270 259 2331 12,
268 2270 308 2317 tl.
765 2264 843 2313 Ceteri
861 2266 897 2331 (in
912 2265 949 2314 his
959 2264 1032 2328 Agr.)
1049 2268 1075 2314 ia
1087 2268 1219 2327 publicam.
1251 2271 1284 2315 Iu

246 2336 324 2383 Paret
340 2330 413 2394 tenir]
435 2331 474 2381 Sic
495 2330 548 2381 edd.
569 2344 657 2378 omnes.
676 2329 733 2378 MS.
760 2330 856 2390 publico
867 2330 951 2395 recepit
961 2330 1071 2379 Pichena
1084 2330 1157 2378 Ean·
1181 2331 1283 2380 Priscam

213 2406 292 2446 tamen
300 2397 364 2445 Bud
371 2412 394 2458 q.
402 2411 480 2459 parva
491 2398 530 2442 lib.
541 2403 565 2443 et
574 2394 733 2442 inGnelt'.ex-
764 2392 934 2444 distinctionem
941 2410 995 2442 cnm
1002 2395 1058 2459 Bip.
1064 2394 1164 2459 reposui,
1172 2396 1284 2459 aptiorem

213 2462 271 2511 cidit
281 2464 352 2520 senis,
366 2461 472 2510 additum
483 2474 571 2509 amen.
582 2474 627 2508 see.
637 2460 734 2508 Rhene·
765 2457 860 2523 quippe.

213 2542 260 2576 nus
275 2526 410 2589 conjiciebat
431 2533 636 2588 quantamcunque
652 2538 733 2588 paruo
799 2525 897 2589 Majore
913 2523 1048 2588 protextu]
1069 2523 1135 2584 Quid
1150 2525 1217 2585 illud,
1234 2542 1285 2573 ma·

215 2594 255 2639 lib.
265 2598 492 2653 autquoatacunque
503 2591 658 2648 liberalitem
670 2587 734 2652 quod
759 2589 837 2651 joret
874 2591 1013 2654 Suspectum
1034 2588 1094 2637 mihi
1117 2589 1156 2638 bic
1179 2593 1284 2640 verbum.

213 2657 308 2705 melius.
323 2655 369 2704 Sed
377 2655 498 2717 vulgatum
506 2655 649 2702 benehabet.
660 2654 734 2702 aas.
766 2653 843 2702 nus.
860 2654 897 2702 At
907 2663 941 2702 est
951 2655 976 2702 in
987 2655 1095 2702 omnibns
1105 2653 1179 2703 libris.
1199 2655 1284 2706 Sensus

215 2721 248 2769 In
259 2720 323 2768 Bud.
329 2735 408 2782 paruo
418 2719 519 2782 glossam
529 2719 596 2781 sapit.
766 2733 814 2766 esse
830 2725 917 2782 potest:
938 2727 1071 2782 praetextus,
1088 2718 1130 2782 qui
1145 2719 1284 2768 obtendeba-

251 2785 329 2840 Quom
339 2785 403 2845 apud
415 2781 528 2844 militem]
544 2784 582 2832 sie
593 2783 657 2830 nor.
667 2781 732 2830 nun
765 2789 805 2830 tur
817 2799 833 2830 a
843 2782 1001 2843 suadentibus,
1017 2785 1087 2831 verbo
1102 2797 1129 2830 ae
1144 2783 1219 2846 speeie
1233 2799 1285 2832 ma-

215 2847 450 2912 Agruuufedpr.
472 2848 560 2896 Geterae
570 2849 666 2896 mutto.
684 2847 734 2896 Ve-
764 2846 811 2907 jor,
827 2861 899 2910 quam
914 2863 950 2895 res
964 2863 991 2895 ae
1005 2848 1040 2894 vis
1050 2855 1116 2895 esset.
1148 2849 1212 2896 Nam
1223 2848 1285 2898 dice-

216 2911 494 2975 tusrestituitRyclriusr
508 2915 575 2985 bene3
592 2912 668 2960 Eun.
766 2912 838 2959 bant:
865 2920 893 2959 ut
914 2910 985 2974 legati
1006 2912 1105 2960 Senatus
1126 2912 1285 2960 auctoritatem

250 2976 734 3040 Etputrumsoooraderat:multt]llune
767 2990 845 3023 secum
866 2975 896 3022 ad
913 2977 1040 3023 exercitum
1056 2975 1148 3036 ferrent,
1166 2977 1198 3024 sie
1215 2976 1284 3025 illum

215 3036 445 3094 loeumdistinctione
454 3040 669 3090 restituitFreinsh.
679 3057 735 3090 enm
768 3039 865 3088 Casama
884 3040 1051 3104 dignationem,
1073 3055 1146 3104 eaque
1161 3041 1191 3088 de
1205 3056 1286 3104 caussa

215 3116 271 3156 ante
285 3115 337 3171 post
351 3106 456 3166 <ffatim
469 3114 493 3152 et
504 3107 579 3152 aredio
595 3107 694 3169 (majore
703 3105 736 3153 si·
766 3103 905 3168 legationem
921 3105 1032 3166 maiorem
1048 3105 1096 3153 vim
1112 3105 1142 3152 ad
1152 3105 1286 3154 coercendos

216 3171 275 3234 gno)
301 3170 510 3233 interpungeretur.
555 3169 669 3233 Idemque
691 3185 735 3233 pro
766 3169 852 3216 milites
875 3169 1013 3218 habituram.
1057 3168 1104 3220 Sed
1123 3170 1200 3233 potius
1218 3187 1286 3232 prte-

217 3238 293 3284 medie
305 3235 369 3283 dedit
382 3235 462 3282 aredii.
496 3235 580 3282 Mente
596 3248 676 3282 omnes
691 3249 735 3284 scr.
768 3239 859 3281 matum
875 3233 904 3281 de
918 3235 992 3298 specie
1005 3235 1047 3296 rei,
1063 3233 1192 3297 splendore,
1209 3235 1285 3298 digni-

217 3311 242 3349 et
257 3299 310 3348 edd.
331 3298 394 3362 quod
413 3297 515 3346 defendit
534 3299 648 3362 Ryekius,
668 3299 736 3360 eujus
768 3305 815 3345 tate
824 3297 961 3361 capiendum
972 3309 1038 3362 puto,
1054 3310 1081 3346 ut
1097 3307 1121 3346 et
1133 3299 1189 3346 alibi
1202 3300 1286 3348 dicitur

216 3364 274 3414 MS.
290 3365 390 3412 habebut
405 3365 490 3421 medie,
508 3370 535 3412 ot
546 3365 658 3426 plorimi.
680 3362 736 3412 Vox
768 3362 832 3425 apud
842 3371 945 3410 nostrum
956 3378 1009 3410 nc.
1020 3379 1041 3412 c.
1052 3364 1091 3418 76.
1103 3373 1126 3410 et
1136 3363 1201 3410 alios.
1229 3363 1286 3412 Vid.

216 3431 293 3477 medie
304 3443 352 3476 nun
366 3435 402 3476 est
414 3427 456 3475 illa
471 3427 566 3492 quidun
581 3427 678 3492 optima,
696 3427 736 3476 sed
770 3427 872 3474 Gronov.
888 3425 919 3474 ad
935 3428 1014 3476 Senes.
1030 3428 1095 3490 epist.
1116 3427 1156 3481 71.
1200 3428 1286 3478 Sensus

216 3495 243 3542 in
254 3493 338 3542 Tacito
347 3499 426 3539 tumen
435 3492 561 3550 toleranda,
572 3501 600 3540 ut
609 3491 667 3541 alie.
698 3493 737 3540 Ea
769 3490 840 3554 igitur
856 3498 905 3538 este
923 3499 950 3538 ut
965 3493 1039 3552 major
1052 3490 1172 3553 legationis
1187 3491 1287 3554 dignitas

218 3556 736 3619 benerespondetanteeedentibusuoluatutc3
770 3563 836 3604 esset.
866 3554 901 3605 Et
924 3554 970 3603 fuit
990 3555 1032 3603 illa
1052 3555 1185 3604 deliberatio
1204 3555 1287 3605 Galbm

217 3625 323 3684 effredus.
350 3620 397 3668 Sed
411 3621 445 3668 ita
457 3637 494 3678 ac,
511 3629 539 3669 ut
551 3621 641 3684 opinor,
657 3621 737 3669 delen-
770 3628 863 3681 semem,
874 3633 921 3668 non
932 3621 1078 3681 Senatorum,
1090 3629 1113 3668 et
1122 3621 1181 3670 inter
1194 3621 1288 3672 amicos.

218 3685 534 3746 dumt'oret,etscribendum
542 3686 737 3748 oredieplurim33
770 3684 842 3732 Ean.

121 3789 124 3796 .
218 3760 261 3800 aut
275 3767 330 3798 cum
346 3750 406 3812 Agr.
422 3756 448 3796 ot
460 3752 572 3812 plurimi,
589 3750 660 3813 idque
675 3750 737 3798 utin
802 3751 903 3797 Ambitio
918 3751 1054 3798 remeandi
1069 3757 1111 3798 out
1127 3747 1210 3814 cundi]
1228 3751 1285 3801 h.e.

218 3815 351 3879 parenthesi
364 3815 454 3862 dimum
469 3814 637 3878 accipiendum.
669 3813 738 3863 Certe
771 3813 829 3862 dum
841 3814 882 3862 alii
895 3830 937 3879 per
950 3815 1049 3878 gratiam
1063 3825 1244 3880 consequuntur,
1261 3827 1288 3865 ut

218 3890 346 3943 utrumque
363 3879 456 3936 melius,
479 3895 550 3942 quam
566 3879 738 3928 Freinshemia-
770 3878 897 3927 liberentur
909 3896 924 3927 a
937 3879 1059 3942 legatione,
1076 3881 1116 3928 alii
1131 3881 1165 3930 ire
1181 3882 1285 3945 cupiunt.

219 3960 278 3993 num
297 3945 378 4002 medii,
398 3941 462 4007 quod
477 3945 600 4005 agitabant
616 3943 737 4001 desiderat,
772 3943 865 4000 Nescio,
876 3959 917 3994 cnr
928 3945 1025 3992 Heinsio
1035 3944 1099 3993 locus
1109 3955 1227 4009 suspectus
1237 3946 1288 3994 fue-

220 4023 267 4056 non
283 4011 408 4070 agitantes.
448 4007 517 4056 Prius
533 4008 618 4056 melius
633 4017 698 4071 puto,
715 4016 739 4056 et
771 4007 810 4068 rit,
827 4008 868 4071 qui
884 4010 1001 4056 renitendi
1017 4011 1127 4059 tentabat.
1151 4011 1223 4058 Ean.
1256 4012 1286 4058 In

221 4089 250 4119 oc
268 4084 351 4120 natum
366 4089 380 4120 e
395 4072 458 4119 mela
473 4073 670 4136 interpunctioner
698 4073 738 4120 sed
772 4071 821 4119 cod.
845 4072 904 4135 Agr.
930 4073 1047 4122 invenerat
1071 4077 1195 4124 retinendi.
1227 4074 1288 4122 Mox

222 4139 320 4185 alterum
331 4146 423 4184 secutus
434 4151 486 4184 sum
496 4146 590 4200 propter
599 4136 677 4185 libros.
694 4137 739 4186 Ce-
772 4135 836 4184 Bud.
846 4136 916 4186 habet
925 4140 965 4184 ille
973 4146 1034 4186 auct.
1045 4139 1108 4204 quod
1117 4142 1199 4204 probat
1210 4139 1288 4186 Rhen.

222 4211 297 4250 terum
319 4201 344 4248 in
359 4201 468 4249 omnibus
483 4202 593 4250 membris
608 4201 739 4264 intelligen-
772 4201 919 4252 nullaaensu.
946 4203 1019 4251 Porro
1026 4205 1103 4252 Rhen.
1114 4205 1182 4252 refert
1192 4205 1215 4250 in
1224 4201 1286 4249 Bou.

222 4266 280 4316 dum
285 4267 408 4329 fovebunt,
420 4266 482 4329 quod
493 4266 549 4314 latet
560 4266 584 4313 in
596 4267 670 4316 verbis
680 4283 739 4330 prae-
773 4269 856 4314 esseni
869 4269 964 4314 covasilio
974 4269 1049 4331 potitu
1060 4269 1092 4318 ibi
1101 4279 1133 4318 est
1144 4271 1167 4316 ln
1177 4282 1236 4314 cous.
1249 4265 1289 4312 sed

221 4331 364 4390 cedentibus,
372 4333 551 4393 putrumsouor
563 4334 651 4380 adorat.
678 4331 740 4379 Mox
773 4340 850 4394 aperto
861 4331 948 4381 librarii
958 4333 1020 4381 vitio.
