3059 4975
254 256 401 330 san]
587 254 665 311 crs.
687 252 738 314 ιν.
759 253 851 314 cur.
872 256 923 325 ar,
943 259 993 315 53.
1263 258 1321 317 ase

255 416 461 483 nuntiavere.'
490 416 635 481 Aderant
656 416 751 517 legati
775 417 874 505 Regis
895 416 1054 505 Vologesi,
1076 425 1098 471 l‘
1113 418 1329 505 quadraginta

256 502 447 567 Parthorum
461 503 602 589 equitum
624 502 740 567 millra''
755 504 928 567 offerentes
972 504 1182 590 Magnificum
1199 504 1323 569 lectum-

255 610 327 671 que,
344 588 437 652 tantis
451 588 605 652 sociorum
619 588 742 653 auxiliis
756 588 879 667 ambiri,
893 610 996 675 neque
1009 589 1158 676 indigere.
1200 591 1324 655 Gratiae

256 672 410 761 Vologese
424 686 512 755 actae,
526 672 783 759 mandatumque,
800 682 823 715 ‘⁶
837 688 874 738 ut
887 672 1006 760 legatos
1024 674 1066 739 ad
1081 678 1238 739 Senatum·
1252 678 1325 741 mit

255 769 334 822 teret
347 770 379 823 et
398 784 506 847 pacem
525 782 591 823 esse
611 760 729 833 seireff⁸
773 758 990 846 Vespasianus,
1011 761 1191 825 in‘ltaliam
1213 785 1325 848 resque

255 844 342 909 urbis
356 845 504 923 intentus
516 845 678 909 adversam
689 844 729 907 de
740 844 922 910 Domitiano
931 845 1048 909 famam
1059 847 1194 934 accipit:
1214 856 1235 886 ‘⁴
1247 862 1326 912 tam-

255 953 350 1016 quam
370 931 518 995 terminos
537 930 638 995 aetatis
659 943 690 994 et
709 953 853 996 concessa
866 929 931 994 filio
951 931 1179 1017 egrederetur.”
1204 933 1326 1021 Igitur

256 1015 474 1080 validissimam
489 1015 643 1081 exercitus
661 1031 783 1103 partem
798 1016 875 1081 Tito
888 1016 994 1096 tradit,
1009 1016 1052 1082 ad
1064 1016 1184 1105 reliqua
1197 1021 1221 1082 J
1222 1020 1325 1085 udaiei

255 1100 330 1165 belli
343 1100 559 1188 perpetranda.

300 1187 383 1253 LII.
406 1188 528 1265 Titum,
545 1199 714 1275 antequam
733 1186 959 1273 digrederetur,
979 1186 1080 1251 multo
1095 1188 1183 1275 apud
1203 1203 1326 1277 patrem
1343 1205 1347 1213 '

258 1294 397 1336 sermone
416 1294 520 1337 orasse
540 1273 712 1352 dicebatur,
735 1280 757 1313 “
772 1295 812 1337 ne
826 1272 1057 1337 criminantium
1078 1274 1196 1339 nuntiis
1210 1289 1327 1340 temere

256 1358 493 1423 accenderetur:
518 1358 739 1445 integrumque
760 1381 792 1422 se
813 1381 849 1421 ac
868 1357 1051 1444 placabilem
1069 1359 1136 1424 filio
1153 1369 1327 1446 prestaret.

258 1444 332 1507 Non
354 1438 510 1529 legiones,
519 1466 581 1507 non
596 1444 718 1525 classes,
732 1443 862 1531 perinde
874 1444 964 1507 firma
976 1444 1099 1531 imperii
1119 1445 1327 1527 munimenta,

258 1551 353 1615 quam
377 1550 543 1593 numerum
565 1528 743 1593 liberorum.
788 1531 872 1593 Nam
893 1530 1007 1593 amicos
1025 1545 1174 1616 tempore,
1188 1533 1326 1612 fortuna,

258 1612 457 1699 cupidinibus
471 1614 651 1701 aliquando,
666 1626 722 1679 aut
736 1614 904 1694 erroribus,
924 1615 1069 1693 inminui,
1084 1619 1256 1696 transferri,
1272 1618 1326 1683 de-

258 1698 372 1763 sinere:
407 1724 501 1765 snum
525 1700 639 1787 cuique
662 1701 845 1787 sanguinem
872 1701 1084 1781 indiscretum,
1111 1702 1165 1766 scd
1191 1705 1328 1767 maxime

259 1784 477 1871 Principibus:
499 1809 635 1873 quorum
656 1786 812 1874 prosperis
833 1799 864 1850 et
886 1785 938 1850 alii
956 1789 1112 1865 fruantur,
1132 1786 1263 1853 adversa
1283 1790 1326 1853 ad

254 1870 465 1955 junctissimos
479 1872 671 1958 pertineant:
696 1896 735 1936 ne
749 1871 900 1936 fratribus
914 1871 1042 1959 quidem
1062 1894 1240 1937 mansuram
1254 1898 1327 1938 con-

259 1955 408 2034 cordiam,
421 1956 453 2020 ni
466 1980 578 2057 parens
589 1958 768 2045 exemplum
777 1958 990 2044 praebuisset.”
1010 1958 1227 2045 Vespasianus,
1240 1958 1328 2024 baud

258 2064 348 2128 aeque
360 2042 540 2106 Domitiano
551 2042 721 2129 mitigatus,
733 2065 830 2130 quam
842 2044 910 2108 Titi
920 2043 1035 2131 pietate
1045 2043 1197 2130 gaudem,
1214 2052 1233 2082 “
1242 2045 1330 2110 bono

258 2150 325 2190 esse
347 2127 473 2191 animo''
491 2128 595 2216 jubet,
625 2128 814 2215 “belloque
836 2142 868 2194 et
891 2129 986 2193 armis
1008 2128 1249 2215 Rempublicam
1272 2130 1328 2195 ad-

259 2212 382 2277 tollere:
407 2213 465 2278 sibi
486 2236 593 2302 pacem
608 2214 800 2301 domumque
814 2237 900 2279 curae
912 2214 1009 2280 fore.”
1034 2254 1037 2256 Δ
1053 2216 1141 2278 Turn
1155 2213 1329 2280 celerrimas

258 2296 395 2377 navium,
405 2300 563 2364 frumento
571 2314 708 2379 onustae,
719 2300 912 2366 saevoadlinc
920 2300 998 2365 mari
1006 2300 1179 2364 oommittit.
1203 2300 1330 2389 Quippe

255 2398 342 2449 tanto
353 2384 533 2449 discrimine
543 2386 618 2450 urbs
633 2387 776 2465 nutabat,
788 2398 824 2449 ut
835 2386 943 2452 decem
957 2386 1044 2450 baud
1055 2386 1193 2473 amplius
1203 2387 1328 2451 dierum

257 2466 450 2621 frubm‘cntnm
469 2471 505 2538 iu
527 2472 645 2538 horreis
667 2472 773 2553 fuerit,
796 2494 868 2537 cum
890 2470 1118 2562 aVespasiano
1137 2487 1328 2539 commeatus

260 2580 295 2620 sn
319 2579 439 2622 venere.

308 2642 399 2709 LIII.
424 2644 541 2710 Curam
555 2644 739 2710 restituendi
753 2644 890 2733 capitolii
910 2645 943 2711 in
959 2644 998 2709 L.
1014 2644 1182 2711 Vestinum
1196 2646 1327 2725 confert,

292 2821 459 2881 Qrccdrogioto
467 2821 629 2883 Parthorum]
647 2821 776 2870 Necnirnis
849 2824 942 2872 Coram
955 2823 1094 2870 rertltraendl
1105 2823 1210 2884 capitolii
1224 2824 1328 2888 confert]

258 2898 301 2946 pro
321 2883 362 2930 illo
383 2885 449 2947 Rege
467 2893 491 2932 et
509 2883 592 2930 militia
611 2884 681 2930 totins
699 2887 775 2947 gentis
809 2886 906 2934 Confert
922 2886 946 2932 in
958 2885 1026 2932 illurn
1041 2887 1091 2946 iarn
1101 2887 1198 2934 dictum
1229 2888 1275 2935 Sed
1286 2888 1329 2935 ad-

259 2947 365 3010 equestri.
399 2949 465 2996 Idem
477 2963 587 2996 numerus
597 2947 621 2994 in
633 2947 743 2996 Suetonio
754 2965 774 2996 c.
807 2950 853 2996 fuit
862 2950 934 3012 igitur
941 2949 1109 3012 Vespasianus,
1120 2965 1151 2998 an
1162 2951 1239 2998 abfuit
1247 2955 1261 3000 ?-
1275 2951 1329 2999 Ar-

260 3012 284 3058 6.
324 3013 457 3076 Vologesen
475 3013 614 3075 promisisse
631 3013 682 3060 XL
699 3015 777 3060 millia
806 3014 878 3061 fnisse
888 3016 1013 3062 Suetonius
1024 3014 1208 3062 fortiterdicitc.
1221 3017 1245 3063 8.
1273 3019 1330 3077 Ipse

259 3078 451 3136 sagittariorum.
484 3079 539 3124 Non
559 3083 664 3140 pugnat:
693 3091 778 3141 nempe
807 3081 980 3126 restitutionem
991 3080 1098 3140 capitolii
1112 3093 1248 3140 aggressor,
1259 3081 1330 3127 rode-

259 3141 347 3202 equites
363 3142 397 3188 illi
415 3141 532 3205 sagittarii,
549 3150 577 3188 ut
592 3141 674 3200 solent,
688 3149 712 3190 et
724 3143 778 3205 hip-
807 3144 1106 3206 ribosporgondi'emoour
1113 3144 1328 3206 odowvilprimor,

259 3213 383 3266 potoxotae.
418 3207 610 3265 Quidamtamen
621 3206 778 3255 libriinSue·
808 3209 1180 3270 ocroocolloqoaedomertolil.
1215 3208 1331 3257 Simileet

260 3269 324 3316 :onio
333 3270 392 3318 XV.
405 3271 443 3318 M.
456 3285 499 3318 nec
509 3269 586 3316 audio.
604 3270 679 3318 Iure.
778 3274 780 3279 '
809 3273 834 3318 in
846 3272 930 3320 Dionis
940 3272 1076 3336 oompendio
1090 3272 1155 3336 legas
1168 3273 1261 3331 66‚1o.
1294 3273 1332 3321 A:

292 3333 779 3401 Suomcolqoesongoioemindiscretum]
811 3336 889 3384 Taciti
901 3338 970 3384 raba
984 3346 1008 3384 et
1023 3337 1123 3385 narratio
1138 3337 1248 3385 aliorsum
1265 3347 1331 3398 mut,

258 3398 283 3445 h.
297 3415 318 3446 e.
331 3399 414 3446 liberos
430 3401 544 3462 cujusque
554 3413 602 3446 esse
616 3399 637 3446 ei
653 3398 780 3448 arctissimo
811 3409 835 3448 et
849 3401 929 3448 omnia
945 3409 1009 3460 sunt,
1026 3409 1055 3449 ut
1067 3401 1211 3464 Vespasiano
1226 3403 1330 3450 absente.

259 3463 351 3511 vinculo
362 3464 504 3525 conjunctos,
516 3472 543 3510 ut
557 3464 635 3511 omnia
646 3464 734 3527 parenti
750 3463 780 3510 li·
811 3465 838 3514 Si
852 3481 960 3528 praesens,
972 3480 1014 3512 eur
1023 3465 1048 3512 in
1059 3464 1133 3512 alium
1148 3464 1275 3514 transfert?
1290 3481 1334 3514 cur

259 3529 365 3592 berisque
376 3529 509 3577 communia
526 3528 579 3575 sint.
612 3528 673 3576 Mox
691 3543 779 3591 poree:
811 3543 854 3577 nec
869 3530 1003 3578 nominatur
1012 3529 1127 3594 quidem?
1145 3545 1186 3578 cur
1196 3538 1270 3578 cetera
1280 3546 1332 3579 om·

259 3591 784 3709 lllllllilllfiliiflii:
810 3594 1335 3722 llallaegffilmlgllilffilall

259 3718 396 3768 Alc.male.
426 3723 498 3770 Eun.
533 3722 595 3770 Buri,
609 3721 720 3783 attollere,
738 3722 779 3770 sed
812 3723 960 3772 manifestam
974 3723 1221 3782 hicvideo‚etiibens
1237 3724 1332 3773 audiarn

259 3783 322 3832 male
329 3785 362 3831 ibi
370 3785 433 3833 deest
443 3789 518 3848 jeriel.
811 3788 973 3850 (padanncus
983 3787 1226 3848 sum)conciliantem.
1243 3789 1331 3838 lues.

292 3848 315 3895 Α
333 3851 399 3910 Vesp.
411 3859 550 3899 commeator
563 3851 696 3913 salvenere]
712 3852 778 3900 Turn
812 3853 970 3916 Qnaevelpro
980 3852 1110 3913 Tacito,'ut
1121 3869 1135 3900 a
1146 3853 1331 3902 Sarilioadh.l.

259 3927 342 3961 cusum
358 3912 429 3960 fuisse
445 3914 596 3963 aCorintbiis
611 3931 735 3964 nummum
753 3917 778 3964 in
811 3917 848 3964 rel
865 3922 1008 3964 contra'eum
1022 3919 1052 3964 ab
1068 3916 1197 3966 aliisdicta
1211 3928 1274 3979 sunt,
1289 3927 1332 3967 aut

258 3977 369 4026 honorem
391 3977 529 4038 Domitiani,
551 3981 575 4026 in
598 3982 664 4042 cujus
692 3982 779 4044 postica
810 3982 927 4044 quomodo
941 3981 1061 4030 conciliare
1075 3997 1129 4029 cum
1146 3983 1332 4031 Suetmioaliis-

259 4057 342 4090 corona
365 4042 442 4104 spicea
463 4059 517 4090 cum
542 4043 665 4108 epigraphe
687 4059 777 4093 enum.
809 4061 855 4108 que
873 4045 984 4094 tentarint
1002 4046 1046 4094 viri
1065 4046 1135 4105 docti,
1156 4047 1228 4096 veluti
1250 4046 1297 4094 Ph.
1316 4063 1333 4095 a

260 4119 323 4154 rur.
345 4121 437 4155 asnar.
459 4107 528 4154 tradit
547 4109 653 4156 Vaillant
672 4111 697 4158 in
716 4110 777 4158 ΝΝ.
809 4110 933 4174 'l'urreap
945 4111 1031 4158 Burm.
1042 4111 1072 4158 ad
1088 4113 1154 4160 Suet.
1169 4111 1199 4156 Τ.
1219 4109 1290 4173 Vesp.
1303 4111 1329 4159 8.

260 4169 311 4218 Col.
329 4179 346 4219 t.
361 4172 383 4219 l.
399 4186 423 4234 p.
443 4173 496 4220 139.
532 4173 620 4220 Vemm
641 4175 779 4224 Germonlcl
808 4188 855 4222 non
864 4175 970 4223 referam.
989 4174 1019 4222 In
1029 4175 1085 4224 MS.
1097 4173 1176 4224 auelf.
1186 4181 1332 4222 antecurom

254 4233 341 4289 ¹titulus
355 4251 402 4283 non
418 4243 472 4284 ante
489 4251 511 4283 a.
528 4245 552 4284 u.
568 4239 624 4286 836.
643 4239 780 4287 Domitiano
812 4247 867 4287 rest.
888 4241 915 4288 θ.
935 4247 970 4287 est
990 4240 1094 4303 spatium
1112 4252 1211 4287 imnum
1230 4237 1331 4286 duom

258 4307 293 4344 est
314 4299 418 4359 inditus,¹
433 4309 460 4349 ut
481 4304 540 4350 bene
556 4302 622 4350 docet
640 4303 733 4352 licldrel
754 4303 779 4352 in
811 4303 984 4367 versiculorum,
1001 4312 1025 4350 et
1044 4319 1086 4367 par
1096 4304 1121 4350 in
1137 4301 1183 4348 fine
1198 4301 1245 4350 loci
1259 4301 1335 4362 hujus

261 4359 342 4414 Docti.
353 4365 411 4412 NN.
424 4374 469 4414 vet.
480 4375 497 4415 t.
509 4367 533 4414 6.
545 4381 570 4428 p.
583 4363 639 4422 397.
810 4367 841 4417 de
851 4368 966 4433 capitolio.
1000 4368 1082 4430 Porro,
1099 4364 1333 4429 utsupra-diximus
