3059 4975
225 239 285 298 aas
605 236 907 297 ursrcnmnun
1129 237 1301 311 [susas.

231 398 367 490 perfluit,
378 401 469 464 tertio
479 401 637 466 retinetur.
671 402 776 466 Lacus
789 404 929 467 inmenso
938 401 1070 478 ambitu,
1083 401 1185 486 specie
1200 402 1302 480 maris,

233 509 342 585 sapore
350 487 540 574 conruptior,
549 488 701 587 gravitate
711 489 816 552 odoris
825 487 941 554 adeclis
952 487 1089 588 pestifer,
1101 509 1203 574 neque
1210 502 1303 586 vento

233 571 402 658 inpellitur,
431 595 533 659 neque
557 595 656 673 pisces
680 585 736 637 aut
761 587 864 638 suetas
888 595 980 660 aquis
1004 571 1145 672 volucres
1171 587 1301 672 patitur.

234 659 368 724 Incertae
383 657 477 722 undae
492 673 676 746 superjacta,
691 674 728 723 ut
742 659 851 736 solido,
862 659 986 724 ierunt:
1010 676 1102 744 penti
1114 670 1302 757 mperrtrque

234 743 473 841 nendi'perinde
483 743 687 810 adtolluntur.
720 747 816 810 Certo
829 745 903 809 anni
916 744 1058 810 bitumen
1072 752 1185 830 egerit:
1209 745 1302 832 cujus

233 827 358 916 legendi
369 853 472 908 usum,
486 843 522 894 ut
531 844 647 894 ceteras
657 844 749 908 artes,
761 830 952 916 experientia
961 830 1077 894 docuit.
1100 830 1181 894 Ater
1191 843 1302 916 suapte

234 925 347 980 natura
360 913 474 1001 liquor,
490 929 521 979 et
536 939 642 1002 sparso
656 929 743 980 aceto
756 929 929 994 concretus,
944 916 1083 980 innatat:
1106 915 1190 978 bunc
1204 939 1300 980 manu

234 1016 373 1078 catum,
400 1001 516 1087 quibus
541 1025 577 1066 ea
599 1025 685 1080 cura,
710 1003 743 1066 in
770 1024 892 1066 summa
915 1002 1003 1066 navis
1026 1001 1163 1066 trabunt.
1208 1001 1301 1079 Inde,

236 1025 323 1150 nullo
341 1087 484 1174 juvante,
504 1087 618 1166 influit,
642 1101 822 1174 oneratque,
844 1087 942 1152 donec
963 1086 1143 1152 abscindas:
1170 1110 1227 1151 nec
1246 1087 1301 1151 ab·

236 1171 375 1236 scindere
399 1197 460 1238 aere
484 1173 605 1238 ferrove
632 1175 746 1260 possis:
780 1173 864 1258 fugit
888 1195 1030 1236 cruorem
1052 1187 1232 1258 vestemque
1254 1173 1301 1236 in-

235 1258 345 1322 fectam
371 1261 532 1345 sangnine,
553 1283 618 1346 quo
640 1260 763 1324 feminee
788 1281 845 1345 per
866 1280 985 1322 menses
1007 1258 1227 1322 exsolvuntur:
1260 1259 1303 1322 sic

235 1359 354 1408 veteres
377 1359 525 1408 auctores.
572 1344 634 1408 Sed
652 1347 742 1432 gnari
763 1344 902 1408 locorum
922 1343 1062 1419 tradunt,
1081 1343 1233 1406 undantes
1255 1343 1302 1406 bi-

236 1429 355 1493 tumine
370 1428 465 1493 moles
479 1430 563 1516 pelli,
578 1453 736 1518 manuque
751 1431 833 1494 trahi
847 1430 888 1494 ad
901 1428 993 1494 litus:
1017 1451 1101 1505 mox,
1116 1427 1172 1492 ubi
1186 1451 1300 1514 vapore

236 1530 337 1592 terrae,
352 1513 384 1576 vi
405 1513 486 1594 solis,
504 1516 685 1596 inaruerint,
707 1516 866 1581 securibus
879 1516 1058 1602 cuneisque,
1074 1528 1111 1577 ut
1129 1515 1232 1578 trabes
1245 1529 1300 1578 aut

235 1623 319 1674 saxa,
335 1599 473 1665 discindi.

282 1685 365 1750 VII.
390 1686 491 1750 Hand
512 1687 619 1836 procul
643 1687 715 1750 inde
729 1689 842 1835 campi,
860 1710 940 1783 quos
957 1687 1064 1750 ferunt
1081 1685 1154 1750 clim
1177 1687 1300 1762 uberes,

233 1772 415 1858 magnisque
445 1772 514 1836 urbi
538 1797 574 1836 us
602 1772 765 1850 habitatos,
811 1772 963 1836 nbnmum
988 1773 1077 1858 jactu
1106 1771 1232 1843 arsisse;
1267 1783 1299 1833 et

266 1975 368 2021 Incerta
379 1974 446 2020 andr
455 1976 595 2038 superjecta]
614 1975 752 2022 Emendatio
785 1975 858 2025 MSS.
869 1975 932 2023 Flor.
943 1975 1019 2023 Vatic.
1030 1974 1066 2020 ed.
1077 1989 1114 2036 pr.
1127 1971 1188 2020 edidi
1203 1971 1299 2032 strant,

235 2035 325 2084 elibrls.
337 2037 418 2100 Vulgo
424 2049 471 2086 est:
485 2043 599 2086 lucenam
607 2041 681 2086 ande.-
690 2040 753 2101 quod
784 2051 811 2086 ut
830 2040 922 2088 volebat
940 2038 1010 2086 etiam
1029 2039 1057 2086 J.
1068 2037 1198 2084 (ironcvius
1217 2034 1261 2096 (sic
1275 2042 1298 2080 et

235 2102 372 2150 senitentiam
383 2102 454 2150 etiam
464 2113 543 2167 eptam
560 2105 659 2167 recipere
670 2114 752 2167 potest.
783 2104 847 2152 Bud.
858 2113 882 2152 et
893 2104 951 2167 Reg.
964 2103 1047 2161 loll).
1082 2103 1119 2149 Ita
1133 2101 1234 2147 varntur
1243 2112 1298 2145 ccu-

235 2165 333 2214 Videde
340 2175 388 2215 tota
394 2183 419 2214 re
425 2168 586 2231 Hegesippnm
594 2171 618 2223 t,
628 2169 664 2214 la.
678 2169 751 2216 brrs.
783 2169 878 2217 sanctio
888 2177 912 2216 et
924 2169 996 2215 oratio
1006 2168 1033 2213 fit
1048 2166 1125 2213 Taciti
1139 2161 1298 2212 constetudini

235 2233 447 2278 Incertamaadcr
467 2235 597 2295 saperjacta
609 2233 751 2280 Guelf.cdd.
783 2231 1027 2296 etelegantiseapticr.
1060 2231 1146 2277 iteam
1155 2229 1185 2276 de
1198 2226 1298 2274 natanti-

235 2294 320 2343 indes
338 2296 429 2344 Puteol.
447 2311 526 2344 omnes
542 2305 595 2344 ante
613 2297 677 2360 Lips
695 2297 751 2344 item
782 2299 890 2345 busetc.
905 2297 941 2344 14.
975 2296 1063 2359 Vulgo,
1074 2296 1196 2356 fimatur.
1227 2291 1300 2337 Ean.

235 2359 271 2407 ed.
287 2360 383 2408 Bemec
416 2361 468 2408 Nec
484 2360 508 2408 id
529 2361 665 2420 absurdum,
683 2362 753 2408 modo
783 2361 863 2409 Lectio
873 2362 937 2424 vulg.
949 2360 1092 2408 indesPut
1103 2357 1198 2406 omnine
1208 2358 1296 2403 bonum

235 2424 347 2472 scribatur
358 2425 443 2473 ωιάωι
460 2439 515 2472 nam
527 2425 623 2474 ididem
635 2435 677 2483 eat,
690 2427 751 2489 quod
783 2441 877 2474 sensum
898 2426 972 2483 offert,
993 2439 1091 2489 eamque
1109 2422 1225 2470 restituere
1244 2419 1298 2493 liip

235 2492 324 2537 incerta
339 2492 402 2538 uada
413 2491 450 2538 vel
467 2495 560 2539 irtcerioe
573 2492 649 2549 rendre,
667 2492 751 2538 intelli·
783 2492 831 2538 Ast
847 2492 935 2539 aFlnr.
947 2501 970 2537 et
984 2489 1166 2553 conspirantibus
1184 2484 1299 2533 codicibus

233 2553 382 2616 gentiumque
393 2560 433 2601 est.
451 2556 486 2601 At
496 2556 554 2617 Agr.
565 2554 653 2618 (Buil.)
666 2558 752 2601 sitrecte
783 2556 886 2603 recedere
897 2555 954 2600 milri
965 2554 1045 2615 religio
1055 2563 1098 2600 est.
1121 2552 1207 2615 Neque
1217 2549 1300 2610 nugari

234 2618 303 2674 ande,
314 2617 378 2681 quod
389 2626 422 2664 est
431 2621 524 2664 incertis
534 2620 615 2665 tanda:
628 2618 667 2664 sed
674 2626 751 2665 tamen
782 2626 848 2679 puto,
860 2619 901 2680 qni
912 2620 1024 2663 §mertam
1036 2619 1123 2663 aridam
1134 2630 1169 2672 ec,
1179 2629 1227 2675 quc
1239 2615 1299 2661 Gre-

234 2696 303 2745 super
311 2680 394 2729 ultima
404 2681 486 2744 primae
497 2681 557 2728 vocis
568 2682 656 2743 syllaba
666 2682 750 2727 adscri—
782 2680 871 2735 nouus,
880 2681 949 2728 medo
956 2688 1084 2743 exponunt,
1092 2678 1154 2743 quod
1163 2688 1187 2725 et
1193 2678 1301 2725 Picbena

233 2754 301 2809 ptum
318 2753 353 2793 est
372 2752 440 2793 tum:
458 2746 493 2792 ed.
512 2760 547 2808 pr.
565 2748 659 2792 incertis
676 2746 750 2792 credre.
782 2745 905 2793 sicvisum.
923 2744 1034 2792 Heinsius
1044 2744 1121 2792 enls.
1133 2742 1220 2805 Spina,
1227 2742 1299 2805 quod,

232 2808 751 2873 Atquehincetnts.vatestlecuosbipsio
782 2808 1300 2872 qualesit,nonindicst,proiertiuertiandc.

234 2874 336 2931 inducta,
346 2876 383 2922 aui
394 2884 417 2921 et
426 2874 488 2923 Flcr.
496 2877 531 2937 (et
540 2874 749 2935 Bud.)ccnsentit;
782 2874 812 2921 ld
828 2874 907 2938 ipsum
919 2875 1001 2922 Grotio
1011 2882 1035 2921 et
1045 2872 1204 2921 Freindremic
1217 2872 1297 2934 placu-

233 2938 383 3003 undeetipse
389 2940 483 2987 servavi.
502 2940 751 2995 Iacertoeandoesunt,
781 2949 837 2986 erat.
870 2939 981 2987 Heinsius
991 2939 1093 2986 malebat
1103 2942 1188 2985 isariae
1199 2938 1297 2984 aadae-

233 3019 286 3067 qua
303 3018 355 3051 eam
373 3005 470 3068 speciem
489 3014 642 3067 naturamque
656 3002 750 3061 habent,
774 3005 868 3065 ferant.
902 3004 963 3051 lllcx
974 3002 1165 3051 Budcttollant.
1220 3041 1223 3047 .

233 3078 261 3115 ut
271 3068 369 3116 dubium
381 3068 452 3117 videri
468 3070 548 3132 possit,
561 3082 622 3131 aqua
633 3068 662 3113 sit
673 3082 702 3113 an
715 3084 751 3114 sc·
815 3070 895 3116 Periti
902 3070 951 3131 iap-
962 3067 1017 3128 eto]
1034 3067 1065 3115 Id
1072 3066 1242 3129 Vespasianum
1250 3078 1298 3111 esse

232 3132 292 3192 lem,
304 3133 377 3180 solida
385 3134 450 3181 loca:
469 3143 495 3180 ut
506 3143 565 3180 recte
576 3130 675 3193 explicat
686 3130 712 3177 J.
721 3133 749 3178 F.
782 3142 913 3195 expertum,
922 3132 987 3180 docet
997 3133 1048 3181 Jos.
1062 3132 1093 3179 B.
1104 3132 1122 3179 J
1124 3131 1164 3178 ud.
1172 3133 1197 3187 t,
1208 3132 1224 3175 5
1235 3130 1279 3187 (8).

234 3192 309 3244 6ωηῖ
317 3198 346 3243 ad
355 3198 435 3244 Senec.
445 3198 514 3244 Cons.
523 3196 553 3243 ed
560 3196 675 3243 Marciam
684 3211 703 3243 c.
712 3196 751 3244 lc.
811 3199 887 3261 ,Certo
897 3198 969 3260 carni]
987 3198 1025 3245 lta
1033 3197 1101 3251 libri;
1114 3203 1137 3242 et
1147 3194 1236 3259 phrasis
1243 3203 1297 3240 ncta

233 3260 272 3309 Sic
287 3260 397 3322 cadigam
412 3268 506 3319 acturo,
524 3262 648 3319 ambiguus
664 3262 750 3322 niellus,
782 3271 806 3308 et
822 3262 904 3310 Tacito
919 3262 1041 3325 frequens:
1059 3260 1149 3323 vulgati
1161 3272 1240 3307 vocem
1255 3258 1297 3304 ad·

232 3324 377 3387 etaliesaepe
386 3325 448 3388 apud
458 3336 543 3388 poeuts.
559 3324 604 3372 Sed
612 3326 750 3387 ambiguum
780 3326 1110 3387 duntccrtocanitempore.
1125 3324 1198 3371 brrs.
1227 3324 1296 3368 rem·
1345 3342 1350 3351 ·
1442 3312 1445 3320 ’

231 3404 280 3439 esse
290 3398 374 3453 potest,
389 3400 468 3437 utrum
485 3399 537 3452 post
552 3390 619 3436 aradae
632 3390 750 3452 interpun-
776 3405 836 3452 pore
849 3394 913 3438 abest
926 3393 956 3438 ab
969 3390 1005 3438 ed.
1019 3407 1054 3454 pr.
1075 3390 1147 3437 Enn.
1179 3386 1225 3434 Sed
1240 3386 1297 3435 Put.

232 3456 335 3517 gendum
351 3454 478 3515 sitnecne.
514 3455 749 3502 Namutrumvisfs-
780 3456 834 3502 Alc.
847 3456 990 3502 Rhenitem
1000 3454 1123 3503 ccdllud.
1136 3452 1228 3499 habent.

231 3518 287 3578 cias,
306 3519 441 3567 commodus
462 3534 542 3567 sensus
560 3526 583 3566 et
600 3517 668 3565 idem.
703 3520 749 3567 Sed
816 3523 916 3567 Urbibus
926 3521 1051 3583 maestos]
1068 3518 1123 3565 MS.
1135 3514 1212 3564 Orcsii
1221 3514 1296 3563 Periz.

231 3582 290 3631 mihi
301 3585 375 3647 magis
384 3584 459 3648 placet
469 3582 610 3645 interpungi.
629 3584 667 3631 lta
678 3584 701 3629 in
713 3600 748 3632 se·
779 3584 832 3632 edd.
840 3585 1032 3644 VenetAngust.
1040 3584 1135 3629 liabitas.
1152 3579 1224 3626 ΕΜ.
1240 3579 1296 3628 Put.

229 3649 353 3711 questibus
372 3658 407 3697 est
423 3648 545 3711 explicatio
561 3649 691 3707 verborum,
711 3652 747 3695 in·
779 3649 834 3696 Alc.
845 3649 923 3697 Rhen.
931 3650 1052 3695 habitritos.
1079 3643 1249 3693 SicetcBud.

229 3720 298 3759 cente
313 3715 388 3772 ander,
401 3728 453 3777 quse
465 3713 489 3759 in
506 3712 649 3760 nominativo
663 3714 746 3775 accipi·
811 3715 951 3760 Fulmineam
956 3712 1037 3821 jetelig
1050 3710 1089 3757 Ex
1098 3709 1183 3757 Oresio
1193 3709 1246 3767 1,5.
1253 3710 1295 3772 qui

230 3776 303 3824 ende.
328 3777 410 3840 Atque
421 3786 506 3825 veteres
516 3776 569 3824 libri
580 3791 668 3834 omnes,
677 3777 746 3824 etiam
777 3775 1012 3841 becexpresscetiam
1038 3774 1297 3823 omeliincminetrans-

229 3840 266 3887 ed.
281 3856 317 3902 pr.
333 3842 365 3889 sic
379 3842 561 3905 interpungunt3
579 3842 619 3904 qni
635 3855 681 3887 non
698 3841 747 3888 sine
777 3842 873 3903 scripsit,
884 3840 947 3903 legas
950 3840 1085 3901 selenciam
1096 3841 1153 3886 icta
1170 3838 1244 3885 Inrs.
1259 3839 1294 3885 At

229 3906 295 3969 gravi
310 3919 390 3953 caussa
406 3914 460 3953 sunt
475 3906 601 3961 deserendi,
619 3906 746 3967 prasertim
778 3906 851 3954 MSS.
862 3904 946 3969 optimi
959 3913 982 3951 et
996 3914 1082 3952 emeres
1098 3904 1150 3952 edd.
1162 3902 1240 3951 Orosii
1251 3902 1293 3948 ha-

228 3985 283 4017 eum
302 3978 325 4017 et
343 3969 414 4017 totius
431 3970 539 4018 orationis
557 3978 670 4017 stmcnirs
685 3971 746 4017 hanc
777 3972 833 4018 bent
843 3973 928 4032 jacta:
946 3967 1009 4032 quod
1030 3977 1053 4016 et
1067 3968 1139 4017 edidit
1153 3968 1295 4015 flavescam-

228 4034 437 4097 interpunctionem
449 4032 567 4083 desideret.
597 4034 672 4083 Series
683 4035 745 4082 enim
778 4050 830 4097 pus.
862 4035 897 4082 Et
908 4034 1043 4096 fulminum
1056 4036 1137 4096 jactas
1153 4030 1232 4079 Cicero
1247 4044 1295 4078 non

225 4100 275 4147 haec
283 4108 331 4147 est:
345 4099 442 4147 Incerta
452 4097 516 4147 lacus
525 4098 595 4147 unda·
602 4110 664 4147 sunt.
682 4100 745 4147 Nam
778 4114 825 4146 uno
835 4100 886 4146 loco
893 4098 961 4156 dixit,
973 4107 1001 4145 ut
1010 4098 1077 4147 dccet
1084 4096 1114 4144 ad
1122 4097 1147 4143 h.
1156 4096 1173 4141 1.
1183 4094 1295 4142 Picbena.

227 4164 330 4227 primum
350 4164 434 4225 injecta
452 4172 532 4211 natant
547 4164 640 4211 onmia:
664 4163 745 4211 deinde
778 4164 826 4216 (cf.
834 4164 904 4211 Catil.
913 4165 938 4221 3,
951 4165 973 4209 8.
992 4163 1071 4210 Divin.
1082 4164 1106 4219 2,
1121 4162 1169 4218 18.)
1185 4159 1295 4207 Ceterum

225 4228 293 4289 periti
310 4229 405 4275 natandi
421 4236 444 4275 et
459 4228 560 4290 imperiti
577 4227 657 4274 ecdem
674 4229 743 4274 mado
769 4229 905 4289 fulminem
916 4227 988 4275 edidit
997 4226 1086 4290 primus
1096 4229 1121 4287 (e
1129 4224 1205 4282 Bud.)
1215 4223 1293 4273 Rben.

223 4290 336 4349 feruntur,
362 4292 419 4339 nihil
444 4290 605 4352 submergitur.
639 4291 740 4339 Vincula
773 4291 985 4340 etsicntscuelf.
1008 4290 1083 4343 Ceteri
1094 4290 1291 4350 cannenses-

223 4354 330 4403 erationis
358 4356 434 4404 cmisit
456 4354 559 4403 Tacitus.
596 4354 704 4419 Denique
727 4374 739 4405 e
773 4359 851 4405 minis.
867 4358 1007 4407 Fulmineam
1016 4356 1085 4406 etiam
1093 4354 1199 4405 Orosius.
1213 4352 1286 4400 Eis.
