3059 4975
252 283 398 367 azano]
581 274 992 359 stellionatum.
1270 285 1324 355 tut

256 454 350 520 simul
369 456 485 557 juncta
507 454 603 519 turris
625 454 741 553 ictibus
764 474 922 555 saxorum·
935 452 1042 523 cessit:
1071 478 1137 555 qua
1162 448 1326 543 septimani

255 541 335 605 dum
355 552 501 606 mtuntur
516 541 803 619 cuneis,tert1anus
825 541 985 605 securibus
1005 539 1181 627 gladnsque
1196 555 1325 690 portam
1349 568 1353 577 ·

256 628 415 715 perfregit.
459 626 604 690 Primum
630 626 783 711 inrupisse
806 629 842 690 C.
866 626 1042 705 Volusium,
1068 628 1168 691 tertiae
1209 627 1327 713 egionis

153 765 155 768 .
256 712 397 792 militem,
413 711 496 776 inter
509 718 616 776 om'nes
632 729 773 775 auctores
788 723 927 777 constat:
953 712 981 776 is
995 712 1027 776 in
1042 712 1160 777 vallum
1174 736 1326 800 egressus

256 798 431 863 deturbatis
474 798 508 860 ui
529 798 717 875 restiterant,
732 796 917 883 conspicuus
938 820 1034 861 manu
1054 822 1089 862 ac
1103 822 1178 863 voce
1199 805 1221 837 “
1236 810 1328 885 capta

257 886 379 949 castra”
394 821 615 947 condamavit:
639 882 742 960 ceteri,
758 881 888 969 trepidis
907 884 975 970 jam
990 882 1178 963 ViteHianis‚
1200 907 1294 971 seque
1309 907 1328 948 e

256 970 338 1035 vallo
353 968 633 1057 praecipitantibus,
653 989 840 1054 perrupere:
864 967 1038 1055 completur
1053 970 1148 1050 caede,
1170 980 1327 1057 quantum

169 1065 174 1078 '
258 1052 339 1121 inter
352 1069 452 1119 castra
465 1077 634 1140 murosque
649 1054 739 1117 vacui
753 1052 825 1118 fuit.
1410 1116 1411 1121 ,

300 1142 424 1221 XXX.
440 1140 488 1205 At
497 1163 606 1223 rursus
619 1161 700 1202 nova
710 1138 853 1203 laborum
861 1138 974 1205 facies:
992 1141 1092 1205 ardua
1101 1139 1189 1205 urbis
1202 1140 1327 1220 moenis,
1386 1202 1389 1209 .

257 1250 358 1292 saxeae
372 1221 606 1304 turres‚'ferrati
670 1236 789 1289 rtarum
809 1226 922 1303 obices,
938 1226 1063 1291 vibrans
1077 1226 1139 1290 tela
1152 1224 1251 1304 miles,
1267 1226 1329 1289 fre-

258 1335 358 1404 quens
371 1313 600 1398 obstrictusque
611 1249 784 1375 lliiellianis
798 1310 940 1397 partibus
952 1312 1167 1377 Cremonensis
1181 1311 1329 1399 populus,
1381 1370 1384 1378 ,

258 1403 373 1486 magne
385 1421 459 1485 pars
473 1398 585 1476 Italiae,
606 1409 687 1461 stato
700 1397 734 1460 in
748 1397 872 1461 eosdem
886 1397 951 1460 dies
972 1410 1111 1463 mercatu
1126 1409 1329 1485 congregata:

257 1484 347 1571 quod
361 1484 576 1548 defensoribus
590 1482 743 1546 auxilium
757 1483 798 1546 ob
813 1482 1057 1565 multitudinem,
1072 1484 1331 1571 oppugnantibus

257 1570 492 1633 incitamentum
516 1570 558 1634 ob
579 1569 731 1656 praedam,
756 1578 830 1633 erat.
877 1576 898 1607 ‘⁶
916 1568 1002 1657 Rapi
1027 1594 1038 1632 1
1084 1572 1136 1633 es”
1158 1570 1331 1649 Antonius,

261 1655 468 1743 “inferrique
490 1654 706 1720 amoenissimis
726 1666 816 1719 extra
840 1655 951 1719 urbem
976 1593 1135 1721 ediliiist
1164 1656 1271 1730 ‘ubet3
1306 1654 1333 1720 si

260 1740 375 1806 damno
388 1763 495 1805 rerum
517 1764 645 1805 suarum
661 1740 885 1805 Cremonenses
900 1740 940 1804 ad
960 1742 1144 1806 mutandam
1161 1741 1255 1807 fidem
1270 1754 1333 1805 tre-

258 1825 427 1892 henentur:
460 1829 639 1926 propinqua
661 1826 760 1889 muris
784 1840 875 1907 tecta,
899 1839 930 1889 et
955 1827 1152 1892 altitudinem
1180 1826 1333 1892 moenium

259 1935 393 2000 egressa,
418 1912 587 1976 fortissrmo
611 1934 738 1999 quoque
766 1911 902 1975 militurn
930 1912 1082 1998 complet:
1116 1914 1162 1977 illi
1188 1912 1333 1978 trabibus

260 1998 437 2087 tegulisque
451 2009 483 2061 et
494 1997 619 2062 facibus
632 2008 881 2084 propugnatores
896 1996 1073 2062 deturbant.

304 2085 448 2149 XXXI.
463 2086 487 2147 J
488 2106 539 2149 am
552 2082 689 2169 legiones
702 2082 737 2146 in
752 2082 941 2147 testudinem
954 2082 1219 2172 glomerabantur,
1234 2084 1334 2151 etalii

259 2305 676 2369 titononobservarim,etscriptores
686 2306 781 2353 tantum
814 2304 1007 2353 eaesomminhis
1016 2304 1124 2369 proeliis?
1158 2306 1338 2371 Tamassos·

260 2371 373 2421 inferioris
381 2372 454 2421 atatis
464 2386 507 2436 pro
517 2371 640 2421 cantione
650 2369 782 2418 laudentur.
811 2371 922 2433 expressit
934 2370 1082 2434 Hegesippus
1093 2371 1117 2431 4,
1133 2370 1175 2419 30.
1207 2375 1335 2422 Exstincto

261 2436 334 2486 En,
625 2471 629 2478 t
812 2434 1335 2496 trigintomittiectducenttvirideenercitu

293 2502 523 2566 Neronem-cuneta]
555 2501 783 2550 Honestcuneattm
817 2499 914 2548 Vitellii.
947 2501 1095 2564 Primusque
1108 2503 1219 2566 (trierim
1227 2505 1334 2552 Antonio

260 2565 782 2683 iimif'iniisii¹ttiiiit²t⁴iit
812 2565 1335 2692 tttttttttttttbttttttttt

259 2713 425 2810 ”testa-mm
447 2761 582 2823 gladiisque
603 2765 702 2820 portem
722 2773 782 2821 per·
814 2693 984 2807 stt-Affigpm
1003 2775 1063 2808 noue
1080 2762 1124 2808 leb.
1139 2760 1230 2827 fetus]
1254 2762 1335 2812 Primo

252 2827 348 2890 fregit]
360 2822 719 2886 Nonspernamegoelegsntem
727 2837 783 2870 con-
812 2821 877 2870 haud
901 2823 972 2872 dubie
999 2825 1155 2885 scribendum,
1181 2835 1207 2876 et
1232 2844 1333 2875 tersae.-

260 2891 373 2951 Jecturam
385 2888 486 2948 Heinsii,
502 2888 529 2936 ni
544 2886 621 2947 fallor,
638 2887 703 2952 apud
717 2888 783 2950 Ryc·
813 2886 876 2950 quod
884 2887 951 2936 facile
959 2888 1034 2950 quivis
1043 2889 1161 2938 attendens
1169 2901 1193 2938 et
1200 2907 1336 2956 comparens

259 2953 337 3013 Itium,
354 2953 485 3016 corrigentis
497 2955 615 3002 secuntus
630 2951 783 3013 dentesque.
813 2951 978 3016 antecedentia,
995 2954 1084 3000 sentiet.
1117 2955 1213 3018 Reperit
1230 2967 1253 3004 et
1267 2957 1334 3006 Brot.

259 3019 326 3069 Nam
342 3017 474 3082 gladiorum
488 3018 514 3066 in
529 3017 601 3081 portis
615 3016 783 3080 perfringendis
813 3015 838 3064 in
854 3017 908 3064 MS.
923 3026 946 3064 et
961 3017 1093 3080 recepitot.
1127 3019 1220 3068 Deinde
1235 3021 1336 3083 respexit

260 3082 341 3130 nullus
356 3097 419 3133 usus
453 3082 704 3145 Intelligendaeautem
718 3081 784 3129 dola-
813 3080 843 3128 ad
859 3081 917 3130 iilud
932 3081 1016 3130 AEneae
1026 3099 1064 3146 ap.
1075 3083 1162 3146 Virgil.
1172 3084 1229 3132 AEn.
1241 3086 1265 3142 e,
1279 3086 1335 3133 103.

260 3149 318 3206 brec,
326 3149 407 3211 quales
417 3145 536 3210 flleapud
544 3147 652 3195 Curtium
661 3149 685 3207 5,
697 3147 720 3194 6.
730 3146 783 3209 qui-
814 3147 874 3200 Noa
895 3149 945 3196 etta
963 3148 1077 3209 laborem,
1095 3161 1108 3194 o
1124 3151 1202 3212 uirgo,
1221 3165 1280 3198 nove
1300 3151 1335 3198 mi

261 3211 498 3260 busoesacoedebant
507 3212 603 3272 militet,
618 3212 642 3272 8,
659 3211 783 3261 deterre·
805 3213 894 3274 sactes
917 3219 958 3258 etc
979 3223 1006 3260 ut
1028 3213 1080 3274 jam
1101 3214 1190 3262 notarit
1204 3213 1334 3264 Acidaiius.

261 3277 518 3326 reaterdorer.E1trt.
813 3275 884 3323 Eun.
918 3276 1027 3324 Budac.

291 3344 326 3389 In
345 3342 435 3389 oedem
453 3342 573 3405 egressus]
601 3339 693 3389 Eodem
712 3339 784 3388 modo
844 3342 1070 3407 terrenitates]
1092 3341 1336 3404 Primum,etsibeue

260 3421 318 3454 usus
329 3416 364 3454 est
374 3407 444 3456 verbo
454 3407 590 3468 egrediendi
600 3405 662 3454 infra
672 3419 692 3454 e.
704 3404 745 3462 71.
756 3406 799 3452 in·
812 3405 861 3453 fero
877 3407 923 3466 tut,
935 3421 965 3454 se.
977 3406 1077 3464 milites3
1096 3417 1174 3454 tamen
1190 3424 1257 3456 auree
1275 3423 1336 3458 mee

261 3486 366 3533 querum
375 3477 463 3519 tectum
474 3472 571 3533 egressi.
587 3469 661 3524 Enn.
812 3470 888 3532 potius
900 3469 1027 3522 desiderant
1036 3473 1091 3519 hinc
1100 3471 1136 3520 vel
1148 3473 1226 3531 ttttne,
1235 3472 1296 3534 inde,
1306 3489 1336 3524 ex

292 3537 441 3596 Deturbatia
450 3537 492 3598 qui
502 3536 652 3598 restiterant]
678 3535 783 3584 Bessa.
812 3534 862 3583 istis
874 3533 983 3596 aediliciis,
995 3536 1100 3595 mittunt,
1112 3535 1197 3600 quibus
1213 3537 1336 3586 deturbent

261 3607 317 3648 rant
336 3600 455 3652 eddvett·
472 3607 527 3650 ante
541 3601 702 3651 Rhenanumt
720 3599 784 3648 favet
813 3609 1003 3663 propugnatores.
1036 3601 1129 3650 Deinde
1149 3595 1253 3650 trebues
1271 3603 1336 3652 haud

261 3663 570 3730 Florinquoresitterertt.
597 3663 784 3728 quuerestituit
813 3663 884 3712 dubie
901 3664 1026 3714 titiosumt
1052 3682 1108 3714 nam
1125 3667 1201 3718 trabes
1218 3667 1336 3732 quomodo

261 3728 371 3778 lichena·
386 3729 627 3793 MSsOEuquelf.
640 3727 692 3778 edd.
704 3729 782 3776 Rhea.
813 3737 862 3776 tam
881 3731 951 3792 longe
970 3729 1057 3781 milites
1074 3731 1206 3792 jaculentur
1220 3731 1271 3781 sine
1287 3742 1335 3782 tor-

289 3795 462 3856 qaesicterent.
492 3793 782 3847 Illudmeiiusessetotus
813 3793 906 3851 mentis,
923 3809 977 3856 quae
992 3794 1026 3843 ibi
1043 3795 1109 3842 nulla
1125 3795 1196 3845 fuere.
1231 3797 1262 3846 Id
1278 3798 1337 3848 vidit

260 3808 484 3906 bisextusclamse
500 3859 574 3908 Enn-
632 3863 636 3868 ’
782 3891 785 3896 -
814 3857 935 3914 Heinsius,
947 3858 989 3922 qui
999 3859 1063 3923 apud
1073 3859 1192 3924 Ryckium
1208 3863 1337 3927 corrigebat

296 3924 373 3984 Capta
388 3930 466 3970 cestre
483 3923 649 3988 enoumavtt]
674 3921 783 3972 Verbum
813 3923 931 3977 lateribus.
964 3923 1086 3988 Sed,quia
1096 3919 1336 3992 teguiaequot'puege-

261 3989 406 4034 eomloncare
419 3986 450 4034 de
466 4002 516 4036 uno
530 3987 618 4036 dictum
632 3995 657 4035 et
674 3987 705 4036 ab
722 3987 782 4046 aliis,
813 3987 873 4038 neris
890 3987 991 4047 lateritii,
1006 3989 1089 4038 malim
1103 3989 1151 4038 fere
1166 3991 1290 4054 lapidibus,
1309 4000 1337 4040 ut

259 4051 398 4106 nominatim
405 4051 506 4115 Virgilio
513 4052 569 4101 ΕΠ.
581 4053 605 4111 9,
615 4051 671 4106 375.
691 4053 784 4103 *Haud
812 4051 873 4101 infra
886 4067 905 4100 e
918 4053 958 4102 71.
969 4055 1034 4102 sarie
1045 4050 1176 4118 tegulisque
1189 4057 1277 4104 etectis
1293 4058 1336 4106 ob-

261 4119 346 4164 temere
356 4119 491 4178 estonum,
505 4117 672 4169 wnelometct
686 4119 783 4178 &mine
812 4125 885 4168 ruunt
904 4117 1052 4167 Vitellianos.
1093 4119 1182 4168 Probat
1207 4119 1336 4172 Murem.

266 4181 380 4233 Volcente.
396 4181 562 4294 ἷξῐετᾶῑδ,
570 4183 626 4231 259.
645 4182 783 4230 Cosconio
812 4179 886 4231 ΕΒΗ.
912 4183 1027 4241 Tretttus,
1037 4185 1096 4234 bene
1106 4185 1183 4232 hebet.
1209 4185 1336 4234 Tectorum

261 4245 290 4290 eb
298 4261 386 4308 aggere
423 4247 503 4310 physe
521 4253 666 4313 quamquam
676 4247 746 4294 etiam
757 4246 783 4294 in
812 4245 916 4310 ipsorum
925 4249 1015 4312 tegulas
1026 4258 1048 4296 et
1056 4251 1132 4296 nabes
1143 4247 1173 4295 de
1183 4248 1284 4296 eulmine
1294 4247 1337 4297 do·

260 4308 303 4356 illo
319 4310 371 4357 loco
384 4311 438 4360 libri
454 4313 551 4376 quidam
565 4326 672 4374 aggere:
695 4327 748 4376 qua
763 4311 783 4359 si
813 4327 897 4360 muum
908 4311 1169 4374 dejiciebantinhostes·
1186 4312 1342 4363 Sittormen·.

149 4391 154 4398 ·
258 4373 550 4433 verelectiueumlocum
562 4375 785 4435 Tacitusinmente
813 4377 901 4430 tisnon
912 4386 961 4426 erat
971 4392 1039 4440 opus,
1050 4387 1078 4424 ut
1086 4385 1109 4424 et
1119 4375 1174 4438 Bip.
1186 4385 1290 4430 monent.
1342 4421 1343 4426 ,

257 4437 543 4504 babuissevideripotest,
560 4441 636 4492 Enn-
852 4444 886 4490 Ite
902 4442 1042 4490 testudinem
1057 4439 1263 4506 girrnerabeatur]
1297 4443 1337 4494 ste

291 4503 430 4568 emetur
440 4505 513 4570 cede]
536 4507 660 4568 Quietem
671 4519 783 4556 numerus
814 4508 873 4556 beae
884 4521 897 4555 e
908 4505 972 4556 Fior.
984 4503 1056 4555 edidit
1071 4503 1174 4554 Picheua
1190 4520 1232 4569 pro
1246 4509 1346 4570 grone·
