3059 4975
271 242 344 285 no.
359 226 421 301 ro]
659 220 740 282 nra.
757 221 783 281 1.
804 218 890 285 cns.
911 226 960 285 ss.
1291 228 1332 287 st

269 410 389 453 nexum
410 386 528 453 odium.
584 385 690 485 Igitur
715 386 945 473 Lugdunenses
972 378 1170 453 eistimuiare'
1198 382 1336 477 singulos

269 472 419 552 militum,
433 474 511 537 etin
522 495 713 551 eversionem
726 472 952 539 Viennensium
966 471 1123 559 inpellere,
1147 474 1335 541 “obsessam

269 559 309 622 ab
322 558 383 623 illis
396 559 547 624 coloniam
567 581 666 637 suam,
686 558 813 646 adjutos
827 558 969 624 Vindicis
989 570 1127 637 conatus,
1149 561 1336 649 conscriptas

269 666 371 742 nuper
380 645 515 732 legiones
525 646 558 709 iu
591 644 749 709 raesidium
755 644 889 710 Galba?
902 644 1081 709 referendo:
1098 656 1140 723 et,
1149 644 1205 709 ubi
1213 670 1336 712 caussas

268 730 411 795 odiorum
436 668 675 817 pretendirant,
704 728 951 816 magnitudinem
979 729 1096 817 praedae
1123 730 1335 797 ostendebant.

269 816 338 880 Nec
342 815 412 914 jam
421 829 538 881 secreta
547 814 796 894 exhortatio,sed
827 814 937 879 ublicae
947 838 1070 902 preces:
1084 815 1336 905 “Irentrrltores,

269 902 483 967 exscmderent
504 901 608 966 sedem
631 900 743 983 Gallici
761 901 802 966 be
825 900 852 965 ἐ
876 914 990 967 cuncta
1003 900 1065 966 illic
1084 914 1212 967 externa
1230 916 1263 968 et
1280 904 1336 967 ho-

270 986 368 1051 stilia:
386 1010 419 1052 se
428 986 580 1053 coloniam
594 987 772 1051 Romanam
786 998 819 1049 et
828 998 950 1085 partem
964 985 1118 1052 exercitus
1130 1002 1163 1051 et
1175 1009 1234 1074 pro
1288 1010 1338 1053 ra-

269 1093 341 1137 rum
365 1072 629 1160 adversarumque
649 1094 755 1137 rerum
776 1093 891 1136 socrus:
916 1072 941 1137 si
962 1072 1090 1137 fortuna
1107 1084 1215 1138 contra
1258 1086 1335 1155 aret,

270 1158 356 1223 iratis
369 1182 409 1223 ne
421 1158 698 1246 relinquerentur.”

313 1244 442 1311 LXVI.
465 1245 528 1309 His
548 1258 581 1309 et
601 1243 745 1331 pluribus
763 1242 797 1307 in
815 1242 950 1308 eundem
963 1242 1105 1323 modum,
1124 1245 1335 1333 perpulerant,

268 1342 306 1393 ut
320 1352 360 1394 ne
374 1329 487 1417 Legati
502 1329 641 1429 quidem,
660 1352 697 1393 ac
715 1329 822 1395 Duces
838 1328 977 1417 partium
996 1330 1147 1417 restingui
1211 1354 1257 1395 sse
1277 1331 1337 1397 ira-

268 1415 416 1480 cundiam
428 1429 582 1479 exercrtus
595 1412 838 1487 arbitrarenturi
853 1436 926 1479 cum
938 1414 1026 1479 haud
1039 1416 1140 1503 ignari
1175 1416 1337 1482 iscriminis

269 1500 318 1563 sui
333 1500 536 1580 Viennenses,
550 1500 723 1565 velamenta
742 1514 775 1565 et
792 1499 907 1565 infulas
920 1500 1129 1588 praeferentes,
1149 1501 1205 1567 ubi
1297 1524 1337 1567 en

268 1584 445 1672 incesserat,
464 1608 562 1663 arma,
623 1608 697 1665 nna,
719 1586 849 1671 vestigia
867 1586 1052 1671 prensando,
1074 1585 1187 1651 flexere
1201 1524 1336 1654 miiiim

268 1670 396 1746 animos.
429 1670 566 1736 Addidit
576 1609 694 1736 Vealens
708 1685 846 1736 trecenos
860 1670 989 1757 singulis
1002 1671 1153 1739 militibus
1167 1673 1336 1740 sestertios:

269 1769 339 1835 tum
351 1770 489 1822 vetustas
502 1756 701 1845 dignitasque
713 1756 841 1822 ooloniae
855 1755 964 1836 valuit,
983 1770 1015 1822 et
1028 1757 1124 1825 verba
1138 1758 1241 1837 Fabii,
1256 1756 1336 1824 salu-

228 1909 232 1914 ,
269 1855 334 1905 tem
361 1842 667 1929 incolumitatemque
694 1840 922 1909 Viennensium
949 1842 1204 1921 commendantis,
1238 1845 1337 1931 oequis

269 1926 400 1993 auribus
420 1938 564 2015 accepta:
592 1927 718 2014 publice
738 1940 842 1993 tamen
863 1925 957 1993 armis
980 1926 1134 2007 mulctati,
1154 1928 1284 2015 privatis
1304 1944 1337 1997 et

269 2164 330 2214 Hac
350 2174 374 2215 et
393 2180 451 2215 mox
471 2165 590 2231 mqueatia
609 2165 666 2215 boni
685 2164 788 2215 Emesn'i
855 2166 1281 2235 Utmcnagauqutemacuuces]
1293 2168 1337 2219 vi.

269 2229 342 2279 otiosa
352 2246 454 2293 prorsus,
465 2239 494 2279 ut
503 2230 626 2295 beneBip.
819 2230 880 2279 tium
895 2230 1003 2344 iremus
1019 2232 1095 2279 nimis.
1112 2230 1191 2295 Leges
1211 2239 1239 2280 ut
1249 2250 1278 2281 ne
1288 2236 1337 2283 Le.

260 2308 263 2313 ·
302 2295 788 2360 Referendofflmterusvenustioremfore
817 2298 872 2359 goti
887 2299 928 2357 qui
994 2312 1021 2343 uc
1032 2298 1119 2345 Duces.
1144 2296 1217 2345 Sicet
1230 2297 1247 2345 l.
1259 2300 1284 2358 2,
1296 2299 1336 2355 76.

269 2359 397 2473 &yffi
406 2359 551 2473 putaspdaaidsi
561 2358 788 2485 hoccrx’buhrpmabas-
820 2369 844 2435 pt
851 2361 876 2419 4,
883 2360 928 2437 383
940 2362 1031 2410 Giton.
1048 2360 1109 2409 Mox
1117 2363 1228 2473 affixi
1236 2363 1339 2476 adin&

396 2441 418 2473 ο.
532 2439 571 2472 em
746 2440 789 2472 vo·
819 2438 906 2473 aomar
946 2440 1114 2474 camannsec.
1221 2461 1227 2474 .
1299 2444 1337 2477 uis

270 2502 320 2536 cern
331 2505 379 2554 esse
389 2506 405 2538 a
415 2490 506 2549 Tacito,
523 2489 566 2554 qui
581 2489 625 2537 sibi
640 2490 665 2537 in
676 2489 788 2539 brevitate
819 2497 886 2552 neget
897 2438 1017 2538 cb‘drmode
1027 2493 1106 2539 abesse
1115 2493 1200 2556 posse?
1215 2445 1338 2558 potuitilne

269 2563 424 2612 nonoonstat,
439 2563 538 2618 utsaepe
554 2553 663 2614 vidimus,
677 2552 788 2602 etintaii
819 2554 1338 2622 nasciexultimaliterapraoedentisetpri-

269 2619 398 2666 narratione
407 2619 455 2668 fere
464 2617 605 2681 gerimdium
615 2618 710 2666 taleam
716 2617 788 2682 parti-
819 2631 860 2666 ma
875 2618 963 2681 syllaba
978 2621 1093 2684 munds
1109 2621 1181 2669 verbi.
1201 2620 1274 2671 Ean.
1307 2623 1337 2672 In

270 2680 358 2744 cipium
368 2683 440 2731 addit.
456 2684 529 2732 Ean.
819 2681 894 2746 capite
906 2683 977 2745 hujus
988 2692 1048 2732 nota
1059 2687 1134 2748 togati
1143 2701 1186 2748 pro
1196 2687 1269 2747 legati
1279 2703 1339 2752 quo·

303 2747 459 2796 Secolouiam
469 2749 603 2796 Raraunum
632 2746 699 2806 Quid
714 2749 788 2810 ergo?
819 2745 1202 2797 modoineditionosGronovianae
1210 2749 1338 2814 inrepserit,

270 2825 317 2858 non
333 2811 507 2861 etiamVienna
520 2812 582 2860 inter
729 2812 789 2860 nolo-
820 2810 952 2859 noncideo.
986 2811 1125 2862 Manifestus
1139 2822 1255 2875 anterior,
1268 2831 1339 2880 quem

270 2874 339 2923 nias?
354 2876 418 2925 Vero
431 2876 529 2940 pridem.
560 2875 608 2924 vel
624 2875 723 2924 Claudio
738 2876 789 2924 Im·
821 2873 915 2922 Emasti
935 2891 1025 2924 serrare
1045 2891 1092 2924 non
1115 2877 1230 2940 debebat}
1255 2879 1338 2930 delevi.

270 2941 369 3003 panicii
387 2941 506 2989 mamus
524 2940 550 2989 in
571 2939 693 3000 Oratione,
716 2955 789 3005 qnam
822 2938 951 2987 Budare:
966 2941 1022 2988 item
1033 2943 1080 2988 sai.

270 3018 313 3067 pro
335 3003 410 3052 Gallis
430 3005 527 3060 bannita
557 3006 718 3054 Omoiiaeima
738 3019 790 3053 ecce
858 3004 1167 3118 VelamentoLdeaffl.
1184 3007 1338 3069 lapmian·

271 3070 475 3131 romanamque
497 3071 586 3122 sebnia
612 3071 788 3130 aaronem,
821 3067 986 3127 do,eademin
1008 3069 1061 3120 'bris
1072 3070 1176 3129 varietas,
1187 3086 1241 3134 qua
1250 3087 1337 3136 supraz

271 3148 343 3194 qoem
352 3135 481 3197 longojarn
490 3136 724 3196 sempersenmper
733 3135 790 3182 haic
821 3133 865 3182 nisi
876 3132 940 3198 quod
950 3134 1013 3182 Flor.
1027 3138 1062 3192 (et
1069 3134 1144 3193 Bud.)
1157 3135 1216 3184 clare
1222 3152 1339 3198 pensan.

272 3199 355 3246 Carice
366 3198 476 3261 confert!
493 3198 540 3247 Sed
547 3205 571 3246 et
578 3196 748 3259 amterstatim,
759 3197 790 3246 de
821 3199 859 3257 do,
876 3213 906 3246 ex
921 3213 969 3262 quo
982 3199 1070 3255 faama
1082 3201 1219 3263 prestando,
1231 3201 1294 3266 quod
1304 3210 1340 3251 est

270 3262 367 3312 eademi
387 3264 452 3310 Tum
460 3269 562 3311 manas
572 3264 721 3324 dignitasque
731 3264 790 3310 colo·
821 3258 847 3308 in
862 3261 919 3312 MS.
929 3263 989 3327 Agr.
1002 3264 1039 3313 ad.
1048 3280 1083 3328 pr.
1099 3273 1126 3313 ut
1137 3265 1194 3314 alibi
1204 3274 1227 3314 et
1238 3265 1264 3314 in
1274 3267 1339 3316 Flor.

271 3329 320 3375 πίω
338 3329 423 3376 misit.
452 3327 572 3392 Equidem
586 3326 652 3375 hard
666 3326 721 3374 sada
739 3327 790 3378 hac
821 3325 895 3375 Ean.

271 3391 374 3440 wnoiio
401 3392 455 3441 Nisi
473 3393 495 3441 si
510 3391 653 3440 Viennenses
668 3390 745 3454 prisd,
764 3391 790 3441 id
858 3392 970 3440 Triceaos
976 3394 1079 3456 singulis
1087 3395 1203 3441 militibus
1209 3397 1326 3443 camnine

256 3465 314 3515 est,
325 3457 472 3520 Allobroges,
488 3456 536 3505 sive
546 3455 618 3517 Galli,
635 3455 714 3504 donati
727 3457 790 3506 colo-
822 3455 1023 3522 mbeflispmus
1032 3460 1066 3522 (et
1072 3456 1146 3519 Bud.)
1158 3464 1293 3524 trecenor,q

257 3520 789 3648 nm...
822 3520 1341 3650 instantissimus

272 3649 790 3714 connamagnampartemRomanisiamiliis
822 3659 868 3700 tur.
903 3651 1002 3702 Treceni
1016 3653 1073 3701 HS.
1089 3662 1144 3701 sunt
1158 3651 1234 3714 nobis,
1251 3661 1340 3716 septem

271 3714 340 3761 stetit.
367 3715 433 3763 Nam
448 3722 472 3764 et
486 3715 524 3763 hic
540 3722 645 3764 externos
660 3713 789 3774 immixtos,
806 3715 948 3780 -Philippici
964 3725 988 3765 et
1004 3717 1079 3766 semis.
1100 3715 1176 3766 lares.
1208 3717 1290 3782 Atque
1308 3719 1342 3769 ita

272 3775 320 3826 Dio
336 3777 417 3828 suadet
432 3781 525 3837 tntu
548 3777 624 3828 Istra.
656 3778 790 3843 Simplicius
822 3777 909 3830 habent
924 3781 998 3832 MSS.
1014 3781 1077 3830 Flor-
1099 3782 1160 3847 Agr.
1188 3782 1230 3831 Ab
1246 3783 1283 3832 ed.
1304 3798 1341 3848 pr.

272 3843 790 3894 acfortemelinsBoxhorninszseverecolo·
822 3843 972 3909 plmeabut.
993 3845 1065 3896 Ean.

272 3907 336 3955 niam
345 3908 425 3964 Rom.
444 3907 527 3970 dignos
542 3907 587 3958 hoc
602 3908 712 3959 nmaines
732 3923 789 3956 nam
859 3911 968 3959 Veturius
977 3911 1105 3975 digami]
1121 3911 1186 3960 Nam
1196 3919 1220 3960 et
1227 3910 1340 3962 Claudius

220 4006 224 4015 ·
271 3980 430 4083 gemeret:
458 3973 509 4020 illic
528 3979 625 4039 obtemp
645 3980 669 4022 et
686 3975 789 4022 hostilio.
822 3973 847 4022 in
858 3973 925 4054 (irat.
935 3991 977 4038 pro
988 3975 1065 4056 Gallis
1079 3977 1255 4025 oneratissimum
1265 3984 1288 4025 ei
1299 3991 1340 4024 oa-

296 4048 344 4086 nu.
822 4039 977 4088 martimum
987 4041 1182 4090 coloneomvooat.
1209 4040 1341 4089 Sedeaha·

304 4103 333 4150 st
342 4102 446 4165 fortuna
462 4108 543 4150 cordro
556 4102 636 4166 daret]
655 4101 712 4152 MS.
726 4102 788 4167 Agr.
822 4103 891 4152 bebat
905 4105 944 4166 jus
958 4105 1094 4170 oolonicum,
1111 4107 1154 4155 etsi
1167 4104 1255 4154 civibus
1267 4105 1339 4151 Rom.

216 4198 221 4206 ·
273 4173 353 4213 eontra
367 4168 465 4216 cederet.
481 4167 518 4216 ed.
535 4182 571 4231 pr.
589 4173 671 4235 contra
683 4169 786 4216 durren
823 4182 850 4216 eo
865 4181 913 4216 non
928 4167 1041 4231 deductis,
1063 4187 1117 4221 cum
1134 4168 1246 4232 nugduni
1261 4173 1340 4214 contra

273 4230 340 4278 male.
374 4231 506 4307 Ineadem,
522 4231 582 4280 mira
593 4232 729 4295 corruptela,
746 4248 790 4296 pro
804 4257 807 4262 ·
823 4233 904 4282 multa
912 4233 1135 4308 Romapaefamilia,
1146 4241 1174 4302 ut
1188 4232 1252 4292 docet
1265 4228 1294 4275 P·
1310 4229 1340 4278 de

268 4297 545 4410 gesorperpgep3edrmm
561 4311 697 4360 persar-una
717 4298 790 4350 Ean.
804 4331 806 4336 ·
822 4297 1148 4425 ngzegzfflippuffi
1159 4313 1183 4360 p·
1194 4293 1249 4341 2⁸3·
1267 4291 1340 4344 ΕΜ·

304 4391 312 4406 .
348 4392 355 4406 .
400 4393 409 4424 ,
453 4395 460 4410 .
876 4397 881 4410 .
1086 4396 1087 4402 ,
1145 4391 1151 4406 .
