3059 4975
262 302 290 349 ι.
305 300 332 339 0.
345 282 406 355 ra]
627 280 702 347 ata.
724 279 777 341 ιν.
796 278 884 339 car.
905 280 954 336 aa.
1268 281 1334 371 aaa

264 458 301 515 ut
313 458 440 531 furtum
457 442 655 531 Carthaginis
668 442 790 529 adtigit,
804 464 919 531 magrn
927 464 1004 506 voce
1013 440 1087 506 laeta
1097 440 1206 506 Pisoni
1218 441 1335 520 omina,

266 546 426 618 muaquam
441 531 546 597 Princi
569 530 591 610 i,
605 529 806 605 mutinume3
830 530 939 593 obvios
950 539 986 592 et
997 529 1112 593 subitae
1125 528 1337 593 mimitaeulo

267 616 432 694 adtonitos,
448 630 485 681 ut
498 640 534 681 aa
557 640 607 681 em
627 615 850 701 adstreperent,
865 614 1000 679 hortari:
1024 613 1141 701 vulgus
1160 613 1336 693 credulum,

267 726 357 770 ruere
371 702 403 767 in
425 702 547 769 iorum:
571 709 593 741 ‘⁴
609 700 808 787 praesentiam
823 702 971 765 Pisoni?
988 722 1164 787 exposcere.
1209 699 1338 764 Gaudio

265 788 516 873 clamoribusque
529 800 643 853 cuncta
655 786 837 864 miscebant,
851 785 1047 871 indiligentia
1060 786 1126 849 veri
1140 800 1173 851 et
1187 784 1338 851 adulandi

265 874 405 941 libidine.
449 874 533 951 Piso,
555 871 669 937 indicio
692 871 832 957 Sagittae,
853 871 903 937 vel
924 871 1016 935 insita
1035 872 1198 950 modestia,
1220 892 1285 936 non
1303 870 1338 934 in

267 960 431 1047 publicum
445 982 589 1045 egressus
603 968 659 1036 est,
674 980 777 1044 neque
791 980 824 1021 se
838 956 949 1022 studiis
963 956 1051 1043 vulgi
1072 957 1231 1043 permisit:
1255 958 1338 1022 cen-

269 1047 486 1132 turionemque
496 1054 724 1131 percunctatus,
738 1057 917 1130 postquam,
931 1042 1131 1129 “quaesitum
1147 1042 1337 1109 sibi-crimen

268 1131 478 1218 caedcmque,'’
499 1129 660 1218 comperit,
683 1136 704 1169 ‘⁶
725 1128 931 1193 animadverti
950 1128 983 1191 in
1002 1130 1100 1192 eum'’
1120 1128 1228 1215 jussit,
1250 1129 1339 1193 haud

269 1216 398 1303 perinde
423 1240 477 1317 spe
496 1216 582 1295 vitae,
595 1238 690 1302 quam
715 1214 762 1278 ira
783 1215 816 1278 in
838 1236 1062 1303 percussorem,
1084 1213 1172 1300 quod
1191 1213 1276 1277 idem
1297 1238 1338 1278 ex

269 1302 517 1367 interfectoribus
527 1301 633 1367 Clodii
644 1301 758 1378 Macri,
774 1313 919 1365 cruentas
935 1299 1047 1387 Legati
1062 1299 1214 1386 sanguine
1227 1320 1340 1365 manus

268 1388 311 1453 ad
333 1390 449 1454 caedem
470 1386 667 1458 Proconsulis
689 1385 853 1452 retulisset.
897 1386 1007 1451 Anxio
1019 1385 1133 1449 deinde
1146 1385 1249 1450 edicto
1263 1386 1341 1450 Car-

270 1474 515 1561 thaginiensibus
532 1472 700 1559 increpitis,
720 1494 759 1535 ne
773 1471 866 1536 solita
878 1472 1007 1557 quidem
1028 1471 1137 1539 munia
1153 1472 1339 1558 usurpabat,

267 1559 391 1625 clausus
415 1559 498 1625 intra
518 1558 659 1636 domum,
685 1580 725 1621 ne
747 1580 812 1644 qua
832 1569 937 1622 motus
957 1556 1031 1620 novi
1054 1578 1163 1621 caussa
1185 1556 1237 1621 rel
1259 1558 1341 1621 forte

270 1660 413 1710 ornetur.

315 1733 354 1796 L.
377 1730 452 1809 Sed,
472 1730 528 1795 ubi
543 1732 638 1795 Festo
656 1728 863 1794 consternatio
885 1728 984 1815 vulgi,
1003 1725 1204 1793 Centuriouis
1224 1726 1343 1814 suppli-

269 1817 366 1895 cium,
391 1840 527 1903 veraque
555 1828 587 1881 et
614 1815 702 1893 salsa,
731 1838 817 1879 more
843 1816 946 1893 famae,
972 1816 1006 1878 in
1035 1815 1141 1900 majus
1167 1813 1342 1893 innotuere,

272 1928 289 1970 e
312 1903 392 1968 uites
416 1903 449 1966 in
473 1924 579 1967 necem
595 1902 716 1967 Pisonis
738 1901 843 1964 mittit.
889 1900 939 1965 Illi
961 1900 1076 1987 raptim
1097 1899 1187 1981 vecti,
1210 1900 1343 1963 obscuro

272 1927 602 2075 adhucconvertere,
619 1987 747 2050 domum
763 1984 962 2050 Proconsulis
980 1987 1175 2072 inrumpunt,
1191 1984 1345 2049 destrictis

272 2074 402 2161 gladiis:
425 2090 456 2138 et
470 2096 584 2160 magna
597 2096 669 2159 pars
685 2072 807 2136 Pisonis
820 2072 930 2158 ignari,
946 2071 1033 2158 quod
1049 2073 1165 2134 Poenos
1178 2071 1345 2158 auxiliares

275 2162 470 2247 Maurosque
484 2160 518 2222 in
533 2182 600 2223 eam
616 2158 732 2223 caedem
746 2157 924 2244 delegerat:
938 2157 1035 2220 haud
1058 2156 1169 2243 procul
1188 2155 1344 2235 cubiculo,

273 2246 403 2331 obvium
426 2244 508 2310 forte
534 2267 668 2323 servum,
695 2244 884 2329 “quisnam
909 2257 941 2308 et
966 2243 1020 2307 ubi
1045 2255 1125 2306 esset
1147 2242 1268 2309 Pis0?”
1298 2242 1346 2305 in-

274 2342 478 2418 terrogavere.
525 2334 639 2395 Servus
660 2331 787 2416 egregio
806 2329 977 2407 mendacio,
999 2336 1023 2367 “
1038 2352 1070 2392 se
1085 2328 1232 2393 Pisonem
1250 2329 1346 2407 esse‚”

273 2432 322 2482 re's
364 2417 452 2493 n'dit3
480 2417 639 2481 aestatim
661 2416 882 2479 obtruncatur:
911 2438 968 2480 nec
989 2414 1090 2479 multo
1110 2428 1183 2516 post
1204 2413 1279 2478 Piso
1300 2414 1347 2477 in-

276 2517 307 2569 te
346 2504 435 2570 citur.
481 2506 629 2590 Namque
650 2501 768 2581 aderat,
791 2503 848 2589 qui
864 2512 1025 2581 ¹nosceret,
1049 2501 1166 2566 Bebtus
1188 2503 1308 2583 Massa,
1328 2525 1347 2566 e

173 2623 174 2626 ¹
275 2589 537 2656 Procuratoribus
551 2588 683 2667 Africis,
706 2588 774 2674 jam
789 2602 865 2654 tunc
878 2589 998 2677 optimo
1012 2587 1128 2675 cuique
1139 2587 1301 2667 exitiosus,
1315 2600 1349 2652 et

1326 2669 1339 2679 -u

314 2807 382 2854 Len
407 2807 493 2854 Pisoni
517 2806 793 2869 masta-continuare]
826 2819 883 2852 ram.
916 2804 999 2854 Sedin
1010 2804 1102 2864 Adios,
1115 2802 1277 2852 Proconsulari
1292 2818 1349 2866 pro-

276 2869 338 2920 Vere
348 2869 469 2918 Acidaliae
485 2869 581 2917 mrrexit
599 2870 685 2916 οιιιίιια.
719 2868 796 2931 quue
826 2866 910 2929 uncia,
927 2868 1005 2932 plures
1017 2868 1097 2927 fonsa
1113 2867 1219 2916 nondum
1234 2869 1308 2932 reperi
1324 2878 1350 2916 et

275 2933 334 2982 adso
351 2933 444 2982 evidens
461 2949 475 2982 e
493 2933 650 2997 sequentibus,
667 2939 696 2980 st
716 2934 795 2979 cadem
827 2933 869 2980 rix
882 2933 957 2981 aedo.
990 2933 1021 2980 In
1035 2931 1160 2980 Britannia
1171 2932 1280 2997 quidem,
1295 2948 1350 2996 pru·
1418 2926 1422 2935 ’

274 2999 444 3060 adstreperent,
460 2997 732 3062 utrocipereintextum
748 3011 795 3044 non
827 2997 904 3045 vincia
925 2997 1030 3058 Cusus,
1052 3011 1115 3044 unus
1133 3004 1226 3044 tentum
1245 2997 1300 3058 aar,
1317 3006 1351 3045 ut

274 3062 417 3111 dubitar'an:
435 3069 616 3126 semtusqucest
626 3076 668 3110 nos
676 3061 796 3109 Brotarius
827 3070 892 3125 patet
902 3077 933 3110 ex
943 3060 1025 3126 Agris.
1037 3061 1077 3110 ts.
1092 3060 1159 3108 Ana
1173 3059 1212 3121 lt,
1223 3062 1265 3110 39.
1294 3062 1350 3110 Nisi

274 3128 313 3190 (et
324 3125 407 3188 hall).
425 3129 514 3177 Omna
524 3129 577 3174 teta
586 3128 673 3175 Pisoni
683 3132 711 3174 at
719 3127 797 3174 Pan·
829 3126 938 3174 fortcillo
945 3134 1139 3190 tomporepraeter
1146 3124 1283 3190 primarium
1292 3126 1352 3174 Pro-

273 3194 525 3254 ctpioontr‘nuarrest,
541 3189 796 3240 lastisomioibuseum
829 3200 956 3240 cantorem
977 3191 1019 3238 ati
1039 3189 1141 3238 minores
1161 3197 1228 3238 exue
1244 3189 1351 3239 ordinari

190 3285 195 3293 ·
275 3256 386 3305 munibus
403 3257 468 3317 locis,
480 3255 579 3315 assidue,
596 3255 712 3320 prosequi,
727 3269 797 3302 usur·
829 3255 894 3304 missi
904 3256 977 3316 fuere,
991 3257 1128 3319 quioertam
1138 3254 1243 3319 Quam
1260 3263 1351 3318 partem

275 3331 333 3384 pato
346 3319 462 3385 Principis
481 3321 609 3368 nominect
625 3318 737 3383 quicquid
755 3335 798 3383 cp·
828 3321 864 3368 rei
884 3320 976 3380 fiscalis,
998 3323 1042 3369 sub
1063 3320 1174 3384 primario
1190 3319 1350 3382 Prourmtore,

276 3386 359 3450 pellani
368 3386 486 3450 Principes
495 3385 577 3434 solent.
610 3383 797 3432 Groslotiusoor-
828 3393 952 3442 urrarent5
968 3385 1034 3449 qaod
1047 3383 1165 3433 interdum
1180 3383 1270 3432 samm
1285 3384 1353 3434 docet

275 3452 365 3514 rigebat
380 3453 532 3510 machmam,
549 3463 595 3498 non
609 3447 733 3524 adsecutus
747 3463 798 3523 rer·
829 3449 962 3513 Byulrersh.
971 3450 1031 3498 Oba.
1042 3451 1068 3509 2,
1079 3449 1121 3497 al.
1134 3457 1192 3524 ests.
1200 3456 1228 3496 ct
1237 3448 1352 3498 curiale·

186 3703 189 3710 ἱ
278 3644 340 3692 Mox
351 3646 504 3706 natrtgetata
518 3647 569 3692 arri
579 3646 638 3692 bene
647 3651 799 3692 correctuma
830 3643 856 3691 ia
870 3643 1032 3692 Prosomulari
1048 3642 1167 3705 monacis
1182 3653 1244 3691 auus
1260 3651 1353 3692 manua
1454 3639 1460 3652 ⁸

279 3707 361 3764 Illam,
389 3710 436 3758 Ed.
450 3725 486 3774 pr.
504 3711 540 3774 (et
556 3706 632 3769 Buri)
647 3709 799 3770 indiligentia
830 3707 1354 3773 (aamlooa,qaaeaffsmtrtur,nouattingant

279 3775 336 3820 vira
365 3774 454 3823 Gmsrae
461 3772 800 3823 artennamsttuenta
830 3771 1007 3835 hmcoetatemi
1023 3781 1065 3821 aut
1081 3773 1150 3821 lectio
1163 3772 1199 3820 od.
1210 3771 1280 3838 pira.
1291 3787 1354 3837 pre·

276 3838 402 3900 demersio
412 3841 470 3886 uiri.
488 3839 560 3888 Ena.
831 3839 926 3898 iereurr,
935 3839 976 3886 aut
984 3839 1078 3902 Apta
1083 3837 1281 3902 putablmressea
1290 3838 1355 3887 mela

321 3905 485 3952 caraman
499 3905 581 3968 vulgi]
605 3903 630 3952 h.
646 3918 666 3951 e.
677 3915 800 3950 consuram
833 3917 916 3951 manu.
949 3903 1015 3951 Nam
1037 3902 1116 3968 potuit
1135 3917 1192 3962 esse,
1215 3904 1320 3963 Banu,
1340 3917 1355 3950 e

279 3968 304 4015 in
314 3968 393 4016 iorum
407 3979 437 4016 es
447 3967 558 4016 instinctu
569 3976 592 4016 et
603 3966 684 4016 fraude
694 3966 803 4016 ceorurt-
834 3969 1044 4029 Ριοοιιιιιιιιϋιιι,
1066 3982 1110 4032 pro
1127 3968 1285 4026 Proernam,
1306 3979 1356 4015 nou

278 4033 340 4094 onis,
350 4035 452 4081 elamore
467 4031 613 4096 presentiam
625 4031 716 4080 Pisonis
729 4045 802 4094 expo·
831 4031 913 4080 addito
928 4033 1054 4095 provinciae
1068 4031 1178 4081 nomine:
1195 4039 1224 4080 ut
1239 4045 1310 4094 sopra
1320 4027 1356 4079 ri.

277 4099 401 4159 scentiam,
413 4097 531 4174 crinibus
541 4097 608 4156 letis,
619 4105 647 4145 ut
658 4095 801 4172 Principem,
834 4097 934 4172 mpure
949 4099 1070 4174 Trinacia,
1077 4111 1125 4176 pro
1136 4098 1275 4171 disdraus,
1291 4094 1356 4170 quod

280 4170 475 4290 snm
495 4161 802 4210 ι
833 4161 1357 4277 ιι

282 4291 393 4340 Mauros.
403 4292 481 4340 Eun.
508 4291 588 4341 cca.
601 4293 624 4351 l,
636 4292 674 4340 39.
836 4293 1034 4354 Primipilarr‘bm
1048 4307 1092 4356 pro
1106 4290 1274 4352 Pamtpttaru
1284 4289 1356 4349 Η.3,

304 4358 339 4403 -E
351 4352 551 4405 &muratoribus
565 4357 672 4422 Africa]
707 4355 753 4404 Ed
767 4369 803 4418 pr.
837 4358 877 4414 70.
894 4357 967 4405 Ean.
1001 4357 1063 4404 lan
1074 4352 1184 4418 exponit:
1202 4367 1264 4401 auus
1273 4367 1303 4403 ex
1318 4354 1356 4418 iis,

281 4422 431 4470 Premaotor
450 4423 493 4485 aij}
532 4421 558 4470 Si
578 4422 656 4485 plnres
678 4421 703 4472 in
722 4419 805 4468 Allius
838 4422 880 4487 qai
891 4417 1260 4472 massmannus

281 4485 444 4536 Procuratores
458 4486 563 4548 Caesaris,
580 4485 703 4548 vulgatum
721 4483 805 4548 prefe-
