3059 4975
203 252 259 311 rsa
577 248 883 311 ursronrssuu
1090 252 1137 327 [s.
1154 255 1267 313 aeas.

197 412 261 488 tela
279 434 417 501 saxaque
431 414 635 495 incutiebant,
656 437 729 479 cum
749 415 949 502 languescere
1009 414 1129 481 ullatim
1145 414 1269 482 Vitelli·

195 521 329 563 anorum
342 498 445 563 animi.
491 501 539 565 Ut
552 502 624 588 quis
637 502 745 565 ordine
759 501 908 580 anteibat,
923 524 957 564 oc
977 524 1031 565 ere
1040 501 1193 567 fortunae:
1216 524 1267 580 ne,

200 586 356 673 Cremona
378 608 507 673 quoque
531 587 646 663 excisa,
676 585 763 651 nulla
791 586 874 650 ultra
904 586 1004 664 venia,
1033 588 1195 674 omnisque
1220 587 1268 651 ira

197 670 333 749 victoris,
353 693 415 734 non
434 671 467 735 in
487 672 602 757 vulgus
623 672 722 758 inops,
744 672 798 735 sed
819 672 852 735 in
870 672 1031 737 Tribunos
1048 673 1268 737 Centuriones-

202 748 210 830 ’,
222 780 270 833 ue,
284 756 341 843 ¹ubi
359 757 496 842 pretium
510 757 604 821 caedis
617 771 693 836 erat,
715 771 931 822 reverteretur.
976 758 1146 844 Gregarius
1167 758 1265 837 miles,

198 780 299 905 luturi
319 865 422 905 socors
441 854 472 907 et
486 843 680 930 ignobilitate
694 844 803 923 tutior,
826 844 1000 930 perstabat:
1024 844 1096 931 vagi
1117 844 1264 931 pervias,

196 927 230 990 in
241 927 387 991 domibus
398 928 508 1008 abditi,
520 952 628 1015 pacem
642 941 761 994 netum
772 929 899 1017 quidem
909 929 1051 1007 orabant,
1062 952 1133 999 cum
1148 928 1265 995 bellum

195 1010 379 1099 posuissent.
402 1012 559 1078 Primores
572 1026 743 1078 castrorum
757 1037 868 1078 nomen
884 1030 978 1102 atque
989 1014 1138 1115 imagines
1145 1014 1266 1081 Vitellii

195 1098 403 1163 amoliuntur:
430 1111 554 1164 catenas
576 1099 709 1166 Caecinae
729 1102 816 1182 (uam
838 1099 1022 1164 etiamtum
1036 1114 1159 1166 unctus
1182 1103 1262 1185 erat)

195 1183 373 1265 exsolvunt,
389 1198 553 1271 orantque,
577 1192 599 1223 “
620 1196 658 1248 ut
677 1207 793 1248 caussae
816 1208 880 1249 suae
901 1185 1082 1272 deprecator
1100 1186 1229 1251 adsistat
1238 1188 1265 1250 :”

194 1270 432 1356 adspemantem
444 1281 678 1370 tumentemque
691 1269 835 1357 lacrymis
848 1271 981 1357 fatigant
997 1272 1186 1354 (extremum
1200 1295 1265 1335 ma

194 1354 312 1440 lorum)
335 1366 384 1419 tot
400 1355 558 1420 fortissimi
576 1355 648 1435 vin,
670 1354 837 1443 proditoris
858 1379 949 1443 opem
970 1356 1165 1422 invocantes:
1189 1380 1263 1421 mox

195 1440 370 1504 velamenta
391 1453 423 1503 et
444 1440 558 1506 infulas
582 1465 641 1529 pro
667 1440 764 1506 muris
786 1454 951 1507 ostentant.
997 1442 1080 1507 Cum
1106 1442 1263 1507 Antonius

196 1535 219 1567 “
233 1526 366 1589 inhiberi
377 1523 461 1591 tela'¹
478 1527 631 1614 jussisset,
646 1527 734 1615 sigua
748 1526 930 1614 aquilasque
943 1528 1101 1593 extulere:
1117 1542 1262 1592 moestum

195 1611 359 1675 inermium
374 1635 497 1697 agmen,
513 1612 641 1700 dejectis
654 1613 688 1677 in
703 1628 816 1677 terram
830 1612 938 1693 oculis,
953 1615 1150 1700 sequebatur.
1195 1614 1263 1677 Cir-

190 1696 407 1761 cumstiterant
416 1699 558 1777 victores,
570 1712 602 1762 et
616 1698 717 1785 primo
734 1699 917 1785 ingerebant
927 1701 1052 1787 probra,
1066 1700 1262 1764 intentabant

194 1784 293 1848 ictus:
310 1806 393 1862 mox,
403 1797 441 1848 ut
450 1784 583 1871 praeberi
596 1807 653 1849 ora
663 1783 868 1863 contumeliis,
880 1795 920 1865 et,
934 1786 1035 1873 posita
1045 1784 1129 1853 omni
1139 1785 1263 1864 ferocia,

192 2002 296 2045 rantur:
308 2012 363 2045 nam
372 1997 475 2061 seqnitur
483 1999 632 2047 incutiebant.
650 1998 713 2047 Gon·
745 1998 863 2061 Signabat
873 1999 996 2045 labarum.-
1013 1999 1147 2060 clypeorum
1157 1997 1264 2059 lmlgutu

193 2061 298 2109 sentiunt
305 2062 376 2109 MSS.
384 2062 471 2127 (Bud)
480 2062 560 2110 Guelf.
569 2062 638 2111 Bodl.
650 2062 713 2111 Mox
744 2064 857 2112 Christus
868 2064 1011 2124 Scripserut.
1030 2062 1080 2121 Qui
1090 2065 1148 2110 bene
1159 2062 1223 2109 addit
1233 2062 1262 2109 de

195 2124 345 2187 lmrgue‘soere
362 2126 424 2174 idem
443 2142 474 2174 ex
492 2127 573 2175 eodem
595 2126 655 2175 libro
671 2143 713 2191 pro
741 2127 837 2191 clypeis,
847 2128 896 2175 sive
906 2127 1057 2185 scutisznarn
1068 2136 1092 2175 et
1101 2126 1157 2185 illic,
1167 2134 1195 2173 ut
1202 2123 1260 2185 disi,

194 2193 308 2253 languere
316 2192 392 2252 (Bud.
403 2194 533 2253 languere).
557 2191 606 2239 Ed.
615 2208 651 2255 pr.
660 2194 712 2239 las-
741 2191 902 2240 inscribebant.
919 2190 1091 2251 Quinctilianus
1101 2206 1143 2253 pro
1154 2190 1262 2239 Milites.
1315 2222 1317 2229 ·

191 2262 347 2315 guerrareutr
364 2255 427 2318 qnod
437 2270 484 2302 non
495 2271 616 2317 spernatur
633 2256 711 2304 inlini·
745 2254 782 2303 12.
816 2258 965 2318 suscriptum
977 2258 1078 2302 tusculo
1091 2258 1118 2305 C.
1126 2257 1209 2302 Marii
1220 2268 1261 2301 rto-

193 2318 270 2367 tirum
280 2318 363 2382 copula
373 2325 404 2378 et,
415 2318 464 2367 sive
474 2319 553 2367 addita
562 2328 648 2368 temere
658 2330 713 2369 ante
742 2336 803 2367 nwu.
830 2320 925 2379 Dicta,
937 2320 973 2367 15.
991 2319 1131 2367 Marcellum
1140 2320 1172 2367 ait
1180 2334 1262 2366 sonmo

193 2390 230 2442 ur,
242 2384 290 2431 sive
298 2384 421 2444 intellecta,
431 2384 544 2448 peperisse
551 2385 647 2433 videtur.
665 2386 712 2434 Sed
743 2386 862 2447 Pompeii,
874 2400 928 2433 cam
939 2386 965 2431 ld
975 2387 1047 2431 scutis
1062 2385 1114 2431 suis
1125 2386 1212 2431 militas
1223 2385 1261 2429 irs.

193 2446 322 2498 infinitivus
344 2464 438 2514 qnoque
458 2456 539 2498 rectus.
572 2450 636 2499 Dein
656 2466 711 2499 cnm
738 2444 875 2511 aeribermt,
888 2451 987 2498 debere:
1003 2448 1039 2496 uti
1054 2448 1261 2498 scilicett'autorern

195 2513 288 2576 Ryckio
303 2521 327 2561 ct
341 2514 459 2562 Gmnovio
472 2514 549 2562 deleto
564 2523 595 2575 et,
612 2516 666 2564 dedi
683 2523 710 2564 ut
741 2515 858 2567 seCaesari
868 2515 1002 2563 ostenderet.
1025 2514 1094 2561 Idem
1103 2517 1143 2574 50,
1153 2517 1177 2561 t.
1186 2522 1259 2572 notat,

194 2579 292 2640 quisque
307 2593 328 2625 o.
343 2593 365 2624 a.
379 2586 403 2626 et
418 2579 440 2626 ei
455 2578 488 2625 rei
504 2579 711 2642 interpunctionem
741 2579 953 2627 Romanosmilites
962 2579 1179 2639 Cleopatranomes
1188 2582 1261 2626 scutis

193 2641 372 2690 accommodavi.
389 2643 541 2691 Consentiunt
548 2644 602 2692 MS.
609 2645 712 2707 Agned.
741 2645 896 2705 inscripsisse,
909 2643 976 2706 quasi
982 2641 1140 2705 Imperatoris.
1158 2642 1189 2689 D.
1198 2643 1261 2689 Am·

212 2722 230 2753 r.
242 2707 287 2755 nisi
301 2707 363 2772 quod
377 2707 464 2756 habent
473 2710 535 2769 quir,
545 2723 593 2771 pro
607 2711 710 2771 quisquc.
742 2707 832 2756 brosius
847 2708 905 2762 (sive
915 2707 967 2770 quis
983 2706 1043 2754 alius
1058 2705 1098 2754 ille
1114 2707 1219 2770 scriptor)
1231 2707 1261 2754 ad

221 2772 305 2836 eniqus
314 2778 481 2831 reverteretur,
491 2788 534 2836 pro
544 2773 643 2835 simplici
659 2790 713 2822 ver.
742 2772 806 2820 hunc
816 2772 887 2820 ritum
898 2772 998 2836 respexit
1008 2770 1119 2820 Oratione
1130 2772 1220 2820 funebri
1232 2772 1261 2820 de

194 2841 293 2896 teretur,
308 2836 406 2895 dicnrm,
420 2837 484 2901 quod
498 2837 591 2885 rescribi
605 2839 712 2888 volebant
741 2836 982 2898 Valentiniano§58.
1021 2837 1200 2884 Valentinianus
1218 2838 1260 2883 lm-

194 2899 303 2949 Muretns
316 2909 340 2950 ct
354 2901 453 2950 Ursinus
464 2905 497 2956 (et
506 2901 617 2962 Aaron).
655 2904 711 2953 Vid.
743 2902 796 2948 bens
807 2904 834 2949 lu
847 2917 871 2950 se
884 2904 1013 2963 imaginem
1026 2902 1207 2949 Clrrlstl...Nec
1222 2904 1260 2948 ln-

194 2965 486 3030 adSueton.Aug.c.27.
502 2965 575 3015 ΕΜ.
603 2968 711 3016 monet.
735 2969 831 3028 jartam
844 2967 984 3029 putaveris.-
1011 2967 1143 3013 charactere
1160 2967 1261 3013 Domini

192 3030 242 3079 inm
251 3031 344 3079 atBnd.
354 3031 441 3080 habent
451 3037 478 3079 ut
486 3033 548 3092 quir,
559 3039 583 3078 et
593 3033 625 3080 sic
634 3042 712 3080 noster
742 3031 906 3079 inscribuntur
917 3037 940 3078 et
954 3032 1052 3087 assurt,
1067 3036 1090 3077 et
1105 3032 1198 3078 nomine
1207 3034 1261 3079 Im-

246 3095 253 3108 '
304 3104 333 3144 ut
343 3095 374 3142 A.
388 3098 413 3155 2,
430 3096 469 3143 24.
481 3095 521 3151 73.
533 3096 572 3142 83.
582 3097 608 3156 4,
619 3099 658 3145 23„
670 3099 710 3145 36.
736 3097 858 3156 peratorls
868 3097 997 3156 signantur
1007 3096 1110 3142 milltes:
1127 3095 1172 3144 nisi
1182 3104 1260 3143 tamen

192 3110 416 3222 fflm'resutuicum
422 3159 627 3222 ratpertum.
647 3161 711 3211 Dein
740 3159 771 3206 ad
788 3169 913 3222 puncturas
930 3167 953 3207 et
970 3159 1079 3222 stigmata
1096 3159 1198 3208 militnm
1217 3160 1261 3208 hoc

192 3231 359 3282 reverteretur,
370 3225 461 3273 rectius.
741 3223 826 3283 retem
852 3225 915 3289 quod
933 3239 980 3273 non
1000 3239 1089 3288 sperno.
1114 3226 1189 3273 ers.
1221 3224 1260 3271 De

224 3290 398 3350 Ncmeamque
409 3291 538 3354 imagines]
556 3289 650 3338 Nomen
660 3291 710 3352 ejus
741 3289 875 3338 nomimbus
891 3289 950 3338 adde
967 3297 1071 3336 nostrum
1086 3288 1120 3337 H.
1134 3291 1160 3351 2,
1177 3289 1216 3336 85.
1234 3289 1259 3347 3,

190 3352 308 3417 insignis.
331 3352 387 3401 Mos
398 3353 459 3401 enim
467 3353 516 3412 ille,
527 3361 555 3401 ut
562 3354 711 3418 Imperatoris
744 3353 781 3401 13.
799 3354 870 3402 ΕΠ.

191 3419 229 3466 sni
239 3433 324 3466 nornen
334 3426 386 3466 turn
394 3417 485 3466 vexillis
494 3419 650 3480 inscriberent,
657 3428 709 3468 tum
777 3420 839 3466 Tum
851 3419 955 3482 eluctus]
973 3417 1037 3466 Bud.
1049 3423 1105 3466 tusc
1116 3418 1216 3465 vlumus.

191 3482 268 3531 wuda.
296 3482 710 3548 Qnodetiamiuliberalteprideo
773 3486 917 3532 Extremum
928 3482 1110 3547 umbramete]
1134 3482 1260 3544 interpun-

191 3547 330 3595 factitatum.
360 3547 409 3596 Dio
424 3548 454 3596 de
469 3548 552 3596 Crasso
567 3548 594 3596 in
610 3549 709 3600 Parthos
740 3547 786 3596 etio
801 3547 851 3596 hac
864 3547 959 3596 debetur
969 3547 1086 3604 Piehenae,
1101 3545 1142 3609 qui
1159 3546 1192 3594 sic
1207 3546 1258 3594 loco

191 3620 299 3661 movente
308 3614 349 3674 40,
360 3613 397 3660 18.
421 3612 543 3674 §musicali
554 3621 632 3660 τιτῶν
641 3615 713 3672 nayd-
740 3613 859 3672 succurrit,
879 3612 972 3672 adjums
992 3611 1047 3659 MS·
1061 3611 1123 3659 Ποῖ.
1159 3611 1207 3658 Pro
1224 3617 1258 3660 tot

191 3685 237 3723 aar
248 3680 295 3730 τοῖς
303 3679 381 3731 ἱστίοις
389 3677 496 3737 ἐοικότων,
508 3677 544 3723 sal
552 3676 633 3735 φοινικᾶ
642 3679 712 3744 ypip-
740 3676 797 3725 MS.
808 3677 887 3724 Guelf.
900 3675 964 3724 Bud.
974 3675 1010 3723 ed,
1021 3675 1099 3722 Rhen.
1109 3682 1133 3722 et
1143 3691 1193 3740 sqq.
1205 3685 1259 3724 ante

190 3759 254 3800 ματα
263 3740 368 3788 ἔτάὑτυῢ
374 3742 425 3809 spir
432 3741 527 3795 δήλωσιν
535 3746 574 3788 τοῦ
580 3758 604 3787 τι
615 3745 712 3808 στρατοῦ
739 3741 849 3805 Isipsium
860 3757 894 3788 ac.
912 3739 983 3788 ERN.
1016 3739 1098 3788 Priora
1108 3743 1178 3788 verba
1186 3741 1259 3788 inter·

191 3805 278 3851 καὶτοῦ
290 3809 416 3864 στρατηγοῦ
427 3809 536 3863 castros
552 3805 708 3873 airospirspar
739 3806 809 3854 cludo
823 3820 877 3853 eum
892 3803 923 3852 Bi
959 3813 982 3852 et
997 3804 1127 3868 ptaecedens
1144 3813 1259 3868 punctum

190 3868 290 3932 ἐχόντων.
308 3867 486 3917 'lbebaidisscri
502 3869 715 3918 toretiamGraecis‘
738 3870 802 3920 tolio
835 3869 898 3918 Mox
931 3869 1015 3918 reinsh.
1026 3869 1129 3918 malebat
1131 3873 1257 3933 jussltetr

189 3933 303 3993 attribuit,
315 3933 356 3980 sed
369 3941 473 3981 mentem
517 3935 574 3982 bens
586 3933 612 3981 in
624 3934 709 3983 militia
738 3949 784 3983 nou
796 3951 861 3999 opus.

188 3996 420 4047 Romanas-aurea
435 3999 527 4046 clarum
542 4005 599 4047 ueta
610 4000 707 4048 Nomen
771 4000 993 4064 circumstiterant]
1010 3997 1257 4048 uscudamam

187 4063 287 4110 Ducum
305 4063 392 4110 ossilla
411 4065 582 4125 proeruiptsm
601 4065 706 4128 J'eruutr
736 4079 782 4114 sec.
790 4064 825 4114 etl.
834 4081 869 4128 pr.
879 4067 1088 4113 circumsteterant.
1105 4063 1207 4120 Vada,
1217 4063 1257 4111 69.

186 4125 289 4191 furitque
303 4127 391 4175 litteras
406 4139 495 4186 aureas,
506 4143 565 4191 quas
576 4128 625 4176 Dio
637 4129 707 4192 puni-
736 4130 799 4179 Mox
816 4131 896 4180 eadem
912 4130 948 4178 ed.
958 4145 994 4194 pr.
1005 4129 1158 4177 resumtum
1184 4127 1256 4175 Eas.

186 4206 245 4240 osas.
265 4189 432 4240 HucSnetonii
439 4191 708 4257 iliudpertinetVespas.
736 4195 802 4244 Bud.
818 4204 841 4244 et
856 4192 1085 4243 edentulam.
1101 4193 1258 4242 clrcumstlts·

187 4256 213 4302 6.
247 4258 345 4304 Nomen
358 4258 409 4319 qius
424 4257 519 4304 aemula
534 4257 641 4304 omuibus
657 4260 708 4305 elue
737 4267 802 4308 rust.

186 4321 442 4384 moralmcm‘pseruat.
469 4320 532 4368 Item
543 4321 707 4370 Prndeutiide
769 4327 841 4384 Mos,
851 4323 1079 4388 ermemmarus]
1096 4323 1153 4372 Non
1165 4331 1257 4372 estver·

186 4384 578 4449 consuntino,inSymm.l,dl38.
597 4387 711 4435 Christus·
736 4391 804 4450 lrnrn,
824 4389 886 4438 unde
903 4387 1001 4458 pendeat
1036 4387 1134 4437 rothart.-
1154 4388 1258 4452 sequitur

183 4463 342 4512 perpetrasse,
359 4458 478 4510 gemmato
497 4457 574 4499 matus
594 4452 716 4515 ls'curo,
737 4455 799 4502 euim
811 4462 832 4504 ct
839 4455 998 4518 patiebamur.
1039 4469 1122 4504 rosum
1134 4455 1192 4504 ioret
1202 4459 1273 4502 con·'
