3059 4975
396 276 452 335 DE
473 275 664 336 MORIBUS
686 275 935 337 GERMANIAE.
966 275 1054 336 CAP.
1069 283 1097 338 3.
1219 281 1275 338 351

580 400 590 428 l
597 381 679 424 austu

221 440 322 506 vocati
337 440 413 506 sint:
436 441 481 505 ite
494 439 632 524 medonis
645 441 679 503 in
695 461 808 504 nomen
824 425 926 525 gentis
941 426 1092 505 evaluisse
1111 439 1285 540 paullatim,

223 539 260 590 ut
274 550 390 605 omnes,
405 527 542 621 primunr
556 549 576 589 a
588 524 758 592 victoreob
772 539 902 604 metum,
917 547 993 588 mox
1006 546 1025 590 e
1040 527 1146 613 seipsis
1159 540 1286 590 1nveuto

222 613 357 691 nomine,
374 613 522 678 Germani
536 611 747 676 vocarentur.''

266 699 329 763 ΙΙΙ.
353 706 374 737 “
389 697 499 762 Fuisse
513 697 600 782 apud
613 719 665 760 eos
678 709 709 758 et
725 694 917 760 Herculem?
932 708 1115 774 memorant,
1135 696 1286 783 primum-

222 807 284 870 que
304 784 444 848 0mnium
458 782 596 846 virorum
616 781 745 844 fortium
761 780 837 844 ituri
854 781 888 844 in
904 781 1014 866 proelia
1032 796 1159 847 canunt.
1204 785 1287 847 Sunt

222 978 364 1028 nansiumm
375 977 584 1026 adomnes.·1111³s.
605 977 672 1024 Tune
683 975 739 1024 MS.
772 976 880 1024 invenere
889 992 944 1040 ergo
951 977 976 1026 id
986 992 1079 1038 nomen,
1086 980 1116 1027 eb
1125 979 1176 1042 ipsa
1189 995 1222 1040 re,
1233 979 1289 1044 quin

223 1043 463 1092 TurieeddBonon.
478 1041 739 1105 1472.ap.Piehenem,
773 1041 838 1090 ules.
876 1041 1005 1105 vulgatam
1027 1043 1143 1107 quomodo
1163 1045 1289 1108 expedies?

223 1107 346 1172 Spirensis,
363 1108 437 1170 Pogg.
470 1106 546 1155 Ceteri
562 1105 614 1154 edd.
630 1105 677 1154 mei
688 1114 741 1154 ante
773 1114 815 1153 aut
829 1105 872 1170 qui
887 1121 902 1153 e
917 1107 996 1170 seipsis
1014 1122 1099 1156 nomen
1114 1107 1158 1156 hoe
1173 1110 1288 1169 invenere,

187 1221 189 1225 ,
224 1172 290 1220 Pieh.
302 1172 337 1218 bis
348 1187 417 1218 nuno.
441 1169 499 1220 cod.
509 1167 588 1234 Kapp.
601 1171 632 1235 (s.
640 1169 676 1218 ed.
689 1170 741 1218 No·
773 1170 837 1234 quod
847 1171 976 1220 enteain'l'
1037 1171 1043 1184 '
1060 1175 1071 1220 Ρ
1088 1173 1149 1221 Sene
1156 1173 1290 1237 interpretes

223 1237 280 1294 rib.)
292 1236 381 1283 inverse
394 1251 421 1283 ae
437 1241 492 1283 turre
513 1237 617 1296 Tungri,
628 1249 691 1282 nano
709 1237 739 1284 G.
773 1234 812 1283 hie
829 1233 951 1295 fluctuant,
968 1246 992 1284 et
1043 1239 1155 1284 etuabunt
1170 1245 1291 1285 {eternum

225 1308 253 1347 ut
263 1299 371 1348 Acidalio
378 1301 491 1362 placebat.
526 1299 652 1348 Suntedd.
665 1299 742 1362 Rhag.
775 1300 850 1348 era
873 1300 950 1348 laoeru
960 1317 990 1348 ex
999 1301 1055 1361 illis,
1070 1302 1192 1365 inquibus
1202 1303 1291 1363 majore

225 1364 302 1412 Rhen.
320 1365 390 1412 1519.
422 1365 479 1412 Post
490 1378 532 1426 pro
543 1378 589 1410 nort
594 1366 674 1425 gentis
684 1363 742 1410 Aei-
774 1379 829 1411 eum
843 1364 928 1412 fiducia
941 1365 1044 1412 destrues
1059 1366 1142 1425 aliene,
1153 1381 1225 1429 quem
1238 1381 1289 1413 mo·

226 1427 301 1478 dalius
312 1428 413 1476 malebat
423 1431 449 1476 in
462 1429 632 1488 nomngemie
642 1429 742 1474 evaluis-
774 1427 837 1475 liaris
855 1436 880 1476 et
897 1437 971 1477 strues
984 1438 1033 1478 tua.
1064 1431 1196 1493 Utrumque
1211 1438 1291 1478 autem

226 1507 266 1540 ee.-
284 1492 347 1556 quod
357 1506 404 1540 non
420 1491 530 1554 displicet.
562 1491 607 1540 Est
621 1491 683 1538 euim
693 1491 743 1539 haeo
775 1491 868 1540 defendi
877 1494 948 1555 possit
960 1509 975 1538 a
985 1496 1079 1552 uictore,
1089 1495 1172 1542 malim
1182 1504 1260 1544 tamen
1275 1510 1291 1541 a

226 1556 331 1620 legitime
340 1556 403 1603 verbi
418 1557 540 1603 coalescere
555 1555 702 1614 oonstructio‚
716 1564 744 1603 ut
776 1558 880 1610 victrice,
891 1566 919 1604 ut
929 1557 1210 1608 referamradnationem
1240 1559 1291 1608 De·

229 1619 263 1668 H.
273 1621 296 1681 1,
309 1622 348 1668 88.
364 1629 386 1668 et
397 1620 460 1668 alibi.
476 1621 547 1668 Eun.
581 1620 743 1684 Recipiooum
776 1619 1065 1684 indeutrobiqueedmitto
1074 1622 1210 1685 scripturam
1218 1625 1292 1683 Bem-

228 1685 284 1750 Bip.
306 1685 346 1732 Ex
356 1685 400 1732 hoe
410 1685 460 1732 loeo
468 1693 539 1748 patet,
551 1683 675 1732 editionem
682 1693 744 1733 vete·
776 1685 918 1747 bergensem.
955 1688 1055 1734 Sensus:
1072 1696 1099 1734 ut
1110 1686 1293 1736 Transrbemme

227 1765 286 1810 rem,
298 1764 344 1814 qua
355 1765 410 1798 usus
425 1748 449 1798 J.
460 1749 491 1797 E.
506 1747 622 1812 Kappius,
639 1763 687 1798 nou
697 1764 745 1796 esse
776 1749 930 1812 geutes‚inter
941 1750 1030 1811 Gallos,
1041 1759 1065 1798 et
1075 1753 1105 1798 ab
1114 1750 1152 1798 his
1163 1752 1193 1799 ed
1204 1753 1293 1801 Roma·
1342 1796 1346 1805 .

230 1815 379 1871 Romanam
403 1815 452 1862 haec
468 1812 530 1861 enim
551 1814 621 1862 hebet
639 1829 666 1860 ae
682 1828 745 1860 nune
777 1829 819 1861 nos
836 1814 973 1878 Grecosque
987 1815 1133 1878 potissimum
1149 1832 1190 1878 per
1206 1816 1293 1864 Messi·

232 1881 339 1940 Tuvvgeri
346 1885 400 1926 truie
410 1880 531 1927 Gervmni.
542 1877 559 1924 J
560 1878 597 1925 oh.
607 1877 746 1941 Keppiusin
777 1877 860 1926 lienses
870 1889 995 1942 propagata
1004 1879 1123 1927 cummuni
1130 1881 1293 1943 appellatione,

229 1942 328 1992 editione
338 1958 380 1990 sua
391 1941 522 1990 Germeuiae
539 1957 561 1989 a.
574 1942 644 1997 1788.
656 1950 745 1990 secutus
777 1958 793 1990 a
803 1943 893 1990 victrioe
903 1943 1003 2002 nafione,
1014 1952 1079 1992 metu
1094 1943 1203 2005 denne,
1214 1960 1295 1994 omnes

230 2007 325 2056 alteram
351 2006 473 2054 editionem
498 2005 567 2054 istem
591 2007 693 2069 reposuit
719 2023 746 2054 ae
780 2009 903 2066 Garmai,
912 2008 1241 2072 (quodprimisexperimeutis
1247 2011 1296 2060 vir·

231 2080 287 2120 tunc
298 2073 401 2132 Tungri,
410 2085 471 2118 nune
480 2072 511 2118 G.
523 2069 561 2117 Ita
569 2086 662 2134 quoque
670 2071 746 2119 visum
779 2072 836 2119 tutis
851 2073 1035 2135 appellebenmr,
1050 2073 1092 2136 qui
1107 2082 1186 2136 postea
1200 2078 1296 2138 Tangis·

230 2136 306 2184 fuerat
319 2135 433 2183 Acidalio.
466 2135 595 2198 Longolius
609 2137 635 2181 ri
652 2151 679 2182 ee
690 2137 746 2184 reei-
779 2135 1295 2202 dicimuuere)mox‚pos1quamnonmetus,

231 2200 334 2248 dendnm
345 2202 449 2263 putabat.
474 2200 583 2248 Ceterum
593 2199 746 2248 Bononiensis
779 2201 820 2248 sed
835 2201 902 2259 ratio,
912 2201 994 2261 valuit,
1010 2212 1034 2250 et
1049 2203 1145 2250 interius
1159 2218 1193 2251 ete
1208 2204 1297 2256 Trana·

232 2264 301 2314 editio
316 2281 336 2312 a.
351 2264 420 2319 1472.
437 2273 471 2312 est
487 2263 576 2324 mdem,
587 2281 640 2328 quae
655 2264 746 2327 Poggii,
779 2265 887 2314 rhenaure
897 2275 976 2327 gentes
986 2276 1041 2315 sunt
1050 2267 1156 2330 unguite,
1170 2270 1263 2332 proprio
1273 2281 1296 2320 et

249 2328 294 2377 uod
305 2337 327 2377 et
338 2329 393 2376 alibi
404 2329 526 2378 monitum.
559 2329 747 2392 Insequentibus
780 2345 795 2376 a
813 2328 893 2391 seipsis
908 2330 1002 2378 invento
1017 2332 1118 2391 nomine,
1134 2333 1200 2380 'velut
1215 2335 1295 2397 Suevi‚

268 2393 373 2442 echterus
388 2393 413 2440 in
429 2393 475 2440 elie
489 2392 567 2442 omnin
578 2393 633 2440 ebit.
667 2394 748 2442 Servat
781 2393 853 2453 citu,
863 2394 984 2454 Sioambri
998 2395 1117 2456 Cherusci,
1134 2396 1243 2460 Usipetes
1253 2408 1296 2448 ete.

232 2459 354 2522 vulgatum
365 2472 410 2505 non
422 2460 501 2519 gentis
516 2466 539 2507 et
551 2472 636 2506 nomen
649 2457 748 2506 nationis
780 2467 922 2507 voeerentur.
933 2459 1025 2508 Grion.
1042 2460 1098 2509 Ms.
1108 2461 1297 2513 Arundnroeet

232 2524 341 2586 iutelligit
351 2524 541 2577 Germanorum
557 2522 639 2585 gentis,
655 2524 748 2570 Theoti·
779 2538 796 2569 e
805 2539 829 2570 re
843 2526 861 2569 i.
873 2526 892 2572 i.
907 2524 978 2572 Eun.
1001 2524 1120 2584 Querimr
1130 2526 1176 2586 bic,
1193 2528 1246 2592 quis
1260 2532 1296 2576 vi·

233 2602 343 2644 scorame
370 2588 441 2647 istud,
464 2602 511 2635 non
532 2588 583 2645 hoe,
603 2588 748 2651 prevaluisse
780 2593 830 2635 otor
845 2588 875 2635 sit
889 2588 1069 2652 intelligendus?
1103 2589 1213 2653 Tungros
1223 2593 1296 2657 vulgo

233 2653 356 2717 paullatim
367 2660 450 2699 censet.
780 2660 873 2716 putent,
891 2668 991 2715 quorum
1015 2654 1137 2717 pristinum
1159 2670 1244 2705 nomeu
1265 2661 1297 2708 ob

266 2717 290 2765 A
301 2718 387 2763 victore
403 2717 543 2779 edmerum]
560 2714 617 2764 Vox
634 2718 748 2765 Germani
780 2724 870 2765 metum
880 2716 932 2765 aliis
946 2732 1039 2781 quoque
1052 2718 1083 2765 sit
1095 2718 1186 2777 mmm,
1197 2730 1225 2768 ut
1239 2722 1299 2771 Ger·

234 2781 308 2829 eidem
316 2782 441 2842 Bamberg.
458 2789 518 2827 recte
536 2781 608 2827 abest.
639 2780 749 2841 Isteipsn
781 2780 845 2827 meni
856 2780 990 2829 dieerenuu.
1021 2782 1144 2844 longolio,
1157 2799 1228 2847 quem
1243 2802 1298 2835 mm

234 2845 297 2893 enim
313 2844 400 2891 noviter
416 2842 559 2907 interpretari
575 2858 641 2905 posse
662 2842 748 2901 videor,
782 2843 876 2906 Kappio
893 2844 1014 2907 Bipontini
1032 2855 1167 2909 sequuntur,
1184 2864 1249 2897 secus
1263 2850 1300 2899 vi.

235 2918 258 2957 et
280 2917 361 2971 praeter
384 2917 486 2956 mentem
507 2907 622 2962 omnium,
638 2906 681 2955 etsi
702 2920 749 2955 non
782 2907 856 2955 detur.
875 2907 1044 2957 Hisvietorest
1051 2909 1156 2973 Populus
1163 2912 1298 2964 Romanum

251 2982 316 3021 meter
326 2987 413 3020 verum.
448 2972 535 3020 Censeo
550 2986 604 3019 eum
614 2971 657 3019 hoe
668 2970 750 3019 dicere.
782 2971 833 3034 qui,
849 2972 893 3019 etsi
907 2986 954 3018 non
970 2972 1070 3021 domitos
1085 2990 1100 3021 a
1121 2990 1145 3023 se
1161 2976 1298 3038 (immanes,

235 2990 343 3095 iactum,
355 3045 382 3083 ut
391 3052 479 3096 omnes,
491 3035 533 3099 qui
544 3035 654 3083 Rhenum
665 3035 751 3083 astole·
783 3036 855 3084 vietos
879 3044 965 3098 tamen,
998 3040 1129 3101 erepabem
1165 3049 1193 3087 ut
1215 3041 1300 3093 Florus

235 3110 296 3160 rent,
307 3115 391 3149 nomen
401 3102 431 3149 ab
441 3100 486 3149 ista
500 3100 591 3149 victrice
606 3100 698 3148 ustione
714 3100 750 3147 in·
783 3099 890 3158 habete,
905 3102 943 3148 12.
976 3101 1299 3164 Mennisseperusatisoon-

236 3164 751 3293 lffli‘lqfflffissliffssll
784 3172 841 3277 rt
860 3166 1074 3294 illlpiffi't
1087 3164 1300 3285 lisele

369 3263 375 3277 ·
436 3262 444 3287 r
841 3264 849 3288 a
1075 3264 1083 3278 ⁰
1287 3264 1298 3279 ·

237 3296 274 3343 vel
285 3294 385 3343 adventu
399 3294 583 3341 Transrhenanas
597 3294 695 3341 nationis
709 3308 752 3341 eu·
783 3293 888 3355 gendum
904 3310 920 3340 u
931 3298 1006 3357 obeb,
1023 3296 1086 3359 quod
1101 3250 1189 3346 borium
1207 3314 1301 3349 seersum

237 3359 320 3418 duent,
333 3359 424 3407 aiebam
434 3358 517 3422 trepidi
525 3358 647 3406 adventure
656 3356 751 3405 Germa·
786 3356 864 3406 fundit
872 3374 880 3416 ;
897 3374 986 3418 verum,
999 3360 1167 3424 refragantibus
1176 3363 1302 3426 oadmibus,

237 3438 293 3471 nos:
310 3431 335 3471 at
345 3423 382 3471 isti
388 3424 480 3485 proprie
488 3421 607 3479 Germani,
616 3436 703 3470 novum
709 3436 753 3469 no·
785 3421 849 3470 haud
859 3422 1036 3472 admittendum.

237 3503 291 3536 meu
302 3486 430 3536 invenirent
442 3503 457 3535 a
467 3503 491 3535 se
504 3487 568 3551 ipsis,
583 3486 753 3535 discriminandi
823 3489 934 3535 Virorum
945 3490 1059 3552 sortium.
1074 3491 1153 3553 lteri]
1175 3491 1249 3540 Recte
1265 3492 1303 3541 di.

238 3553 350 3600 nimirum
361 3567 451 3611 caussa,
463 3560 485 3599 et
495 3551 625 3600 dicerentse
637 3551 754 3613 Tungros.
786 3550 864 3599 stinxi.
895 3552 951 3599 Non
962 3553 1025 3601 enim
1038 3568 1066 3601 ee
1078 3569 1153 3613 mens,
1164 3555 1228 3619 quod
1238 3557 1302 3607 Her-

240 3616 330 3664 Possim
341 3616 460 3680 vulgatam
471 3616 530 3665 tueri
541 3625 564 3665 et
574 3616 701 3691 explicare:
714 3614 754 3663 sed
787 3616 862 3663 eulem
871 3626 973 3691 ennept3
990 3617 1031 3666 sed
1041 3619 1105 3681 quod
1117 3618 1203 3668 daenes
1215 3629 1238 3668 et
1247 3638 1303 3672 mm

239 3695 285 3791 11.
295 3682 661 3809 81888881θῖ8
671 3680 755 3793 let:
787 3683 1303 3799 8111φῖ..ῖὲΐῖἰέᾝῶῗᾷῙῖιὲ

240 3808 300 3855 rium
315 3808 407 3871 corrigit
422 3812 453 3857 ad
468 3817 564 3870 metrum,
576 3809 640 3873 quod
649 3820 687 3857 est
698 3808 754 3857 faci·
787 3823 879 3864 amum,
887 3816 959 3857 cunia
970 3814 1033 3859 eruet
1043 3817 1223 3875 etmoreputrio
1232 3820 1304 3867 nudie

240 3874 295 3931 lius,
310 3872 351 3921 sed
366 3875 392 3920 oi
401 3890 435 3921 m.
452 3874 514 3923 idem
528 3875 656 3939 significare
671 3882 756 3937 posset.
787 3876 928 3935 corporibus.
938 3875 1026 3935 Inue,
1036 3877 1074 3925 18.
1094 3879 1128 3925 Ut
1134 3880 1303 3929 virorumve-

242 3936 315 3985 Ean.
788 3939 1304 4001 tu‚soeminarumalulateeoneitueiee.No-

273 4004 337 4049 Moe
352 4016 367 4047 a
380 4017 404 4048 ee
415 4004 484 4066 ipris]
502 4004 565 4049 Moe
577 4018 619 4065 pro
633 4010 712 4063 postea
722 4010 756 4051 est
788 4010 812 4049 to
828 4012 915 4063 autem,
926 4004 996 4052 etium
1012 4006 1130 4071 Hispanos
1146 4008 1231 4071 preliis
1243 4024 1303 4071 prve-

242 4074 265 4115 et
275 4066 338 4129 apud
348 4066 411 4115 Flor.
429 4068 453 4127 3,
468 4066 507 4126 10,
518 4070 541 4114 8.
557 4066 599 4115 ubi
609 4067 654 4115 vid.
672 4066 756 4115 Duke-
787 4066 892 4127 einuisse,
899 4083 929 4115 ex
937 4068 994 4117 Silio
1003 4072 1042 4130 lu,
1050 4072 1247 4133 isid-ritum
1255 4087 1304 4119 mo-

242 4145 289 4179 rus.
787 4134 824 4178 rie
838 4133 905 4179 Iberi
927 4134 1042 4183 Carmina
1053 4139 1149 4199 pulsata
1160 4136 1304 4197 fundentem

275 4196 298 4243 A
316 4197 397 4257 seipsis
413 4198 505 4243 invento
520 4196 612 4243 umnine
629 4194 756 4257 Germani]
788 4197 966 4246 barbaraeetra.
981 4198 1207 4255 DiodorusSieulus,
1217 4201 1246 4249 de
1252 4201 1304 4251 Lu-

242 4259 268 4307 Si
284 4259 397 4307 mordicus
413 4260 472 4308 hene
491 4259 580 4315 retines,
595 4260 682 4323 legam,
699 4276 714 4307 a
731 4275 757 4307 ve
788 4259 867 4309 sitanis
881 4264 906 4322 5,
915 4263 955 4311 et
984 4265 1019 4311 'Er
1031 4267 1076 4317 τοῖς
1086 4264 1193 4323 πολέμοις
1203 4267 1258 4326 πρὸς
1268 4270 1305 4328 ῥυ.

242 4326 405 4385 praeeunte.
432 4324 543 4375 Germani
550 4325 612 4373 enim
622 4333 699 4388 etym
709 4324 755 4390 pri·
788 4326 842 4384 epti
854 4326 1028 4387 1μ6ιιίιονσι,κα1
1040 4329 1131 4379 παιᾶνας
1142 4325 1235 4385 ᾅδουσιν,
1250 4331 1305 4377 ὅταν

243 4400 281 4437 seo
292 4388 389 4439 bellsees
401 4388 443 4439 viri
458 4399 519 4439 sunt.
554 4390 639 4450 Gerra,
651 4390 754 4441 bellumr
790 4390 865 4440 iniere
882 4394 927 4444 τοῖς
941 4390 1135 4453 ἂντιτιταγμένοιι.
1173 4390 1265 4441 sunni·
1280 4394 1305 4443 in
