3059 4975
205 271 359 348 arara]
574 273 651 334 nm.
672 274 724 334 iv.
746 274 838 336 car.
857 276 904 337 ro.
1217 279 1276 337 aco

205 437 270 514 yAd
290 460 327 502 ea
347 435 474 503 Cerialis
492 435 584 502 Civili
605 451 637 502 et
657 437 793 502 Classico
813 437 908 502 nihil:
932 460 1015 517 eum,
1062 440 1094 503 ui
1117 439 1273 506 adtulerat

211 523 293 608 ipsas
311 522 464 610 epistolas,
479 521 520 587 ad
533 522 755 588 Domitianum·
770 524 862 590 misit,
906 525 1033 602 Hostes,
1039 461 1153 595 (divisio
1166 526 1272 612 copiiS,

206 607 362 692 advenere
390 607 537 695 undique.
582 607 728 695 Plerique
755 608 923 696 culpabant
952 609 1115 688 Cerialem,
1147 633 1273 697 passum

209 692 313 780 jungi,
324 717 403 842 rpuos
413 693 560 759 discretos
572 692 753 780 intercipere
763 693 904 758 licuisset
947 693 1274 762 Romanusexercitus

211 792 309 854 castra
344 803 412 844 ossa
432 779 494 844 vall
537 802 576 843 ue
596 778 810 856 circumdedit,
830 779 901 864 quis
921 790 1035 846 temere
1052 796 1143 846 antea
1164 782 1274 846 intutis

211 863 398 930 consederat.
442 867 519 951 Apu
558 864 732 928 Germanos
745 863 875 928 diversis
889 865 1045 928 sententiis
1058 868 1258 935 certabatur..

255 949 420 1016 LXXVI.
445 948 563 1028 Civilia,
579 957 601 988 “
613 973 632 1012 0
677 949 816 1014 eriendas
830 948 1141 1024 Transrhenanorum
1154 964 1272 1037 gentes,

233 1057 345 1118 uarum
372 1048 488 1100 terrore
508 1035 615 1100 fractae
632 972 754 1121 ξἐξορυίἰ
780 1034 915 1099 Romani
940 1034 1021 1100 vires
1037 1036 1273 1110 obtererentur.

169 1172 173 1181 ,
211 1060 412 1207 Callosquid
426 1120 522 1199 aliud,
532 1143 633 1208 ¹quarn
647 1119 786 1207 praedam
800 1119 991 1193 victoribus?
1013 1133 1044 1185 et
1059 1135 1172 1199 tamen,
1187 1123 1273 1210 quod

211 1205 330 1270 roboris
356 1204 405 1284 sit,
429 1205 552 1293 Belgae,
580 1227 682 1270 secum
707 1205 810 1292 palam
834 1218 889 1270 aut
911 1218 985 1269 voto
1007 1208 1112 1271 stare.’'
1156 1209 1271 1286 Tutor,

212 1290 442 1370 “cunctatione
453 1315 586 1365 crescere
599 1314 665 1356 rem
677 1293 881 1369 Romanam‚”
892 1290 1087 1370 adfirmabat,
1104 1299 1126 1330 “
1137 1293 1274 1364 coeunti-

208 1376 271 1440 bus
283 1376 627 1462 undiqueexeicitibus.
660 1378 883 1442 Transvectam
897 1375 1088 1455 eBritannia
1097 1376 1268 1464 legionem:

209 1461 321 1526 accitas
332 1485 375 1536 ex,
381 1462 551 1548 Hispania:
567 1461 782 1526 adventareex
793 1461 902 1526 Italia:
918 1483 973 1532 nec
984 1462 1122 1526 subitum
1133 1462 1273 1542 militem,

205 1546 265 1628 *sed
279 1557 413 1611 veterem
427 1559 653 1634 expertumque
666 1545 749 1611 belli.
786 1547 873 1611 Nam
884 1548 1068 1624 Germanos,
1102 1547 1135 1611 ui
1149 1548 1275 1636 abipsia
1331 1563 1335 1569 '

210 1644 382 1719 sperentur,
398 1655 460 1697 non
474 1633 591 1720 juberi,
606 1654 668 1696 non
683 1655 716 1696 re
740 1632 760 1711 ⁶,
775 1633 830 1697 sed
843 1643 955 1696 cuncta
968 1654 1007 1695 ex
1020 1571 1147 1696 libidne
1161 1656 1270 1719 agere:

267 1717 434 1804 uniamque
448 1742 484 1783 ac
499 1718 589 1797 dona,
605 1717 676 1804 quis
699 1653 770 1782 stilis
783 1729 1032 1804 corrumpantur,
1054 1717 1173 1804 majora
1185 1741 1206 1782 a
1227 1719 1274 1785 ud

163 1857 168 1864 .
222 1879 225 1886 .
264 1815 430 1882 manumet
449 1804 602 1868 nemiuem
620 1802 699 1866 adeo
718 1803 752 1867 in
773 1827 860 1867 arma
880 1816 1084 1890 pronum-ut
1105 1825 1168 1868 uon
1189 1741 1274 1868 idem

210 1889 346 1976 pretium
366 1888 490 1974 quietis,
509 1910 605 1975 quam
627 1887 768 1974 periculi,
794 1887 897 1952 malit:
921 1888 1007 1975 quod
1029 1888 1054 1951 si
1078 1888 1182 1952 statim
1202 1911 1274 1960 con-

210 1973 403 2060 grediantur,
426 1974 528 2038 nullas
550 1997 615 2037 esse
638 1973 761 2053 Ceriali,
788 1974 847 2038 uisi
872 1996 911 2036 ex
933 1972 1071 2059 reliquiis
1093 1972 1273 2046 Germanici

211 2059 374 2138 exercituS,
394 2059 540 2146 legiones,
564 2057 735 2128 foederibus
757 2057 931 2124 Galliarum
953 2057 1123 2122 obstrictas.
1169 2058 1273 2145 quue

209 2143 325 2230 ipsum,
339 2146 425 2230 quod
438 2143 628 2209 inconditam
642 2165 684 2206 nu
709 2167 742 2207 er
756 2143 912 2208 Valentini
926 2165 1050 2207 manum
1065 2157 1173 2208 contra
1186 2167 1272 2230 spem

210 2252 298 2308 suam
312 2230 460 2312 fuderint,
475 2230 655 2296 alimentum
670 2166 729 2308 illis
740 2230 887 2316 Ducique
897 2229 1083 2305 temeritatis.
1127 2229 1272 2304 Ausuros

197 2363 198 2366 ,
210 2338 320 2400 rursus
328 2327 537 2404 venturosque
549 2315 581 2380 in
595 2337 716 2395 manua,
729 2338 792 2382 non
802 2315 926 2403 inperiti
938 2311 1166 2394 adolescentuli,
1178 2316 1272 2385 verba

244 2494 293 2550 Qut
302 2494 414 2544 attulerat
423 2494 486 2555 iprae
496 2493 616 2562 epistolar]
640 2492 724 2553 Quivis
756 2492 812 2541 MS.
823 2491 901 2540 aaut
912 2492 993 2541 vidore
1003 2498 1153 2555 repercutere
1168 2491 1205 2540 ad.
1217 2492 1272 2541 Ber.

209 2560 322 2606 attentue'
337 2558 408 2633 lector
428 2557 513 2633 haereat
533 2572 622 2605 necesse
643 2566 679 2605 eat
699 2558 724 2605 in
756 2563 904 2631 spernentur,
916 2558 972 2604 vitio
982 2572 1114 2620 operarum,
1125 2556 1187 2632 qno'd
1198 2571 1274 2604 serva·

208 2621 724 2748 iiidliliii'iffl‘auffll‘dh
756 2620 1064 2750 latinitati?
1072 2620 1274 2746 ibij-‘iim

209 2751 317 2799 Acidalio
329 2750 474 2810 scribendum
491 2751 596 2811 ipsaeqrae
606 2752 723 2811 epistolar.
756 2764 803 2797 uon
813 2750 935 2813 patipoase
945 2749 1050 2811 imperia,
1058 2763 1105 2796 non
1116 2749 1221 2798 adsuetos
1229 2748 1275 2796 irn-

208 2816 282 2863 Eau.
317 2814 405 2862 Probet
422 2827 515 2876 quoque
532 2812 594 2859 lau
629 2812 726 2877 Recepit
757 2812 827 2877 petiis
837 2814 980 2875 aedpiendia
996 2813 1070 2860 Eun.
1088 2826 1091 2832 ·
1261 2843 1265 2851 ·

209 2878 345 2927 Dotteville.
797 2879 831 2923 Ia
846 2892 914 2923 arato
928 2877 1047 2939 pronum]
1075 2876 1114 2924 Sic
1126 2877 1199 2926 MSS.
1211 2877 1275 2929 Flor.

245 2945 306 3000 Quis
314 2939 724 3002 temeraaateatntattscauederar]
759 2940 833 2995 (Bud.
852 2940 1135 3003 Reg.1nll.)Agr.⁴ed.
1153 2957 1189 3004 pr.
1205 2942 1276 3004 idque

210 3006 288 3063 Valde
298 3006 387 3055 variant
397 3005 451 3061 libri
461 3006 486 3053 in
496 3020 551 3053 voce
561 3005 652 3055 intutis.
671 3004 726 3051 MS.
759 3019 814 3052 cum
825 3004 916 3066 Ryckio
926 3013 949 3051 et
959 3004 986 3052 J.
998 3004 1071 3051 Gron.
1082 3005 1165 3067 recepi,
1176 3020 1230 3052 cum
1240 3014 1275 3052 et·
1340 3063 1343 3066 ι

211 3070 291 3119 Guell'.
304 3072 426 3119 lutatius.
457 3069 503 3117 Ed.
515 3085 550 3132 pr.
563 3072 672 3117 tutatus.-
689 3066 725 3115 αἱ.
759 3068 807 3116 iam
817 3068 872 3116 alibi
882 3070 907 3116 iu
921 3068 1003 3117 Tacito
1014 3074 1132 3130 promtus,
1144 3069 1207 3131 quod
1217 3077 1276 3117 cete-

211 3135 302 3183 Puteol.
314 3137 340 3181 in
351 3137 417 3183 raus.
450 3134 538 3182 Ceterae
549 3134 603 3183 inde
611 3148 625 3181 a
633 3132 728 3180 Beroal-
759 3148 798 3180 roe
812 3149 853 3180 scr.
862 3142 885 3181 et
895 3133 947 3181 edd.
958 3132 1055 3190 obtinet,
1065 3131 1101 3178 illi
1111 3136 1180 3180 verbo
1190 3133 1276 3181 substi-

210 3200 367 3247 (linamentis.
389 3196 558 3262 (SicetBud.)
580 3198 633 3245 Etsi
643 3212 726 3259 parurn
760 3206 838 3244 tntum
857 3197 999 3245 viderimus:
1024 3196 1067 3244 etti
1085 3206 1186 3245 aeterum
1205 3198 1276 3245 etiam

210 3264 296 3312 referre
306 3263 410 3322 arbitror,
428 3271 506 3310 utrum
522 3264 547 3309 in
562 3264 629 3321 tutte,
644 3275 675 3307 an
690 3262 728 3307 io·
755 3268 867 3323 promtus
878 3265 905 3309 ia
914 3278 981 3309 arara
994 3259 1109 3310 benedici
1123 3270 1190 3325 puto,
1200 3262 1230 3309 de
1239 3278 1275 3321 eo,

211 3331 271 3376 tutis
286 3329 358 3391 legas,
375 3328 462 3391 quippe
475 3325 533 3374 illud
548 3325 674 3389 significare
686 3339 728 3387 po·
760 3326 802 3388 qui
818 3325 888 3380 facile¹
897 3326 987 3389 impelli
996 3325 1026 3373 ad
1040 3340 1105 3372 arma
1114 3326 1224 3389 capienda
1234 3341 1276 3390 po-

211 3400 257 3441 test
266 3408 378 3451 causum,
388 3406 460 3454 quere
467 3398 541 3439 matra
550 3406 598 3438 non
609 3388 727 3447 munierit,
761 3399 814 3451 teat,
824 3390 863 3437 sed
873 3390 913 3450 ita,
923 3400 949 3438 ut
957 3390 1062 3437 animum
1070 3388 1167 3438 ferocem
1175 3390 1273 3438 iudicet:

211 3457 267 3521 quia
276 3457 302 3504 in
312 3456 369 3504 tutis
378 3456 435 3505 locis
445 3471 472 3503 se
482 3454 610 3503 consedisse
620 3462 726 3518 putaratz
759 3454 824 3517 qnod
830 3454 868 3501 hic
876 3468 921 3502 uon
930 3463 970 3502 est
984 3453 1050 3512 Ha,
1059 3455 1099 3500 33.
1117 3455 1179 3501 Otho
1185 3469 1277 3515 ponas

211 3536 267 3569 ueni
285 3530 308 3571 et
326 3520 395 3570 Livio
412 3520 519 3569 dicuntur
537 3526 616 3567 castra
634 3520 660 3565 in
678 3524 729 3565 tuto
761 3520 792 3564 ad
808 3519 979 3579 decertandum,
998 3532 1047 3564 non
1063 3524 1191 3578 promtus.-
1215 3518 1238 3565 b
1256 3535 1277 3567 e.

211 3587 326 3645 eolhccri,
339 3594 362 3634 et
373 3586 473 3647 legionen
482 3585 509 3630 in
520 3590 599 3631 tatum
607 3582 680 3629 daci.-
693 3588 729 3629 ta·
761 3582 845 3629 melius
870 3591 955 3645 putans
975 3582 1065 3629 decerni
1091 3582 1177 3645 proelio.
1215 3582 1278 3631 Mox

211 3664 275 3708 men,
282 3649 339 3712 quia
350 3651 427 3699 intuta
437 3655 472 3697 eet
482 3647 593 3695 usitatum
603 3655 729 3696 cultorum
763 3648 902 3705 &emuniri
920 3648 950 3694 ab
966 3646 1080 3694 Rhenano
1095 3655 1130 3693 eet
1145 3650 1187 3707 (ex
1202 3647 1279 3704 Bud.)

212 3730 251 3777 ap.
258 3712 353 3762 Livium
364 3712 489 3775 epitheton,
500 3719 570 3777 atque
580 3727 608 3759 ea
617 3709 732 3773 scriptura¹
763 3726 805 3758 scr.
814 3719 837 3758 et
847 3710 899 3759 eut
910 3719 964 3759 ante
975 3710 1051 3758 Rhen-
1063 3725 1143 3758 omnee
1154 3713 1278 3760 Germani.

212 3778 237 3826 in
255 3776 369 3840 plerisque
388 3777 452 3825 libris
467 3784 510 3835 est,
526 3777 612 3826 intutis
630 3774 729 3838 pratuli.
762 3774 835 3823 Eun.
860 3776 955 3823 Benee.
969 3777 1278 3839 commemoratarum,

206 3842 253 3901 vNe
271 3842 364 3887 intutus
384 3840 479 3903 quidem
500 3840 635 3890 absurdum.
669 3838 730 3885 Mox
762 3838 996 3902 inrepraeentiscil.
1256 3853 1259 3858 ·

207 3905 269 3967 MS.
276 3904 362 3963 (Bud.)
372 3903 451 3953 Guelf.
460 3902 519 3952 edd
521 3937 528 3950 .
534 3904 562 3951 F.
570 3904 642 3951 Gron.
652 3902 731 3951 vitiuae
796 3905 857 3961 N⁰l²
868 3905 974 3965 inrpcriti
984 3904 1158 3969 ademunde]
1182 3906 1221 3955 Sic
1229 3906 1279 3970 pri-

214 3972 403 4018 narrarentur:
427 3967 483 4016 item
498 3967 579 4034 edpr.
590 3969 729 4015 obterantur.
763 3982 818 4014 mus
828 3967 900 4015 edidit
909 3968 951 4029 (eir
964 3968 1068 4031 iugenio)
1078 3969 1213 4029 Rhenanus,
1224 3986 1279 4018 curn

215 4034 286 4083 Eure.
463 4066 465 4072 ·
718 4066 721 4071 -
764 4039 894 4087 euteeteet
910 4031 965 4080 inde
983 4048 998 4080 a
1015 4032 1105 4082 Putaot
1122 4034 1211 4082 editum
1231 4048 1279 4079 aon

246 4100 299 4147 Aut
310 4106 362 4147 voto
373 4099 449 4162 utare]
466 4097 522 4145 MS.
530 4095 592 4145 Bud.
602 4095 681 4144 Guell.
689 4111 731 4142 ua-
764 4097 885 4157 imperitia
899 4097 1011 4156 militum,
1023 4098 1062 4145 red
1079 4099 1173 4145 adolere.
1185 4103 1280 4149 testatus

213 4170 284 4223 stare.
317 4162 365 4211 Hic
375 4172 452 4211 tamen
463 4162 559 4211 alteram
569 4160 689 4209 lectionem
705 4160 731 4206 in
764 4158 790 4206 iu
812 4169 875 4218 uota,
897 4176 928 4207 ee*
941 4160 1007 4209 edere
1025 4164 1146 4224 imperitia
1163 4161 1223 4206 adol.
1239 4159 1279 4207 sat

215 4226 320 4291 mergae
334 4226 410 4275 habet.
444 4227 506 4275 Mox
517 4242 532 4273 a
542 4228 608 4274 Bru.
620 4224 671 4289 edd,
684 4224 732 4271 Pu·
764 4238 840 4285 opera
849 4224 874 4271 in
884 4234 940 4272 nota
949 4225 1055 4276 videntur
1066 4228 1192 4273 aberrasset
1209 4222 1234 4269 id
1245 4231 1282 4270 ta-

216 4293 269 4339 teol
288 4308 315 4355 eq
330 4323 337 4337 .
353 4299 406 4339 ante
421 4291 487 4339 Picb.
501 4292 558 4339 item
573 4290 629 4337 MS.
641 4287 730 4351 (nun)
765 4303 819 4335 rnen
832 4288 859 4335 iu
873 4288 908 4336 ed
920 4304 964 4336 see.
975 4298 998 4336 et
1008 4291 1038 4337 ab
1048 4289 1155 4336 omuibus
1165 4293 1281 4335 servatum

218 4355 297 4403 Guelf.
349 4368 397 4403 uu.
430 4355 535 4404 Correxit
553 4353 618 4402 Pich.
638 4369 651 4401 e
670 4352 732 4400 Flor.
764 4352 856 4415 est,qui
866 4362 932 4400 notas
940 4352 1168 4399 Rhenanirecoxere.
1190 4349 1236 4396 Ed.
1245 4365 1280 4411 pr.

218 4420 289 4468 Prius
295 4419 372 4467 Rhcn.
382 4420 523 4481 conjectabat
529 4426 571 4465 aut
579 4419 639 4465 clam
648 4424 718 4464 stare.
767 4416 858 4479 (etcod
867 4416 941 4477 Bud.)
952 4415 1173 4477 irnpertttoadolcse.
1191 4413 1281 4461 Ultima

253 4486 302 4543 Qut
316 4486 344 4533 ab
362 4485 420 4549 pair
437 4490 569 4548 sperentur,
583 4498 629 4530 aon
639 4481 733 4546 juberi]
766 4480 832 4529 litera
848 4487 903 4529 nata
918 4488 951 4529 eet
965 4478 1069 4553 aprima
1081 4477 1196 4542 sequentia
1211 4477 1281 4539 verbi,
