3059 4975
215 258 271 315 rae
546 232 549 238 ’
586 254 911 323 nrsroarsnum.
1108 260 1279 333 [saaca

214 419 344 484 ercitum
366 418 476 483 itincre
497 419 633 484 terrestri
655 420 801 507 pergere”
821 420 930 507 jubet:
957 420 1023 507 ipse
1038 422 1140 487 Arare
1153 422 1281 487 flumine

213 504 389 583 devehitur,
410 503 497 588 nullo
516 501 688 591 Principali
706 520 830 591 paratu,
854 506 915 571 sed·
929 518 1032 570 vetere
1053 522 1189 591 egestate
1209 531 1281 573 con-

166 612 168 618 ’
214 590 359 677 spicuus:
383 590 481 653 donec
499 590 618 653 Junius
638 590 769 669 Blaesus,
791 591 1014 677 Lugdunensis
1035 592 1147 658 Galliae
1160 602 1280 671 rector,

116 713 118 718 ·
213 698 326 761 genere
354 674 488 752 inlustri,
517 674 624 760 largus
651 675 755 739 animo
784 690 816 739 et
843 698 901 762 par
924 676 1048 763 opibus,
1076 679 1281 743 circumdaret

215 760 354 847 Principi
374 760 554 837 ministeria,
568 761 769 825 comitaretur
782 760 966 838 liberalitem
990 786 1027 826 eo
1040 763 1108 849 ipso
1127 764 1278 849 ingratus

237 846 358 911 uamvis
370 845 478 909 odium
490 844 633 910 Vitellius
646 845 815 910 vernilibus
830 846 990 912 blanditiis
1003 847 1127 913 velaret.
1161 852 1281 915 Praesto

250 954 302 996 ere
316 929 470 1019 Lugduni
488 930 660 995 victricium
675 930 826 995 victarum
850 956 890 997 ue
910 933 1047 1019 partium
1062 936 1176 999 Duces.
1220 936 1281 997 Va-

214 1017 328 1081 lentem
348 1032 382 1081 et
402 1016 569 1093 Caecinam,
591 1038 650 1103 pro
670 955 989 1096 mndoueiaudatos,
1012 1019 1112 1083 curuli
1136 1042 1200 1084 suoe
1222 1020 1281 1085 cir-

213 1102 398 1215 cumposuit.
444 1102 525 1166 Mox
549 1108 572 1141 ‘⁴
593 1101 773 1165 universum
794 1104 963 1169 exercitum
986 1127 1146 1169 occurrere
1169 1104 1279 1169 infanti

213 1188 278 1253 lilio
312 1188 424 1275 jubet:
451 1186 670 1273 perlatumque
690 1202 723 1251 ct
741 1187 962 1273 paludamento
976 1202 1119 1277 opertum
1142 1190 1211 1255 sinu
1232 1214 1280 1255 re·

214 1273 326 1351 tineus,
356 1276 586 1339 Germanicam,
605 1272 783 1360 adpellavit,
812 1273 971 1373 cinxitque
998 1275 1117 1341 cunctis
1144 1275 1280 1351 fortunae

214 1357 399 1458 Principalis
419 1358 625 1443 insignibusz-
644 1358 758 1422 nimius
787 1358 885 1423 honos
912 1374 993 1425 mter
1016 1360 1161 1440 munda,
1186 1361 1281 1425 rebus

213 1444 351 1511 adverus
364 1444 397 1508 in
412 1443 558 1509 solatium
569 1444 669 1508 cessit.

257 1530 336 1595 LX.
360 1532 448 1595 Tum
466 1529 621 1594 interfecti
635 1529 841 1595 Centuriones
879 1530 1075 1631 romptissimi
1090 1531 1280 1597 Othoniano-

213 1638 306 1680 rum:
331 1615 417 1680 unde
429 1615 589 1703 praecipua
607 1616 640 1679 in
655 1614 817 1679 Vitellium
836 1553 980 1682 alienabo
998 1638 1054 1703 per
1068 1616 1208 1705 Illyricos
1228 1640 1281 1681 ex·

214 1703 336 1766 ercitus
382 1701 482 1765 Simul
505 1715 616 1765 ceterae
637 1698 647 1763 l
689 1699 773 1765 'ones
797 1715 952 1780 contactu,
976 1718 1007 1766 et
1028 1702 1176 1767 adversus
1199 1704 1280 1767 Ger-

214 1786 351 1852 manicos
372 1787 485 1854 milites
512 1787 639 1863 invidia,
703 1785 781 1849 llum
811 1786 1049 1851 meditabantur.
1095 1788 1279 1853 Suetonium

214 1872 394 1937 Paullinum
404 1897 441 1938 ac
450 1872 606 1939 Licinium
616 1870 797 1947 Proculum,
809 1871 890 1935 tristi
903 1894 991 1937 mora
1001 1872 1158 1959 squalidos
1167 1874 1277 1951 tenuit,

213 1957 312 2023 donec
325 1959 436 2037 auditi,
458 1958 635 2023 necessariis
655 1956 755 2043 magis
776 1956 1007 2023 defensionibus
1028 1980 1122 2045 quam
1142 1958 1278 2023 honestis

215 2057 384 2109 uterentur.
430 2042 642 2109 Proditionem
665 2042 750 2106 ultro
771 2042 974 2129 inputabant:
1000 2044 1171 2129 “spatium
1193 2042 1278 2129 longi

213 2144 286 2194 ante
295 2129 442 2217 proelium
452 2130 579 2206 itineris,
591 2128 805 2213 fatigationem
817 2129 1077 2205 Othonianorum,
1088 2129 1278 2215 pennixtu'm

214 2215 362 2279 vehiculis
372 2238 495 2302 agmen,
507 2237 543 2278 ac
552 2214 701 2301 pleraque
711 2213 851 2292 fortuita,
862 2214 967 2279 fraudi
981 2216 1062 2279 suae”
1072 2214 1277 2299 adsignantes‚

214 2316 246 2364 et
265 2301 408 2367 Vitellius
426 2299 558 2364 credidit
580 2298 621 2363 de
641 2298 784 2385 pertidia,
808 2312 840 2363 et
858 2299 958 2367 iidem
972 2298 1111 2367 absolvit
1157 2298 1281 2363 Salvius

215 2386 374 2465 Titianus,
394 2385 527 2451 Othonis
548 2384 656 2460 frater,
678 2383 802 2448 nullum
823 2383 988 2453 discrimen
1007 2384 1094 2462 adiit,
1115 2384 1229 2471 pietate
1248 2402 1280 2449 et

214 2470 346 2556 ignavia.
361 2486 536 2538 excusatus.
580 2470 687 2536 llario
710 2468 803 2534 Celso
827 2469 1021 2542 Consulatus
1039 2485 1197 2536 servatur:
1225 2470 1278 2536 sed

214 2555 367 2622 creditum
380 2559 474 2638 fama,
485 2557 709 2645 objectumque
723 2579 797 2620 mox
811 2556 843 2620 in
860 2559 976 2620 Senatu
988 2556 1114 2622 Caecilio
1130 2556 1280 2644 Simplici,

215 2771 279 2836 qnod
296 2772 411 2835 eleganter
421 2771 504 2820 dicitur
518 2770 543 2818 in
558 2768 731 2818 hacscntentia.
766 2768 863 2832 Recepit
891 2770 992 2818 Pichena
1018 2771 1084 2817 bene.
1123 2768 1195 2816 lilSS.
1217 2767 1279 2816 Bud.

215 2837 263 2885 Sed
278 2840 380 2884 transire
390 2853 483 2900 quoque
498 2837 585 2884 bonum
599 2843 643 2890 cst,
654 2843 677 2882 et
692 2849 734 2897 pro
766 2833 845 2882 (lucii.
860 2836 1022 2898 juvenilibus.-
1045 2833 1106 2896 quod
1124 2849 1138 2880 e
1155 2835 1281 2880 versatim

215 2905 348 2962 emergere
358 2901 449 2950 dicitur.
468 2900 509 2948 vV.
522 2900 587 2949 corr.
597 2898 628 2946 ad
639 2900 733 2946 Sallust.
766 2909 847 2946 natum
860 2915 909 2947 esse
920 2899 986 2946 facilc
1002 2908 1080 2962 parete
1099 2897 1192 2945 undeet
1203 2899 1294 2944 aretati-²

215 2966 295 3014 caea
306 2966 326 3012 1.
336 2966 386 3014 init.
403 2964 645 3028 Moxpcrctu„qnod
655 2963 744 3011 Rhea.-
767 2964 827 3010 Iihae
849 2963 897 3011 lieri
916 2964 1006 3011 volebat
1026 2962 1101 3010 lihen.
1121 2969 1129 3018 (
1134 2971 1161 3010 ut
1181 2963 1206 3022 3,
1228 2963 1280 3020 39.)

215 3031 241 3093 (e
252 3029 328 3092 Buri.)
343 3046 386 3096 pro
396 3038 513 3093 apparatu
527 3028 606 3085 erlidit,
617 3037 652 3075 est
661 3027 731 3075 etiam
762 3027 825 3074 Edd.
835 3043 869 3091 pr.
878 3038 901 3075 et
909 3037 962 3076 cett.
969 3041 1050 3074 ornnes
1060 3027 1199 3084 hermiltbar,
1207 3041 1292 3090 usque·

215 3093 239 3141 in
255 3095 336 3162 edpr.
361 3097 433 3144 Eun.
464 3095 592 3142 Budcum
604 3093 746 3140 Pio1.oon·.
762 3091 938 3140 odPicheuam.
954 3092 1025 3140 Ean.
1058 3090 1121 3138 liud.
1134 3106 1148 3138 a
1162 3091 1227 3138 l.m.
1236 3095 1280 3152 ja-

215 3158 295 3221 spimt,
305 3160 347 3208 aad
357 3175 400 3236 pro
411 3163 437 3207 oi
446 3159 517 3207 hahet
528 3161 561 3205 in.
593 3157 633 3206 Sic
641 3166 665 3204 et
672 3157 731 3219 Agr.
762 3158 865 3216 amidae,
877 3157 940 3204 unde
950 3159 973 3203 2.
983 3172 1014 3203 ιιι.
1026 3157 1181 3218 Jeaventtttsa
1203 3156 1281 3204 Rhea

215 3223 512 3286 nisiquodhtctrcnribct.
539 3221 731 3284 Rip-exauditu
762 3222 861 3268 servarit
871 3222 895 3268 in
906 3231 970 3269 textu
983 3221 1119 3267 hastilibus.

215 3286 732 3415 hiiffltlifflahfiihili
764 3287 978 3398 ,titillata
997 3284 1111 3348 ⁰⁰P⁰¹²m
1126 3283 1284 3334 ¹¹²¹¹⁰²fflffi

210 3431 260 3478 por
275 3419 339 3465 caris
357 3417 386 3465 ad
407 3427 540 3481 sequentem
558 3415 678 3479 periodum
696 3429 747 3478 ro.
805 3417 868 3462 Tam
889 3415 1007 3476 interficit
1025 3415 1180 3463 Centuriam
1198 3427 1282 3474 prom-

213 3480 305 3541 jiciunt.
339 3479 403 3530 Mihi
414 3481 478 3540 vulg.
488 3481 571 3544 placet.
641 3510 645 3515 ·
761 3478 881 3543 piissimi]
906 3477 986 3526 Editio
1002 3493 1051 3542 pn:
1072 3480 1135 3524 Tam
1152 3478 1282 3539 intersectis

255 3547 421 3595 circumdaret
448 3547 560 3607 Principi
585 3545 742 3608 srn‘rtirtcria]¹
766 3545 956 3602 centurionibus,
968 3553 1010 3592 etc.
1028 3542 1097 3590 Unde
1106 3541 1282 3589 Gruteruseon.

215 3608 279 3673 Ego,
298 3611 434 3674 priusqam
453 3610 544 3668 scirem,
560 3612 592 3658 ab
607 3608 732 3669 interpola-
762 3608 813 3668 jicit
828 3608 899 3656 fuisse
915 3609 1032 3671 interficit
1049 3607 1280 3656 exoneraturas.

215 3674 277 3723 tione
284 3674 394 3722 Rhenani
404 3674 436 3723 sic
443 3675 497 3738 legi,
505 3674 647 3736 corrigebam
655 3674 733 3720 Prin·
765 3673 868 3719 Frustrs.
900 3671 956 3720 Nou
970 3672 1057 3734 patitur
1072 3687 1119 3718 vox
1138 3671 1282 3718 Othoniano.

216 3739 282 3800 ctpta
300 3737 657 3801 Sicanimomninolegendum.
677 3738 733 3785 Cir·
765 3752 829 3796 rrrrn,
851 3737 868 3784 i.
884 3751 905 3784 e.
924 3751 953 3784 ex
972 3733 1119 3784 Othonianis.
1143 3735 1215 3782 Eun.
1250 3735 1281 3782 In

215 3805 337 3851 cumdorct
347 3813 405 3866 puta
413 3803 509 3852 Vitellio
515 3798 649 3850 mirrirte'ric
655 3803 732 3849 Prin·
765 3801 828 3862 vulg.
841 3801 987 3849 consentiunt
996 3799 1059 3848 Buri.
1069 3809 1092 3846 et
1103 3799 1166 3847 editi.

215 3869 284 3931 chris,
299 3867 378 3932 qualia
393 3868 479 3916 scilicet
489 3867 599 3929 Prinoepe
609 3867 732 3913 &manus
798 3867 907 3914 Credidit
915 3865 942 3911 de
949 3866 1049 3927 perfidio
1059 3865 1160 3926 ctstdem
1171 3865 1280 3928 aleelmi]

214 3933 298 3981 habere
314 3933 373 3981 circa
393 3933 518 3980 consuerit.
549 3931 589 3979 Sic
605 3930 639 3977 Η.
656 3930 677 3988 i,
690 3931 732 3977 58.
762 3929 780 3975 i.
798 3944 817 3976 e.
838 3929 940 3978 Perfidus
959 3929 1029 3977 fuisse
1049 3929 1074 3976 in
1093 3928 1135 3976 illo
1152 3927 1284 3976 discrimine

214 4000 347 4046 ministerio
359 3999 515 4058 Principctur
527 4011 572 4058 per
582 3997 675 4042 libertos
689 3997 731 4056 agi
763 3993 859 4041 credidit
868 3992 1013 4056 fingentibus,
1023 4009 1095 4056 eaque
1104 3992 1133 4040 de
1141 4007 1221 4040 mussa
1227 3991 1282 4040 fidei

214 4065 290 4111 solim.
301 4063 393 4110 (inore.
416 4059 732 4122 RestituiPrincipit‚quod
763 4057 788 4104 in
800 4058 918 4106 Othonem
930 4057 1032 4120 pristinae
1043 4057 1134 4106 veniam
1145 4056 1221 4104 dedit:
1234 4057 1282 4103 Fi·
1356 4075 1367 4100 ι

214 4127 284 4175 etiam
306 4125 386 4174 Guelf-
405 4124 484 4173 habet.
516 4127 631 4186 Principi
651 4135 686 4172 est
706 4123 732 4170 in
763 4123 816 4170 dem
825 4122 1080 4170 absolvitsacrimiuis.
1101 4119 1283 4171 Namtslitem·

214 4191 277 4240 Flor.
289 4189 379 4255 (Bud.)
394 4189 447 4237 edd.
460 4205 496 4252 pr.
511 4189 588 4237 Rhea.
604 4204 667 4252 seqq.
681 4203 732 4236 om·
763 4203 819 4250 pore
827 4187 883 4235 fides
895 4187 919 4248 in
929 4186 1019 4234 hostem
1030 4187 1115 4234 crimen
1127 4197 1169 4234 est.
1185 4185 1258 4232 Enrt.

214 4257 376 4320 nibuspreter
387 4254 541 4317 Rychianam.
557 4252 628 4301 Enu-
657 4252 732 4314 Equi·
784 4251 971 4308 ,Sedcrcdr'tam
982 4251 1065 4316 santa]
1083 4252 1232 4299 Rectumne?
1252 4264 1282 4297 cn

214 4318 639 4383 derncumBip.restituoPriucipi.
670 4316 731 4364 Gro-
763 4316 919 4373 scribendum,
936 4315 1053 4365 ‚deditam
1080 4315 1173 4380 sama?
1207 4314 1282 4362 lara

213 4385 308 4432 nerium
319 4393 447 4448 sequuntur
456 4385 522 4432 Brot
534 4382 627 4432 etlail.
764 4381 820 4430 Non
828 4379 932 4442 intelligo
943 4381 1046 4428 deditum
1056 4381 1136 4442 fimo.
1159 4379 1201 4426 An
1211 4379 1284 4426 voluit

246 4449 388 4496 [sumtibus
404 4448 534 4510 obeditur]
558 4447 730 4496 [umor-ver·
764 4447 971 4496 scriberediditam
980 4445 1072 4513 famei
1099 4447 1183 4494 Fame
1193 4443 1285 4505 conjicit

214 4513 316 4560 audura
341 4514 404 4576 quod
421 4513 631 4579 germanissimum.
655 4512 730 4562 lares.
765 4510 870 4561 Freinsh.
887 4509 959 4561 Eun.
1289 4533 1297 4560 ,·
1366 4511 1368 4514 ’
