3059 4975
247 274 281 319 s.
297 276 323 317 c.
345 260 406 333 70.]
636 258 715 321 LIB.
737 261 790 321 1v.
814 259 905 320 CAP.
924 264 953 319 5.
1262 270 1320 330 243

245 435 283 491 ut
304 422 505 492 honorificam
526 425 558 497 ih
581 425 699 499 bonum
722 424 911 511 Principem,
938 425 983 492 ita
1011 424 1089 493 falsa
1115 427 1255 508 amram,
1282 442 1315 497 ct

244 509 356 575 studiis
385 512 518 575 Senatus
543 510 760 577 adtollebatur.
820 512 838 578 I
877 533 918 575 ue
944 511 1123 599 praecipuus
1159 514 1204 579 illi
1236 516 1315 595 dies,

339 619 367 659 ae
380 597 505 663 offensae
518 596 643 662 initium
656 610 689 661 et
702 619 825 683 magnae
838 597 947 684 gotie
959 596 1030 663 suit.

243 616 339 747 mill
355 682 422 747 Res
440 705 566 769 poscere
584 681 720 760 videtur,
737 681 814 768 quia
826 682 941 751 iterum
954 682 989 747 in
1001 684 1189 749 mentionem
1203 685 1312 752 incidi·

243 788 314 833 mus
328 767 398 847 viri,
414 769 528 855 saepius
541 766 744 846 memorandi,
757 781 794 832 ut
805 767 901 832 vitam
911 768 1077 854 studiaque
1086 770 1166 857 ejus,
1180 785 1213 837 et
1224 772 1310 859 quali

243 852 370 919 fortuna
380 855 421 919 sit
429 877 516 932 usne,
525 853 634 951 paucis
644 866 792 940 repetam.
814 852 1313 933 HelvidiusPriscusTarracinoe

243 939 425 1027 municipio,
442 939 556 1009 Cluvio
578 952 676 1025 patre,
692 939 747 1027 qui
768 938 909 1003 ordinem
930 939 1078 1026 primipili
1100 940 1250 1023 duxisset,
1265 943 1313 1008 in·

242 1024 370 1109 genium
394 1024 525 1089 inlustre
546 1023 708 1090 altioribus
729 1024 841 1089 studiis
858 1024 985 1122 juvenis
1007 1025 1179 1092 admodum
1201 1029 1309 1095 dedita

243 1130 307 1174 non
327 1126 364 1175 ut
383 1110 535 1198 plerique,
559 1126 594 1175 ut
615 1111 740 1177 nomine
762 1111 927 1197 magnifico
949 1134 1044 1198 segne
1065 1112 1165 1178 otium
1184 1114 1311 1196 velaret,

243 1344 329 1410 Ryclrii
350 1352 484 1415 exemplum
507 1352 579 1417 sequi.
617 1352 760 1414 Corruptelae
789 1351 852 1400 subit
862 1350 959 1417 opinari,
972 1353 1067 1414 origine
1078 1352 1171 1399 Italica.
1199 1351 1255 1399 Non
1267 1368 1308 1401 ex-

242 1424 330 1471 caussa,
342 1414 405 1477 quod
413 1430 459 1463 non
466 1420 580 1479 putabant
588 1414 683 1475 librarii,
692 1418 760 1465 verba
791 1426 867 1464 terum
881 1416 967 1464 scilicet
982 1417 1061 1476 fuisse,
1078 1425 1105 1463 ut
1121 1425 1177 1463 tunc
1187 1416 1211 1463 in
1223 1418 1310 1465 Senatu

235 1478 303 1537 salsa
317 1479 422 1540 aurant,
438 1480 497 1528 coire
513 1496 579 1542 posse
595 1496 648 1529 cum
665 1483 760 1528 hanni-
792 1481 895 1543 plurimi,
911 1495 959 1527 non
973 1481 1049 1529 solum
1064 1479 1234 1528 mulcibres.
1261 1482 1311 1539 Ra,

235 1542 438 1599 ficamiahauunr
445 1546 602 1607 Principeme
615 1546 678 1609 quod
687 1546 761 1593 etali-
793 1545 866 1593 tiones
878 1543 955 1607 Lipsii
967 1555 1046 1592 conus
1061 1545 1183 1607 vulgatum
1198 1548 1256 1595 bene
1267 1546 1309 1595 ha·

243 1604 267 1651 bi
278 1607 356 1653 barbas
367 1607 436 1655 dedic
449 1608 588 1657 V.adc3.
610 1610 760 1658 SedTacitus
793 1611 856 1657 bent.
889 1610 941 1656 Nec
956 1624 1062 1673 spernam
1077 1610 1127 1670 ejus
1137 1612 1307 1673 conectionem,

242 1677 265 1715 et
275 1668 331 1717 alibi
341 1670 385 1719 hac
399 1672 474 1721 sonna
484 1674 565 1734 utitur,
582 1682 608 1721 nt
619 1674 758 1736 adjectivum
792 1675 812 1720 si
822 1673 951 1735 connpoels
959 1674 1005 1721 loci
1015 1683 1071 1721 nata
1087 1682 1121 1720 est
1135 1688 1149 1720 a
1162 1674 1243 1722 vitiosa
1253 1676 1309 1723 scri·

241 1748 284 1795 per
301 1735 372 1785 talem
389 1738 533 1802 periphrasin
552 1740 674 1802 exprimat.
708 1741 759 1792 Nec
792 1748 867 1801 ptuit-
888 1738 935 1787 Sed
943 1738 1010 1786 valde
1018 1753 1103 1795 eaeor,
1114 1752 1145 1785 ne
1152 1738 1238 1799 quisin
1246 1754 1309 1787 mar-

241 1798 332 1861 ignoro,
343 1803 378 1847 ita
389 1803 419 1848 ab
426 1804 520 1866 optimis
531 1803 678 1867 scriptoribus
689 1806 760 1851 inter·
791 1804 845 1865 gine
861 1802 1003 1866 adscripserit
1015 1803 1132 1866 regionem
1148 1801 1231 1862 Italis,
1243 1805 1310 1864 cnjus

241 1863 299 1909 dum
307 1870 404 1925 postet,
414 1867 712 1931 ricohomittietintelligi.
726 1869 757 1918 V.
792 1876 850 1915 esset
867 1867 1032 1914 Tarracinense
1047 1867 1134 1913 munici
1152 1866 1157 1877 '
1175 1882 1201 1915 rn
1217 1876 1240 1915 et
1256 1869 1309 1931 qni-

241 1926 292 1974 intt.
306 1928 337 1975 ad
351 1928 405 1979 Liv.
421 1931 461 1991 34,
473 1934 496 1979 9.
514 1931 554 1979 sed
569 1931 594 1979 id
611 1932 635 1979 in
652 1934 759 1994 pruenti
791 1931 845 1979 dem
856 1932 895 1991 sic„
907 1940 935 1978 ut
945 1930 1131 1993 Freinshemiop
1178 1932 1220 1979 bat
1229 1932 1308 1995 legen.

240 1991 316 2039 forma
326 1992 399 2041 nimio
409 1995 462 2057 plus
472 1994 558 2044 durum
568 1994 633 2043 foret.
658 1998 722 2044 Nam
733 1998 757 2045 in
791 1995 851 2042 dum
864 1997 1163 2056 esse‚regioncl.1talioe.·
1180 2010 1237 2043 nam
1247 1998 1308 2060 regi-

240 2058 357 2118 omnibus‚
369 2074 422 2123 qua
430 2060 486 2118 vidi,
498 2060 611 2121 exemplis
619 2076 759 2125 consequens
791 2061 831 2106 oui
840 2061 922 2123 primae
932 2060 1073 2123 adscriptum
1084 2074 1153 2107 omne
1164 2058 1270 2119 latium,
1283 2063 1309 2109 in

240 2120 316 2169 simile
326 2130 360 2170 est
370 2125 520 2183 nescienti,
534 2140 616 2188 genere
627 2128 756 2174 verborum.
791 2140 839 2187 quo
851 2124 990 2172 Tarracina:
1007 2125 1077 2186 idque
1087 2124 1111 2170 in
1120 2133 1211 2171 tentum
1222 2126 1311 2188 migra-

240 2182 325 2248 Itaque
333 2187 361 2247 si,
372 2202 414 2251 pro
415 2191 483 2253 sium
491 2198 566 2247 mant,
575 2199 633 2239 esset
641 2192 757 2237 adelitia.
791 2189 856 2246 verit,
872 2189 1003 2253 etquidem
1020 2189 1095 2236 aheno
1108 2188 1174 2237 bone
1192 2203 1247 2236 nam
1259 2205 1309 2239 esse

239 2251 279 2296 nir
288 2260 415 2315 caynam,
424 2254 485 2301 nihil
495 2254 628 2303 addendum
634 2270 756 2303 censerem.
789 2252 888 2301 debebat
893 2256 1019 2317 postvcrba
1026 2255 1163 2301 Tarracinae
1169 2256 1309 2316 mianieipio,

239 2314 401 2365 Adtollelatar
418 2318 490 2367 MSS.
507 2319 570 2367 Flor.
590 2319 650 2383 Agr.
668 2320 703 2368 ed
722 2335 757 2383 pr.
789 2318 977 2367 econsuetudinc
987 2319 1086 2365 aliorum
1097 2318 1242 2380 scriptorum.
1261 2319 1308 2367 Sed

239 2378 301 2440 quod
312 2390 373 2430 recte
383 2383 467 2447 recepit
479 2383 587 2431 Pichcna.
608 2384 660 2433 Alii
672 2384 708 2446 (in
718 2385 756 2433 his
790 2383 885 2431 urbibus
901 2391 949 2430 tam
966 2382 1026 2430 notis
1043 2397 1091 2429 non
1104 2382 1179 2430 solent
1192 2383 1238 2431 tale
1249 2384 1307 2447 quid

238 2442 315 2506 Bud.)
327 2448 500 2498 attollebantur.
516 2448 587 2497 Eas.
613 2447 756 2498 Incinebu-
789 2446 873 2496 addere
893 2447 994 2497 historici
1011 2446 1167 2512 elegantiores,
1184 2462 1226 2497 nec
1242 2448 1306 2497 aliud

237 2509 272 2558 las
288 2509 410 2574 dispulisse
423 2529 447 2561 se
462 2513 533 2562 credit
549 2514 645 2563 Colerus
658 2513 756 2577 legendo
789 2513 924 2574 exemplum
935 2513 960 2559 in
968 2513 1051 2561 Tacito
1061 2513 1141 2576 reperi·
1160 2512 1307 2562 Probatsen·

236 2573 396 2638 harulficurte,
408 2579 755 2642 retinl.Pr.transpositapar-
789 2578 885 2624 tentiam
897 2587 998 2626 nostram
1007 2578 1134 2625 Broterius.
1152 2576 1306 2627 Ceternmed.

236 2638 315 2688 ticuls.
347 2642 401 2706 Bip.
414 2643 460 2691 sict
479 2644 680 2706 (filiaaberaut)
697 2645 754 2690 item
788 2641 969 2702 pr.hsbetmox
978 2643 1155 2690 Clanquau.
1173 2641 1231 2690 Jam
1239 2643 1306 2691 Mer-

236 2709 267 2750 st.
279 2707 304 2752 S,
316 2713 359 2754 att.
391 2707 567 2771 Equidemnon
581 2708 656 2766 video,
672 2708 713 2771 qui
727 2708 753 2754 sl
787 2721 852 2753 cerus
863 2706 941 2764 sensit,
952 2706 1068 2770 glossema
1081 2723 1135 2756 esse
1170 2707 1241 2756 Tollo
1251 2723 1305 2756 cum

236 2767 293 2816 item
304 2773 340 2828 τῷ
350 2779 377 2818 at
388 2772 531 2834 respondeat.
555 2771 754 2834 InRyckiilccti-
787 2770 842 2833 Bip.
865 2771 928 2819 Dein
940 2772 1002 2818 Bud.
1016 2774 1110 2820 Cluino.

235 2845 279 2880 one
289 2833 418 2895 adquiesco.
819 2837 949 2895 Ingenium
974 2837 1079 2898 illtutre]
1103 2836 1183 2884 cicero
1205 2836 1307 2885 celiuns

267 2899 375 2962 Itertam]
393 2898 432 2946 Cf,
441 2899 475 2946 H.
487 2901 512 2960 2,
526 2900 565 2947 91.
787 2900 890 2960 appellat
908 2901 1072 2947 adolescentem
1091 2902 1181 2947 illustri
1201 2902 1304 2963 ingenio,

267 2961 752 3028 ltalioeseptima,Tarracinaemuuicipio]
787 2964 1010 3023 industriagratia.
1032 2963 1140 3012 Valerius
1150 2965 1189 3012 M.
1198 2967 1223 3021 9,
1233 2967 1272 3025 12,
1280 2970 1303 3025 7,

235 3024 314 3074 bons
324 3039 366 3075 nec
376 3028 458 3087 bonus,
472 3044 514 3076 nee
524 3029 614 3088 firmus,
629 3028 659 3076 de
669 3027 753 3075 finnis-
786 3025 816 3073 de
831 3027 860 3074 Ο.
876 3026 967 3075 Licinio
981 3027 1069 3076 Calvae
1093 3029 1195 3075 illrutrir
1212 3030 1304 3092 ingenii

235 3089 295 3136 simo
311 3091 368 3140 vira.
403 3093 468 3140 Nam
484 3093 557 3153 libris,
578 3094 660 3158 (etiam
674 3093 751 3154 Bud.)
786 3099 873 3139 mator.
887 3093 1304 3153 NosterA.5‚8.Pampeniaemalta

234 3156 300 3202 abest
310 3171 356 3204 vox
366 3159 480 3218 septima:
497 3173 568 3221 quam
578 3172 620 3206 nos
628 3166 706 3204 tamen
715 3158 751 3204 in-
786 3171 879 3203 moram
887 3159 1005 3218 elegantia
1012 3163 1035 3204 et
1043 3158 1138 3218 ingenia
1145 3158 1242 3205 illustri.
1257 3159 1303 3222 Ni-¹

233 3219 355 3280 seruimus,
362 3222 752 3287 sententiaeutcumquefulciends‚
785 3219 819 3267 bss
834 3221 898 3269 aliud
910 3221 940 3270 de
953 3222 998 3269 hoc
1013 3237 1085 3285 quam
1098 3222 1123 3280 6,
1134 3222 1173 3276 47.
1191 3221 1220 3270 de
1231 3222 1302 3272 Vibio

233 3283 430 3334 admonitionibus
457 3286 576 3334 Vertranii
602 3295 626 3335 et
646 3286 751 3334 Ferretti.
785 3284 867 3333 Marso
877 3285 947 3334 dicit:
965 3288 1068 3334 illustris
1082 3287 1168 3334 stadiis
1177 3294 1238 3335 mat.
1266 3284 1303 3335 Il·

233 3347 324 3397 Scimus
335 3349 406 3411 enim,
418 3350 512 3400 Italiam
523 3360 596 3400 totam
606 3351 631 3400 in
642 3349 683 3398 XI
691 3351 751 3414 regi.
785 3350 934 3413 leutrcigitur
940 3353 1062 3412 ingenium
1069 3352 1304 3415 esteloquentioespa·

232 3426 288 3462 ones
303 3413 402 3464 divisam
416 3417 446 3464 ab
459 3414 585 3480 Augustos
602 3417 682 3480 itaque
695 3431 749 3464 cum
783 3413 907 3463 ciminibus
922 3416 1069 3464 celebratum·
1104 3415 1157 3464 bib
1169 3416 1249 3475 hoel,
1260 3419 1300 3464 42.

233 3478 333 3540 regionis
348 3479 387 3528 hic
397 3481 494 3540 mentio,
511 3480 607 3541 alasya,
619 3481 694 3542 siunt,
705 3495 751 3528 nu·
784 3481 892 3540 ignotam
899 3480 975 3527 adhuc
981 3482 1105 3542 ingenium
1112 3486 1136 3527 et
1143 3481 1217 3527 nullis
1222 3481 1302 3542 defin-

232 3555 324 3592 merum
335 3545 386 3605 ejus
396 3562 411 3592 a
419 3545 526 3596 Cornelio
536 3561 677 3610 expressum.
703 3545 750 3594 Sed
784 3545 886 3591 sionibus
897 3552 1028 3606 expertum.
1041 3544 1074 3592 A.
1084 3545 1122 3603 16,
1129 3546 1169 3594 29.
1180 3547 1302 3615 nequefa7

229 3608 283 3666 jure
293 3610 398 3672 ambigo:
413 3611 525 3674 primum,
536 3611 646 3675 quianon
656 3610 748 3670 Tacito,
782 3612 841 3656 masi
846 3610 968 3670 carminis,
974 3612 1029 3671 qaia
1030 3610 1160 3670 protakrit
1165 3612 1287 3672 ingentium
1293 3629 1303 3669 ς

232 3683 278 3718 non
289 3673 462 3724 mensurius
476 3684 623 3738 usurpatum,
635 3675 697 3723 utin
708 3691 750 3740 op·
782 3672 798 3720 i
817 3674 932 3786 ppecirncn
950 3674 1060 3722 doctrine
1079 3681 1149 3737 atque
1165 3675 1303 3740 eloquentie

186 3755 190 3761 ·
232 3735 748 3847 plidimentioneregionemltaliaeadjungant.
782 3737 887 3787 adierit.
924 3739 1040 3803 Apuleius
1066 3738 1092 3786 in
1118 3739 1220 3804 Apolog.
1248 3748 1302 3803 post

257 3801 435 3860 t,ntidinloco
442 3805 554 3868 ignotiore
564 3805 612 3866 fiat,
624 3805 682 3869 quid
690 3819 750 3868 opus
782 3803 844 3851 med.
866 3803 896 3850 de
915 3803 1098 3852 accusationibus
1118 3804 1233 3854 nobilium
1248 3803 1301 3854 re'o'-

232 3863 258 3912 in
270 3865 404 3926 Tarracina,
415 3869 541 3932 municipio
549 3878 598 3918 tam
606 3869 748 3929 vicinourbi,
782 3884 850 3916 rum:
863 3870 905 3930 qui
915 3884 965 3916 moe
973 3869 1137 3931 incipientibus
1144 3869 1302 3920 crassata.

232 3937 281 3978 tam
288 3933 360 3979 noto?
370 3930 479 3996 Denique
484 3934 539 3981 libri
545 3934 614 3982 etiam
621 3933 645 3980 in
652 3933 692 3982 illo
699 3934 749 3996 ipso
783 3934 813 3980 lie
823 3935 855 3982 ad
866 3934 1034 3981 illustrandam
1044 3935 1137 3995 ingenii
1140 3937 1228 3995 florem
1236 3929 1301 3998 apud

233 3996 302 4043 verbo
312 3995 429 4046 vacillant.
450 3997 514 4046 Narn
523 3997 636 4046 Vaticano
645 4007 687 4057 est,
700 4001 749 4046 Ta·
782 4001 1021 4059 antiquo-economus.
1038 3998 1168 4059 Nimirum,
1175 4009 1301 4063 postquam

233 4067 327 4108 renatum
333 4062 480 4124 municipio:
492 4061 586 4111 Parnes.
598 4064 749 4111 rarescens.-
783 4062 914 4126 eloquentis
923 4063 1036 4128 docteque
1049 4063 1140 4112 dicendi
1151 4079 1178 4112 ac
1188 4061 1300 4112 scribendi

232 4123 311 4186 priscis
322 4125 468 4188 editionibus,
484 4129 620 4176 Tarentino.
659 4127 751 4176 Mirum
784 4135 833 4175 arte
845 4126 996 4188 inclaruisset,
1013 4128 1043 4176 ad
1059 4128 1233 4191 Philosophiam
1245 4141 1300 4175 eum

233 4203 295 4249 vero,
307 4189 326 4238 si
337 4189 481 4240 libriomnes
491 4192 517 4240 in
527 4192 613 4258 oppido
623 4193 689 4242 toties
701 4195 752 4256 jem
784 4207 808 4239 se
818 4193 869 4240 vult
879 4194 1009 4243 nonme.
1026 4195 1118 4243 Gaas.

233 4261 288 4298 ante
303 4253 352 4302 sine
367 4270 442 4305 errore
457 4258 507 4305 ullo
521 4258 648 4318 nominato,
662 4258 701 4306 hic
711 4258 751 4306 de·
817 4259 876 4306 Nou
887 4266 914 4306 at
921 4260 1042 4322 plerique]
1060 4259 1130 4307 Disce
1142 4256 1260 4330 juvem,
1277 4261 1302 4302 οἱ

233 4319 434 4370 mumoffcndant
457 4323 493 4371 At
501 4339 551 4387 pro,
561 4326 655 4386 regione
663 4325 751 4386 Italics,
783 4321 836 4371 vide
847 4337 927 4373 ruam
938 4323 1017 4384 finem,
1034 4337 1105 4386 quem
1121 4327 1239 4386 sapientie
1252 4326 1303 4389 stru

1067 4389 1128 4448 rell
