3059 4975
236 297 263 336 r.
279 297 305 337 c.
321 281 383 356 tn]
616 284 691 342 nm.
712 284 748 338 v.
769 281 854 340 cnr.
869 284 918 340 26.
1245 283 1302 338 345

238 451 300 504 tur.
345 446 479 520 Ventum
502 445 543 508 ad
565 456 712 522 extrema,
735 445 769 507 ni
790 444 966 530 resipiscere
985 441 1144 528 incipiant,
1166 452 1198 504 et
1217 440 1302 504 noxii

239 527 348 612 capitis
362 554 454 616 poena
467 529 681 616 poenitentiam
695 529 881 594 fateantur?

294 614 430 680 XXVI.
453 617 526 679 Non
550 601 660 680 fefellit
682 614 814 678 Civilem
838 638 873 678 ea
895 613 1061 691 inclinatio,
1082 625 1114 675 et
1133 611 1303 697 praevenire

239 699 362 764 statuit:
386 725 478 788 super
489 701 618 765 taedium
632 698 796 775 malorum,
811 699 904 762 etiam
919 722 973 785 spe
983 699 1067 776 vitae,
1082 721 1154 782 quae
1168 696 1304 783 plerum-

238 805 301 867 que
315 807 443 872 magnos
457 787 574 850 animos
587 783 739 870 infringit.
770 783 874 848 Petito
888 783 1061 870 conloquio,
1076 781 1226 846 scinditur
1239 784 1305 848 Na

238 868 329 933 haliae
347 871 483 935 fluminis
504 895 602 970 pons;
633 871 666 934 in
687 871 777 956 cujus
800 871 935 967 abrupta
954 868 1108 956 progressi
1125 870 1249 932 Duces:
1273 885 1305 936 et

241 953 349 1018 Civilis
373 957 417 1019 ita
439 970 550 1044 coeprt:
584 957 649 1020 “si
672 955 758 1042 apud
782 954 900 1018 Vitelhi
923 956 1081 1102 Legatum
1100 952 1301 1032 defenderem

239 1060 340 1126 neque
354 1041 437 1106 facto
450 1065 520 1106 meo
531 1042 631 1120 venia,
646 1065 747 1128 neque
762 1041 852 1104 dictis
865 1040 952 1118 fides,
987 1039 1145 1103 ebebatur.
1182 1040 1305 1105 Cuncta

239 1123 319 1188 inter
328 1149 384 1190 nos
392 1127 523 1206 inimica,
532 1129 663 1206 hostilia,
674 1127 713 1190 ab
722 1126 775 1190 illo
784 1140 983 1213 coepta‚ame
992 1137 1189 1188 auctaerant.
1215 1128 1304 1214 Erga

240 1207 466 1296 Vespasianum
482 1227 570 1278 vetus
588 1214 663 1277 mihi
678 1213 889 1278 observantia:
912 1224 954 1290 et,
970 1233 1042 1274 cum
1060 1210 1201 1296 privatus
1214 1227 1302 1292 esset,

240 1295 329 1358 amici
344 1301 540 1364 vocabamur.
572 1303 644 1364 Hoc
657 1301 765 1363 Primo
776 1297 917 1362 Antonio
928 1310 1048 1374 notum,
1064 1297 1187 1383 cujuse
1209 1297 1305 1362 istolis
1389 1304 1391 1309 '

240 1380 281 1443 ad
295 1381 412 1447 bellum
425 1386 540 1450 accitus
555 1408 632 1462 sum,
647 1407 686 1448 ne
702 1385 896 1448 Germanicae
910 1383 1055 1468 legiones,
1075 1395 1106 1444 et
1122 1382 1153 1444 G
1195 1406 1242 1446 rca
1251 1384 1304 1469 ju-

240 1481 352 1530 ventus
365 1468 408 1532 Al
433 1495 465 1534 es
486 1471 736 1535 transscenderet.
783 1471 862 1545 Quae
877 1469 1038 1533 Antonius
1055 1466 1201 1553 epistolis,
1217 1471 1304 1533 Hor-

240 1551 369 1616 deonius
387 1493 518 1620 Flaccus
539 1579 674 1642 praesens
696 1555 851 1633 monebat,
866 1577 953 1617 arma
972 1553 1004 1615 in
1020 1552 1190 1616 Germania
1208 1555 1302 1634 movi,

240 1661 313 1788 ‹lgnae
338 1641 506 1756 MF⁰ss³¹¹¹¹⁸
528 1642 560 1706 in
585 1642 685 1728 Syria,
709 1639 855 1727 Aponius
875 1639 907 1702 in
934 1638 1058 1716 Moesia,
1081 1637 1249 1705 Flavianus
1270 1641 1303 1704 in

270 1748 412 1790 annoma.

274 1897 386 1945 Nabalia
395 1902 520 1964 flaminis]
544 1901 669 1964 Nusquam
679 1900 704 1947 id
715 1900 762 1946 flu·
823 1901 857 1945 Et
867 1900 954 1946 Civilia
963 1899 997 1944 ite
1008 1899 1087 1961 capit]
1112 1898 1304 1957 Coniunctionem

242 1961 312 2008 minis
321 1962 344 2008 in
355 1961 399 2010 hoc
408 1972 488 2012 tractu.
504 1965 546 2012 An
558 1965 669 2028 oppidum
681 1980 708 2012 eo
716 1976 758 2010 no·
789 1978 802 2009 e
814 1961 876 2009 Flor.
888 1962 988 2024 prefixit
998 1961 1063 2008 Pich.
1076 1962 1138 2009 Bud.
1151 1963 1285 2014 nonhabet

242 2025 322 2073 mine?
355 2027 426 2085 Quod
436 2029 511 2076 Juuio
526 2029 646 2076 Hadriano
657 2028 755 2085 videtur,
827 2029 926 2073 Etcum
939 2029 1049 2088 privatus
1058 2025 1127 2090 erret]
1152 2026 1304 2079 Dehocloco

241 2089 344 2153 legitque
361 2095 489 2140 Navelioer
513 2103 536 2142 et
556 2096 637 2142 urbem
655 2093 755 2156 Campos
787 2092 858 2138 sensit
867 2090 1159 2153 SidoniueinEpistolisl,
1171 2093 1206 2138 14.
1230 2094 1303 2143 Cetus
1329 2089 1334 2098 '

243 2155 275 2201 ita
287 2154 403 2218 indigitat,
414 2158 444 2205 ed
454 2159 531 2205 sinum
544 2159 612 2206 hodie
622 2157 754 2215 australem,
790 2156 1105 2218 Tacituremgoriharunea
1113 2157 1219 2214 tutaret
1228 2161 1303 2207 vertis

242 2219 370 2268 Ptolemaeo
379 2237 462 2286 perum
474 2224 569 2272 firmiter
579 2223 680 2270 innixus.
704 2223 757 2284 Ego
787 2221 908 2282 raJnrdom
920 2221 1057 2268 Gemnnnici
1068 2221 1145 2265 Ducis
1155 2221 1303 2270 narratoria

242 2285 345 2348 ambigo,
367 2301 396 2334 ne
423 2289 516 2335 Vahalis
538 2287 697 2350 corrigendum
720 2287 757 2333 sit.
786 2301 828 2331 rna
837 2285 934 2332 retulit:
948 2287 1011 2343 Cum
1022 2285 1161 2344 Vespasiano
1169 2287 1228 2331 mihi
1237 2294 1303 2335 vetm

241 2349 341 2397 Pontem
353 2351 447 2413 quidem
458 2351 559 2415 aliquem
570 2360 669 2414 eoeptum
683 2351 758 2398 aRn-
786 2351 903 2406 amicitia,
914 2357 945 2409 et,
956 2351 1013 2396 dum
1026 2351 1138 2410 privatur
1154 2356 1218 2409 erret,
1230 2354 1302 2399 amici

242 2414 318 2461 manis
335 2417 414 2478 paullo
430 2431 500 2479 snpra
515 2417 586 2479 legas,
602 2415 642 2463 red
654 2416 757 2462 Batavo·
786 2415 933 2461 vocabamur.
953 2413 1028 2460 lares.

242 2478 309 2526 duri:
322 2480 403 2545 dequo
411 2480 705 2544 haecnonvaneintelligas,
713 2478 758 2527 nisi
821 2480 879 2537 Quae
889 2472 1136 2542 Atrtontmeptaozn]
1165 2482 1303 2542 Ephrottse

242 2544 305 2605 quod
322 2544 497 2594 Batavodurum
513 2546 542 2595 ad
559 2546 669 2593 Rhenum
687 2544 757 2592 fuisse
785 2544 847 2592 Flor.
860 2544 931 2592 edidit
942 2544 1050 2591 Pichene.
1085 2544 1150 2590 Ante
1160 2545 1212 2593 edd.
1223 2562 1303 2595 omnes

241 2607 330 2671 volunt,
350 2627 408 2673 quos
425 2620 506 2673 arguat
523 2611 560 2659 hic
577 2610 649 2657 locus.
678 2609 753 2656 Iurs.
784 2611 870 2655 ebreus
886 2608 1109 2655 Moxinetllthen.
1119 2608 1173 2656 ritio
1181 2613 1302 2672 operarum

242 2672 309 2720 Idem
331 2675 407 2722 visum
429 2683 482 2723 ante
506 2675 620 2723 Rheneno
642 2674 708 2737 (quia
729 2674 755 2720 in
783 2672 871 2720 factum
882 2674 1000 2719 monetat:
1017 2671 1042 2719 id
1052 2672 1186 2720 fideliterab
1194 2676 1302 2723 omnibns

242 2738 304 2786 Bud.
320 2739 437 2800 flabelle).
462 2739 524 2786 Aliis
535 2740 613 2786 aliter:
632 2754 758 2801 quaecom-
786 2747 944 2785 conservatum
961 2752 1035 2799 usqne
1046 2737 1076 2783 ad
1088 2736 1223 2797 Pichenem,
1236 2740 1302 2802 quia

240 2816 377 2860 memorare,
386 2819 440 2851 cum
451 2803 536 2850 ineerta
546 2803 592 2850 sint
602 2804 687 2861 omnia,
700 2802 759 2849 nihil
787 2801 850 2848 Flor.
857 2802 997 2860 admonitus,
1004 2800 1107 2849 correxit.
1124 2800 1194 2849 Enn.
1212 2803 1303 2851 Ancus

240 2866 317 2914 refert.
333 2868 404 2915 Enu-
435 2868 529 2915 Vanam
538 2866 576 2914 hic
586 2867 664 2913 locum
674 2866 758 2914 hebere
786 2866 868 2927 glossa
878 2865 981 2912 debetur.
1013 2865 1134 2912 Budita:
1157 2867 1214 2922 Quae
1225 2872 1302 2915 Areto-

241 2930 329 2993 nequit.
363 2931 478 2979 Civilisin
490 2930 692 2978 Transrhenanam
704 2945 758 2977 oon-
787 2932 843 2976 nter
855 2944 960 2991 proerem
970 2931 1082 2986 monebat,
1093 2929 1301 2982 omissisintenne·

242 3004 352 3055 cesserat3
381 2996 476 3045 cerinis
503 2998 585 3058 agebat
605 2995 630 3041 in
651 2994 756 3043 Batavis.
786 2994 837 3042 diis
865 2994 927 3041 Cum
937 2993 981 3041 hoc
995 2993 1045 3041 loco
1055 2992 1152 3040 conferri
1165 2998 1302 3058 mereturl,

241 3058 363 3109 Cluverius
372 3062 401 3108 G.
411 3062 444 3108 Α.
453 3063 477 3118 3,
491 3058 528 3114 17.
543 3069 565 3108 et
572 3060 687 3123 Altingt.
701 3060 722 3106 1.
733 3075 757 3121 p.
789 3060 827 3108 13.

241 3124 281 3179 67.
293 3126 425 3189 intelligunt
436 3126 526 3175 alveum
536 3125 623 3185 Rheni,
635 3124 676 3189 qui
687 3124 757 3186 vulgo
819 3124 950 3187 Fabianus]
979 3121 1044 3186 Lego
1061 3123 1200 3171 Flavianus.
1227 3125 1303 3175 lune.

241 3190 302 3239 fosse
313 3191 393 3251 Drusi,
410 3206 457 3255 que
468 3192 530 3239 Isala'
540 3191 624 3239 Rheno
634 3189 758 3237 committi-
789 3188 909 3237 Consentit
919 3189 1019 3236 Florert.
1032 3190 1065 3240 (et
1075 3186 1150 3246 Bnd.)
1161 3189 1222 3237 unde
1232 3189 1303 3239 edidit

210 3306 215 3315 ,
242 3266 288 3304 tur.
321 3257 440 3304 Pontanus
454 3258 554 3303 Navem
565 3255 663 3315 volebat,
679 3254 719 3301 sed
732 3269 759 3303 ea
792 3254 901 3301 Picheue.
923 3254 995 3303 Eun.
1028 3252 1127 3301 Bndin
1142 3252 1189 3301 fine
1199 3254 1261 3303 male
1276 3257 1303 3303 tn

224 3319 425 3369 nimisacastris
436 3320 549 3369 Romanis
559 3328 653 3369 remota.
679 3318 755 3367 Celle-
790 3321 889 3367 Parma.

242 3385 496 3449 simnildefinitm,
510 3387 547 3434 19.
