3059 4975
233 290 381 365 saro]
580 289 660 346 mu.
683 286 723 346 11.
744 288 835 348 cnr.
855 294 903 360 ss,
923 292 972 351 39.
1199 362 1201 368 ¹
1243 291 1316 349 na
1359 326 1364 335 -

231 452 318 537 quod
333 452 557 517 vetustissimus
570 446 801 530 Consularium,
812 466 844 517 et
855 451 963 517 militia
973 453 1085 531 clarus,
1118 448 1225 517 loriam
1240 446 1295 517 rio·
1313 452 1317 467 '

231 560 366 625 menque
385 538 566 602 Britannicis
579 536 828 625 expeditionibus
841 538 1031 603 meruisset.”
1104 560 1157 624 go,
1172 552 1208 603 ut
1221 558 1295 603 con-

229 624 381 701 cesserim,
410 623 496 710 apud
522 646 638 709 paucos
662 624 756 687 tacito
780 637 854 687 voto
879 622 1013 709 quietem
1042 644 1101 710 pro
1129 622 1315 701 discordia·

229 708 347 772 bonum
362 724 394 773 et
406 708 607 772 innocentem
620 707 794 795 Principem
814 730 872 805 pro
892 707 1030 795 pessimis
1048 730 1085 772 aa
1098 706 1297 795 flagitiosissi-

230 794 289 857 mis
312 794 502 881 expetitum:
536 794 582 857 ita
601 815 703 880 neque
724 794 915 871 Paullinum,
939 818 1003 881 qua
1030 794 1196 881 prudentia
1220 792 1310 871 fuit,-
1335 814 1340 823 ·

231 902 378 966 sperasse,
399 878 632 966 corruptissimo
652 878 766 943 saeculo
787 893 903 943 tantam
928 878 1016 967 vulgi
1040 878 1293 957 moderationem,

230 982 313 1042 reor,
337 980 384 1042 ut,
401 964 463 1052 ¹qui
487 986 595 1051 paoem
618 963 691 1027 belli
713 986 818 1027 canore
841 964 1051 1051 turbaverant,
1070 963 1186 1028 bellurn
1209 963 1307 1051 pacis*
1344 1001 1347 1009 ·

230 1051 358 1116 caritate
370 1051 576 1137 deponerent:
601 1072 702 1135 neque
721 1063 778 1113 aut
798 1049 951 1113 exercitus
964 1048 1079 1135 linguis
1093 1049 1308 1135 moribusque·

230 1136 370 1199 dissonos
382 1136 414 1199 in
434 1136 517 1199 hunc
538 1130 720 1199 consensum
735 1130 873 1221 potuisse
893 1132 1071 1213 coalescere,
1080 1150 1143 1212 ,aut
1156 1136 1294 1223 Legatos

230 1244 267 1285 ac
281 1223 396 1307 Duces,
411 1245 442 1286 m
486 1242 524 1284 na
538 1243 578 1283 ex
593 1234 680 1308 parte
693 1220 797 1297 luxus,
811 1218 965 1305 egestatis,
985 1219 1133 1285 scelerum
1150 1219 1208 1284 sibi
1222 1242 1308 1283 con-.

231 1306 319 1385 scios,
344 1306 403 1371 m's'i
423 1245 579 1395 pirbuturn
607 1305 854 1392 obstrictumque
879 1304 995 1370 meritis
1023 1304 1087 1369 suis
1116 1305 1293 1393 Principem

300 1415 382 1457 uros⁸
632 1431 636 1439 ι
677 1438 681 1443 .
862 1436 864 1441 .
1063 1438 1065 1443 .

229 1414 492 1544 pagllXXVllI.
517 1480 614 1543 Vetus
628 1501 664 1543 ac
673 1480 739 1567 jam
753 1479 875 1566 pridem
889 1476 979 1542 insita
992 1478 1174 1545 mortalibus
1187 1490 1296 1567 poten·

231 1562 285 1627 tiae
294 1562 410 1650 cupido
419 1585 491 1629 cum
503 1564 631 1653 Imperii
641 1565 855 1651 magnitudine
866 1564 1000 1628 adolevit
1009 1565 1184 1664 erupitque.
1210 1566 1292 1628 Nam

230 1648 324 1712 rebus
345 1648 482 1727 modicis,
553 1648 662 1714 ualitas
681 1651 772 1715 facile
788 1651 979 1715 habebatur:
1002 1650 1056 1715 sed
1076 1652 1141 1729 ubi,
1165 1650 1294 1715 subacto

229 1734 304 1820 orbe
317 1748 349 1798 et
368 1734 487 1799 aemulis
499 1758 539 1799 ur
559 1736 630 1800 ibus
645 1735 850 1823 [legibusque
863 1733 982 1813 excisis,
1001 1758 1122 1800 securas
1135 1758 1210 1823 opes
1223 1758 1305 1799 con-v

229 1819 385 1905 cupisoere
398 1838 532 1884 vacuum
545 1821 616 1897 fuit,
638 1822 738 1907 prima
759 1822 840 1886 inter
862 1820 972 1885 Patres
992 1820 1177 1908 plebemque
1198 1835 1305 1885 certa--

230 1905 314 1967 mina
342 1926 500 1969 exarsere:
534 1905 628 1969 modo
653 1906 824 1970 turbulenti
854 1905 1001 1981 Tribuni,
1026 1906 1120 1970 modo
1143 1904 1295 1970 Consules
1324 1912 1325 1916 ’

268 1987 400 2066 aevslidi,
417 2004 449 2053 et
469 1989 510 2053 in,
524 1990 602 2053 urbe
622 2012 659 2053 ac
676 1990 746 2055 foro
764 2005 954 2054 tentamenta
972 1990 1109 2053 civilium
1128 1990 1299 2055 bellorum,

229 2010 314 2138 lllox
334 2099 352 2138 e
373 2074 463 2172 plebe
483 2074 589 2138 infima
610 2074 647 2140 C.
671 2074 805 2153 Marius,
825 2086 856 2139 et
871 2074 1020 2138 nobilium
1042 2075 1225 2140 saevissimus
1250 2076 1290 2141 L.

230 2158 465 2240 subarratam
488 2160 582 2223 armis
606 2158 778 2224 libertatem
804 2160 835 2224 in
861 2159 1101 2224 dominationem
1124 2162 1293 2226 verterunt.

230 2248 308 2310 Post
321 2268 401 2331 quos
416 2248 474 2309 Cn.
490 2244 658 2332 Pompeius
671 2245 830 2325 occultior,
842 2268 904 2309 non
920 2244 1035 2309 melior.
1074 2246 1118 2311 Et
1132 2257 1294 2333 nunquam

229 2345 346 2429 postea,
361 2330 420 2393 nisi
434 2329 475 2395 de
489 2330 670 2417 Principotu
684 2332 859 2429 quaesitum.
895 2333 968 2395 Non
977 2330 1139 2396 discessere
1150 2333 1190 2396 ab
1201 2332 1294 2396 armis

228 2438 261 2479 ru
278 2416 437 2479 Pharsalia
456 2439 492 2480 ac
507 2415 661 2504 Philippis
674 2416 955 2504 civiumlegiones:
979 2416 1095 2480 nedum
1111 2417 1243 2483 Othonis
1257 2440 1293 2482 ac

229 2501 349 2567 Vitellii
362 2501 515 2567 exercitus
529 2516 638 2588 sponte
657 2503 788 2588 posituri
808 2501 926 2568 bellum
947 2501 1079 2567 fuerint:
1103 2503 1210 2568 eadem
1224 2503 1294 2568 illos

230 2589 337 2652 Deum
354 2587 408 2665 ira,
429 2587 537 2652 eadem
559 2588 719 2652 hominum
741 2589 852 2667 rabies,
874 2587 991 2652 eaedem
1011 2589 1157 2654 scelerum
1175 2613 1293 2654 oaussae

229 2672 262 2736 in
276 2673 459 2738 discordiam
468 2696 567 2758 egere.
592 2673 685 2751 Quod
696 2673 825 2760 singulis
836 2673 921 2738 velut
931 2673 1043 2738 ictibus
1055 2687 1207 2740 transacta
1220 2689 1293 2739 sunt

230 2757 322 2837 bolla,
342 2758 669 2845 ignaua-Principum
685 2760 803 2823 factum
825 2774 879 2824 est.
924 2758 986 2824 Sed
1008 2782 1057 2823 me
1079 2775 1218 2824 veterum
1240 2783 1294 2823 no-

229 2867 405 2931 vorumque
428 2844 549 2908 morum
575 2844 730 2930 reputatio
753 2843 877 2931 longius
902 2844 992 2908 tulit:
1015 2867 1098 2909 nunc
1123 2846 1163 2910 ad
1188 2869 1293 2910 rerum

228 2929 367 2994 ordinem
381 2929 480 2994 venio.
578 2966 582 2972 ·
648 2959 676 2972 ··

273 3015 455 3087 XXXIX.
497 3014 643 3092 Profecto
671 3013 844 3079 Brixellum
874 3013 1009 3092 Othone,
1037 3014 1137 3078 honor
1164 3015 1303 3100 Imperii-

270 3124 324 3166 nes
334 3100 497 3166 Titianum
508 3101 646 3179 fratrem,
659 3101 708 3164 vis
721 3124 758 3165 ac
772 3111 907 3188 potestas
920 3094 1015 3186 penes
1029 3100 1199 3168 Proculum
1209 3101 1301 3164 Prae..

228 3125 356 3251 ἔξω
411 3186 521 3250 Celsus
541 3200 573 3250 et
595 3185 768 3264 Paulliuus,
790 3208 862 3249 cum
883 3184 1050 3272 prudentia
1070 3191 1294 3250 eorumnemo

231 3285 382 3352 uteretur,
396 3271 480 3337 inani
494 3270 618 3335 nomine
626 3273 766 3352 Ducum,
779 3271 886 3336 alienae
902 3270 1002 3358 culpae
1010 3271 1295 3358 praetendebantur.

266 3511 301 3558 Ut
308 3511 470 3574 messarim]
478 3509 539 3572 Agr
546 3515 574 3557 ut
582 3512 744 3557 wnsenrerlm
780 3510 848 3558 Harl.
861 3506 948 3572 (Βωὶ.)
960 3499 1029 3556 boul
1041 3519 1064 3558 et
1074 3510 1125 3560 edd.
1138 3509 1244 3574 quedam
1256 3525 1294 3557 re-

235 3595 242 3606 ·
264 3576 452 3635 obstrictumque
466 3576 559 3622 muto
577 3576 628 3621 scis
643 3576 743 3622 Princi-
777 3577 892 3636 glbnsve3
904 3573 980 3622 male:
993 3575 1151 3622 nameturbes
1158 3575 1247 3622 aemuloe
1255 3573 1293 3622 fu-

223 3640 295 3703 pcm]
306 3640 360 3701 Ego
370 3638 447 3687 farere
456 3640 558 3686 moribus
568 3638 704 3702 preferamt
715 3647 743 3687 ut
780 3655 826 3698 ere,
839 3648 865 3686 ut
876 3637 1000 3701 Carthago,
1012 3648 1035 3686 et
1045 3639 1129 3701 Reges,
1141 3649 1168 3686 ut
1182 3637 1297 3686 Macedo-⁹

228 3703 323 3766 siu'qui
333 3717 379 3750 non
390 3702 526 3752 venissetad
542 3702 681 3766 Imperium,
697 3703 742 3750 nisi
781 3704 841 3751 nici:
859 3703 961 3766 praetulit
971 3713 1048 3750 tamen
1059 3703 1185 3751 Broterius
1202 3703 1273 3752 Bau.

228 3769 373 3829 Legatomm
384 3767 509 3816 etDucurn
518 3767 544 3814 hi
552 3781 626 3814 mores
635 3767 742 3825 luissent,
817 3767 995 3831 Vocuumfus't]
1012 3768 1027 3814 i.
1039 3782 1059 3815 e.
1076 3768 1130 3815 satis
1146 3769 1187 3815 otii
1202 3768 1248 3816 fuit
1264 3770 1294 3816 ab

226 3833 272 3880 nisi
283 3847 346 3889 etim,
357 3831 395 3879 cui
404 3831 478 3880 malos
487 3847 563 3879 mores
572 3838 595 3879 et
607 3831 741 3894 improbius-
780 3841 875 3879 externo
882 3832 913 3890 vi,
925 3841 952 3879 ut
962 3841 1053 3895 possent
1064 3832 1162 3896 cogitare
1172 3831 1201 3880 de
1211 3832 1293 3895 poten·
1366 3875 1368 3880 .

227 3908 276 3946 tem
297 3910 364 3943 suam
384 3896 499 3959 imputare
519 3905 617 3959 possent.
648 3897 740 3944 Gaon.
781 3897 813 3943 tia
828 3895 944 3958 augerida.
978 3896 1087 3944 Imitatus
1104 3907 1138 3946 est
1154 3896 1249 3946 Sallust.
1265 3899 1293 3945 fr.

227 3962 318 4009 Verum
327 3960 408 4008 vidisse
419 3960 562 4008 Gronovium
573 3970 639 4021 puto.
667 3962 742 4023 quue
771 3961 843 4008 flia
860 3963 910 4008 init.
925 3969 1048 4023 postquam
1063 3970 1150 4010 remoto
1166 3969 1229 4008 nutu
1241 3963 1295 4008 Pa.

227 4026 315 4074 habent
325 4024 461 4072 (tueltadd.
470 4024 561 4072 Puteol.
570 4025 677 4072 Beroald
687 4025 740 4072 Alc.
780 4027 840 4082 niro,
852 4027 982 4072 simultates
996 4041 1101 4074 exercere
1112 4041 1212 4074 vacuom
1220 4028 1294 4088 solt.-

228 4092 331 4138 Mnus:
342 4089 403 4136 Flor.
415 4088 477 4136 Bud.
488 4089 548 4150 Agr.
556 4087 606 4135 edd.
618 4105 652 4152 pr.
664 4089 742 4137 Rhen.
781 4089 822 4136 ubi
833 4089 877 4137 vid.
891 4090 955 4136 Gort.
966 4091 1028 4138 Vett.
1041 4090 1116 4138 Gloss.
1134 4105 1243 4148 vacuum,
1262 4091 1295 4136 ιῖ-

228 4170 292 4218 seqq.
302 4168 390 4202 omnes.
414 4153 519 4200 Verbum
526 4154 670 4211 mertuum,
679 4152 743 4217 quod
782 4171 861 4214 καιρον.
878 4154 950 4203 Bitu.
968 4156 1006 4203 ste
1019 4155 1057 4216 13,
1069 4158 1091 4204 3.
1102 4157 1184 4217 quibus
1194 4157 1294 4202 otiosum

228 4219 322 4266 solenne
330 4228 364 4266 est
373 4218 398 4264 in
409 4216 525 4265 beneficiis
534 4231 561 4264 aa
573 4218 667 4273 metitis,
679 4217 743 4265 vitle-
782 4224 823 4264 est.
1297 4237 1300 4246 ·

228 4283 340 4330 turhanc
355 4283 475 4330 lectionem
491 4281 609 4345 pepertse.
643 4283 743 4329 Utrum·
817 4283 915 4334 Otboulr
930 4299 957 4330 or
975 4286 1036 4349 Vra]
1056 4283 1132 4346 Ryck.
1146 4297 1158 4328 e
1171 4281 1219 4328 cod.
1233 4279 1294 4340 Agr.

228 4346 620 4411 queverbumbooamsententism
632 4345 744 4404 faciasol
785 4347 838 4395 ΟεΙιἸ
851 4356 893 4396 aot
908 4351 955 4396 Vll.
998 4399 1003 4404 ,

230 4413 334 4459 moribus
344 4411 503 4458 venustiorem
520 4411 591 4458 Rau.
816 4413 905 4460 Eadem
924 4415 977 4459 illos
998 4414 1076 4458 Deum
1100 4408 1150 4471 tra]
1174 4406 1297 4454 Facessant

250 4510 253 4519 .
265 4476 368 4524 Urbibus
379 4475 540 4538 Regiburque]
557 4475 628 4524 MSS.
641 4475 747 4540 quithra,
785 4478 901 4539 ergaqul
913 4475 1021 4542 Tacitum
1032 4473 1156 4537 impietatis
1166 4471 1278 4518 incusant.
