3059 4975
268 256 298 296 r.
312 256 338 295 ο.
351 240 411 313 ra]
622 239 698 299 ns.
719 238 760 301 11.
780 239 867 300 oar.
889 240 937 310 ss,
952 236 1000 301 t7.
1280 240 1353 297 rsa

269 400 475 487 praesentibus
505 402 674 482 frueretur,
707 424 765 470 neo
792 402 827 466 in
856 401 982 489 longius
1013 399 1200 479 consultans,
1232 398 1339 473 novies

270 486 380 551 millies
390 489 575 568 sestertium,
589 488 782 588 paucissimis
794 488 963 567 mensibus,
973 487 1180 552 intervertisse
1190 484 1336 549 creditur.

272 574 393 659 Magna
411 588 443 639 et
456 576 567 639 misera
580 575 699 653 civitas,
714 574 822 639 eodem
841 596 922 639 anno
937 574 1098 639 Othonem
1113 572 1339 658 Vitelliumque

270 680 371 745 passa,
384 659 466 724 inter
479 661 597 740 Vinios,
610 661 734 738 Fabios,
750 660 859 739 Icelos,
875 660 1040 737 Asiaticos,
1052 658 1138 723 varia
1148 673 1180 723 et
1191 657 1339 745 pudenda

271 759 394 809 sortes
432 747 508 822 bat:
541 747 640 811 donec
662 768 832 810 successere
857 746 1028 811 Mucianus
1048 757 1081 809 et
1100 743 1282 823 Marcellus,
1307 754 1340 807 et

272 830 373 915 magis
417 831 438 894 ii
452 832 602 911 homines,
617 855 713 919 quam
727 831 779 895 alii
794 854 905 895 mores.

314 915 440 981 XCVI.
455 918 563 981 Prima
571 917 701 984 Vitellio
712 924 734 957 “
746 917 846 982 tertiae
859 916 888 981 le
912 916 989 981 ‘onis
1002 915 1154 981 defectio''
1163 915 1338 995 nuntiatur,

271 1000 371 1065 missis
391 1003 433 1067 ab
454 1001 582 1090 Aponio
607 1002 775 1069 Saturnino
800 1002 935 1089 epistois
970 1016 1138 1089 antequam
1162 1003 1189 1067 is
1211 1023 1342 1101 quoque

272 1088 453 1174 Vespasiani
485 1090 628 1175 partibus
665 1088 899 1187 adgregsretur.
960 1088 1021 1153 Sed
1057 1110 1160 1175 neque
1191 1088 1339 1188 Apomus

272 1188 396 1252 cuncta,
418 1186 455 1238 ut
476 1176 635 1275 trepidans
655 1198 690 1239 re
711 1177 824 1253 subita,
846 1174 1075 1263 perscripserat,
1098 1188 1130 1238 et
1149 1172 1240 1238 amiel
1261 1172 1341 1237 adu-

272 1258 371 1323 lantes
384 1259 508 1325 mollius
521 1262 824 1349 interpretabantur:
850 1268 871 1299 ‘⁶
882 1260 977 1325 unius
990 1260 1119 1347 legionis
1133 1280 1202 1324 eam
1216 1258 1341 1323 seditio-

272 1366 353 1424 nem,
375 1346 485 1411 ceteris
506 1347 694 1411 exercitibus
713 1359 859 1411 constare
876 1347 1000 1411 fidem.”
1044 1348 1085 1411 In
1106 1346 1190 1410 hunc
1209 1344 1341 1409 modum

273 1430 365 1494 etiam
379 1432 527 1497 Vitellius
540 1433 627 1519 apud
641 1433 753 1497 milites
766 1433 922 1512 disseruit,
942 1432 1151 1497 Praetorianos
1167 1452 1269 1519 nuper
1284 1454 1342 1495 ex-

273 1530 449 1581 auctoratos
461 1519 640 1597 insectatus,
656 1525 679 1557 ‘⁶
693 1542 713 1582 a
726 1519 843 1605 quibus
856 1518 949 1583 falsos
965 1540 1106 1582 rumores
1119 1516 1267 1605 dispergi,
1283 1538 1342 1581 neo

274 1600 375 1666 ullum
388 1604 486 1669 civilis
499 1603 573 1670 belli
592 1606 741 1683 metum,''
754 1604 966 1683 adseverabat,
981 1626 1146 1703 suppresso
1160 1602 1341 1690 Vespasiani

274 1689 408 1769 nomine,
425 1701 457 1756 et
475 1690 566 1777 vagis·
581 1714 640 1777 per
661 1691 771 1755 urbem
796 1689 956 1768 militibus,
981 1712 1037 1775 qul
1059 1710 1213 1755 sermones
1231 1686 1342 1777 populi

274 1788 464 1841 coercerent:
486 1776 518 1839 id
534 1776 730 1863 praecipuum
743 1776 925 1839 alimentum
939 1774 1032 1839 famae
1050 1788 1127 1839 erat.

318 1858 460 1927 XCVII.
482 1861 616 1925 Auxilia
636 1876 740 1925 tamen
759 1884 777 1925 e
800 1861 969 1925 Germania
988 1860 1213 1945 Britanniaque
1232 1872 1263 1923 et
1281 1858 1342 1923 Hi-

275 1945 390 2031 spaniis
403 1946 526 2024 excivit,
542 1946 688 2033 segniter,
703 1959 735 2010 et
747 1946 958 2010 necessitatem
973 1944 1176 2009 dissimulans.
1207 1944 1343 2010 Perinde

276 2032 390 2117 Legati
404 2031 634 2133 provinciisque
647 2033 892 2097 cunctabantur:
916 2030 1119 2095 Hordeonius
1133 2029 1275 2110 Flaccus,
1292 2053 1343 2094 su-

275 2118 387 2202 spectis
404 2141 471 2206 Jam
494 2118 632 2198 Batavis,
647 2118 760 2182 anxius
782 2117 909 2216 proprio
929 2116 1023 2195 bello,
1038 2116 1169 2181 Vectius
1191 2114 1341 2195 Bolanus,

275 2224 437 2289 nunquam
451 2203 524 2268 satis
538 2202 645 2291 quieta
658 2204 839 2279 Britannia:
862 2217 894 2267 et
912 2215 983 2267 uter
1005 2225 1046 2266 ue
1059 2202 1141 2267 ambi
1166 2200 1219 2267 ui:
1241 2226 1343 2290 neque

275 2311 314 2351 ex
338 2290 500 2376 Hispaniis
520 2291 756 2377 properabatur,
779 2290 866 2354 nullo
888 2304 957 2354 tum
978 2226 1022 2352 ihi
1042 2289 1126 2353 Cons
1160 2288 1222 2353 ari:
1247 2288 1343 2353 trium

275 2372 433 2459 legionum
448 2377 573 2462 Legati,
591 2400 681 2465 pares
702 2377 770 2441 'ure
789 2392 831 2457 et,
850 2373 1005 2463 prosperis
1019 2372 1139 2439 Vitellii
1155 2374 1260 2454 rebuS,
1279 2396 1344 2438 cer-

276 2462 371 2524 taturi
384 2463 426 2527 ad
447 2462 643 2549 obsequium,
665 2401 828 2528 adversam
850 2462 920 2551 ejus
941 2460 1098 2527 fortunam
1121 2484 1160 2526 ex
1181 2483 1275 2548 aequo
1289 2459 1344 2525 de·

275 2550 458 2616 tractabant.
502 2549 541 2614 In
556 2549 666 2614 Africa
688 2549 770 2648 legio
794 2549 1007 2636 cohortesque,
1033 2547 1161 2612 delectae
1187 2571 1207 2612 a
1231 2547 1346 2612 Clodio

275 2634 398 2714 Macro,
413 2659 487 2700 mox
504 2659 524 2699 a
538 2636 642 2700 Galba
661 2636 804 2712 dimissae,
826 2658 935 2700 rursus
952 2638 1043 2720 jussu
1058 2633 1179 2699 Vitellii
1201 2633 1343 2698 militiam

275 2741 400 2806 cepere:
425 2721 517 2786 simul
529 2734 631 2786 cetera
641 2723 793 2809 juventus
803 2722 899 2788 dabat
912 2721 1046 2809 impigre
1056 2719 1201 2785 nomina:
1225 2721 1344 2808 quippe

308 2956 795 3022 Novissmitlieasrstsrtimn18idotriusin
827 2957 896 3006 efficit
915 2958 1070 3019 quinquagies
1083 2970 1127 3004 ns.
1139 2957 1187 3006 sive
1199 2963 1292 3006 oratam
1307 2959 1344 3006 oi·

260 3022 364 3084 ,Panem
383 3022 414 3069 ad
435 3023 602 3084 Maiorianum,
624 3022 688 3071 abire
703 3023 734 3071 ab
750 3022 795 3070 hac
824 3023 993 3084 giatiquiaqas
1003 3023 1080 3068 millia
1091 3021 1257 3086 Bhilippicum,
1272 3038 1347 3086 prope

276 3101 369 3133 stimma
389 3085 487 3147 videtur,
509 3087 551 3134 ubi
572 3087 629 3135 vitis
649 3087 794 3150 singulorum
826 3085 1024 3149 adXiphilinum.
1049 3085 1121 3146 Quod
1129 3085 1179 3134 siin
1187 3101 1223 3146 eo,
1231 3101 1345 3150 promote

276 3150 413 3214 Principum
423 3165 551 3208 recensens,
562 3150 592 3199 de
601 3150 645 3198 isto
659 3151 692 3198 ait
702 3167 724 3198 v.
736 3153 793 3199 325.
826 3161 849 3200 et
860 3151 979 3200 sommum
989 3165 1100 3211 ammom,
1110 3153 1183 3212 quino
1191 3151 1347 3201 irritltcsdum—¹

275 3222 359 3278 -poet
381 3217 465 3276 quinta
487 3213 572 3263 Vitelli
591 3217 686 3275 Mansa,
701 3216 795 3278 flammi
826 3215 982 3279 taratcapias,
993 3215 1061 3264 idest
1071 3219 1144 3277 quina
1152 3229 1194 3264 trs.
1203 3217 1345 3280 quantulum

275 3282 458 3328 amarissimam
466 3281 582 3327 barathro.
594 3279 678 3339 Valde,
687 3279 794 3343 inquam,
826 3280 873 3328 sint
881 3283 892 3328 i
899 3287 992 3327 centum
1000 3283 1191 3342 utgtsrttquinqus
1198 3282 1343 3344 Philippicis

275 3345 332 3405 abit,
344 3345 403 3393 side
413 3354 462 3393 tota
472 3346 523 3405 ejus
533 3345 613 3408 sagina
627 3355 651 3393 et
664 3345 724 3392 luxu
735 3344 795 3392 aoei-
826 3344 959 3392 ridimlum.
977 3344 1050 3392 ers.
1077 3345 1139 3394 Vide
1154 3345 1345 3394 PeeunieVete·

274 3410 326 3473 pis:
343 3409 407 3474 quod
417 3424 464 3458 non
475 3410 605 3469 nehmiae
618 3408 693 3474 magis
706 3409 796 3457 desin-
826 3409 857 3456 ris
868 3409 892 3468 3,
905 3409 927 3454 6.
940 3411 998 3466 eti,
1010 3411 1032 3455 6.
1064 3409 1154 3456 Gnon.
1189 3411 1345 3458 Novissmit·

275 3475 394 3537 galeribus
418 3474 501 3538 epulis,
525 3483 549 3522 et
570 3473 634 3539 quod
656 3481 748 3522 tantam
769 3474 795 3522 in
827 3475 869 3521 lias
885 3485 928 3520 Hs.
944 3473 1083 3536 respondent
1099 3474 1269 3535 monsontio,
1288 3474 1342 3524 libr.

275 3541 356 3601 paucis
374 3539 463 3604 aliquot
478 3539 557 3588 ooenis.
587 3539 726 3604 xiphilinus
741 3538 795 3602 qui·
826 3537 909 3586 Fraus.

275 3603 329 3652 dem
340 3621 370 3653 ex
380 3604 459 3653 Dione
472 3607 512 3665 65,
529 3606 553 3654 4.
569 3605 648 3660 ὀλίγων
662 3608 746 3663 ἡμερῶν
763 3603 794 3649 δι·
858 3603 1004 3668 Marcellus]
1013 3603 1113 3665 Eprius.
1123 3600 1160 3650 Gi
1168 3601 1201 3650 A.
1212 3603 1251 3664 16,
1260 3604 1300 3652 22.
1309 3605 1349 3654 Η.

277 3671 396 3729 sassures,
412 3671 489 3716 turris
506 3672 537 3722 sir
552 3669 578 3716 rb
594 3669 674 3714 istm»
689 3666 795 3727 μυριάδας
826 3668 851 3729 l,
862 3669 879 3716 6
890 3677 913 3716 et
923 3667 963 3714 43.
1372 3675 1374 3680 ’

276 3732 398 3792 ἀναλῶσαι,
415 3734 556 3797 muscripsit,
572 3749 626 3798 qua
640 3740 696 3780 sunt
709 3730 795 3779 latine
858 3734 963 3780 Mettius
971 3732 1196 3798 interpretabantur]
1207 3732 1345 3784 Siodaoon-

277 3798 419 3859 quadragr'sr
440 3812 493 3856 us:
516 3799 584 3847 nobis
604 3804 698 3845 reatem
716 3797 794 3843 mima
824 3799 914 3860 iectura
936 3797 1008 3846 edidit
1023 3797 1160 3858 Rhenanus,
1177 3799 1248 3862 idque
1264 3813 1348 3848 omnes

277 3859 468 3924 Philippicorum.
491 3863 551 3911 Tale
561 3871 585 3911 et
596 3861 721 3910 Suetonius
732 3860 794 3908 indi·
826 3861 898 3911 secuti
910 3869 978 3910 sunt:
990 3862 1172 3911 firmaturamlo
1181 3864 1244 3912 Flor.
1253 3864 1273 3913 si
1281 3866 1345 3929 Ryo·

175 3932 176 3937 ’
276 3933 314 3973 cat
323 3941 344 3973 c.
356 3927 393 3973 13.
399 3941 460 3974 'cum
468 3929 711 3989 singulosopparatar
718 3927 794 3972 domi-
825 3927 866 3976 lrio
876 3926 948 3990 fides:
965 3926 990 3974 ia
1001 3929 1068 3990 cujus
1081 3927 1136 3975 MS.
1148 3937 1197 3976 erat
1210 3931 1293 3976 melius
1308 3945 1345 3977 so-

275 3993 322 4050 nis,
337 3993 593 4051 arremarensibus,
606 3993 737 4039 conditam
747 4005 796 4038 son
825 3991 868 4039 lits
884 3992 1024 4051 confusione,
1042 3992 1071 4041 de
1085 4007 1133 4056 qua
1150 4009 1218 4057 supra
1235 3994 1344 4041 vidimus.

276 4059 356 4103 miuus
366 4059 537 4118 quadrisgeair
548 4069 593 4104 ns.
603 4056 698 4113 asserit:
714 4056 740 4104 id
750 4064 793 4115 est,
826 4055 1033 4104 misnenses,
1042 4056 1346 4122 (seruantissimum.

277 4121 350 4168 decies
366 4123 432 4169 mitta
452 4121 603 4197 Pnilippicis:
629 4121 669 4168 sed
689 4122 793 4181 observa,
859 4121 1347 4187 Militiamcepsre]SiosFlor.rectissime

276 4186 388 4245 dogm
412 4185 795 4250 Sidoniusrgiturinsingulisillis
826 4186 925 4235 restituit
934 4187 961 4236 J.
971 4187 1108 4236 Gronovius
1134 4185 1345 4236 &nsenfitGuelh

276 4248 387 4308 millibus,
399 4249 456 4298 dum
468 4255 541 4314 quina
549 4260 698 4308 annumerat,
708 4249 794 4296 intelli-
827 4251 916 4300 Omnes
926 4261 994 4300 antes
1004 4251 1056 4301 edd.
1067 4265 1155 4314 coepsrr
1165 4259 1263 4309 servant,
1275 4248 1349 4300 nimis

275 4312 414 4374 ghramm
422 4329 465 4364 ns.
471 4325 554 4364 neutro
561 4319 599 4381 (ut
607 4329 659 4363 cum
670 4314 794 4362 Granoia-
826 4316 952 4380 patienter:
973 4333 1026 4365 cum
1042 4316 1079 4364 vel
1089 4317 1138 4363 sine
1150 4315 1215 4363 libris
1229 4314 1345 4378 aordgen.

277 4377 328 4426 ticis
349 4377 436 4440 dicam)
458 4396 556 4442 genere:
585 4390 656 4444 atque
676 4379 710 4427 ita
732 4379 796 4439 juste
827 4379 963 4429 dumessst.
994 4381 1102 4430 Omnino
1113 4379 1229 4442 sepehssc
1238 4379 1284 4431 duo
1293 4395 1345 4430 ver-
