3059 4975
218 276 253 331 12
442 337 444 340 ¹
604 262 906 331 HISTORIARUM
1146 264 1193 339 [A.
1203 282 1233 325 u.
1248 267 1316 325 822.

216 432 371 520 Cingonio
385 434 534 509 Varrone,
553 430 690 495 Consule
706 430 878 516 designato,
899 442 930 493 et
947 428 1094 493 Petronio
1109 427 1310 515 Turpiliano,

216 517 398 584 Consulari:
422 518 485 594 ille,
504 530 541 581 ut
556 515 745 604 Nymphidii
759 514 870 593 socius,
890 514 950 592 hic,
968 528 1005 577 ut
1019 514 1085 577 dux
1101 513 1248 593 Neronis,
1264 515 1311 578 irr-

214 605 315 669 auditi
339 617 435 690 atque
459 602 621 679 indefensi,
647 617 816 688 tamquam
829 600 1017 677 innoeentes,
1041 600 1206 687 perierant.
1255 602 1310 663 In-

214 690 327 755 troitus
340 689 373 752 in
388 689 509 766 urbem,
525 687 686 751 trucidatis
701 699 748 751 tot
762 685 903 751 millibus
913 686 1078 749 inermium
1097 684 1242 764 militum,
1263 684 1310 749 in-

213 777 336 841 faustus
348 774 461 853 omine,
475 787 571 859 atque
589 772 671 859 ipsis,
682 772 786 851 etiam,
807 772 862 857 qui
876 770 1062 849 occiderant,
1080 770 1307 837 formidolosus

214 862 349 926 Inducta
371 859 491 946 legione
514 858 668 945 Hispana,
690 871 867 921 remanente
887 880 932 935 ea,
957 880 1051 943 quarn
1071 880 1089 920 e
1108 856 1202 921 classe
1222 858 1308 921 Nero

213 946 445 1032 conscripserat,
469 944 562 1031 plena
585 945 660 1008 urbs
684 942 822 1007 exercitu
844 942 984 1007 insolito:
1015 942 1106 1019 multi
1128 942 1228 1007 adhoc
1249 965 1309 1007 nu-

213 1032 291 1097 meri
314 1055 333 1095 e
355 1030 526 1096 Germania
545 1054 581 1093 ac
604 1028 766 1093 Britannia
786 1043 818 1093 et
839 1028 977 1115 Illyrico,
1001 1051 1081 1115 quos
1102 1027 1186 1091 idem
1205 1028 1305 1108 Nera,

212 1118 325 1182 electos
340 1116 578 1204 praemissosque
597 1115 639 1179 ad
657 1113 793 1178 claustra
813 1115 875 1177 Cas
897 1114 1009 1192 iarum,
1027 1128 1059 1177 et
1072 1112 1200 1191 bellum,
1219 1116 1306 1201 quod

212 1203 245 1267 in
266 1202 405 1269 Albanos
420 1202 561 1287 parabat,
580 1199 790 1286 opprimendis
805 1136 943 1263 Vindicis
959 1199 1068 1285 eoeptis
1087 1213 1298 1264 revocaverat:

212 1288 321 1375 ingens
339 1286 429 1353 novis
447 1288 541 1351 rebus
554 1284 693 1363 materia,
708 1298 821 1351 utnon
835 1284 868 1349 in
883 1306 981 1351 unum
996 1284 1130 1373 aliquem
1146 1307 1246 1373 prono
1260 1286 1303 1349 fa·

212 1397 297 1454 vore,
311 1373 357 1438 ita
368 1372 497 1437 audenti
511 1385 631 1459 parata.

214 1591 218 1600 ⁴
245 1590 363 1653 Cingonio
375 1589 494 1655 Varrone]
512 1588 550 1638 Ita
564 1589 690 1638 scribamus
702 1590 742 1653 ju·
774 1587 858 1638 sordes
884 1583 950 1649 Quid
969 1588 1031 1638 enirn
1051 1586 1110 1637 illud
1127 1596 1170 1649 est,
1193 1591 1263 1638 narsiti
1281 1596 1304 1638 et

211 1658 251 1705 bet
267 1656 404 1715 Vaticanus,
424 1655 465 1720 qai
486 1670 533 1702 nou
551 1656 618 1703 aliter
636 1656 743 1703 nominat
774 1656 916 1702 innumeri?
952 1654 1072 1703 Adstricto
1099 1662 1176 1702 nostro
1200 1655 1304 1718 scriptori

210 1731 235 1769 et
250 1720 397 1779 Plutarchus,
418 1720 456 1767 cui
477 1735 497 1767 c.
516 1720 554 1766 14.
575 1729 609 1767 est
630 1722 742 1778 Κιιγώιιος
773 1719 829 1766 satis
854 1727 911 1777 erat,
936 1720 1011 1779 credo,
1036 1719 1142 1767 alterurn.
1186 1718 1303 1767 Ferrettus

210 1787 305 1847 Βάῤῥωι.
333 1784 414 1833 Sedin
427 1783 504 1831 Taciti
514 1784 615 1846 vulgatis
629 1783 699 1831 etiam
712 1783 742 1830 li·
773 1782 919 1843 emendabat,
947 1785 1034 1832 milites
1057 1785 1088 1831 ed
1111 1786 1153 1831 hoe
1175 1784 1303 1831 innumeri.

209 1850 257 1897 bris
273 1848 306 1895 ita
319 1848 471 1912 perscriptum
482 1848 516 1896 A.
530 1850 568 1907 14,
580 1850 620 1895 45.
639 1848 740 1897 Cannae·
773 1848 826 1910 Ego
849 1846 966 1895 verissime
992 1862 1021 1895 ex
1045 1848 1179 1895 Parnesiani
1202 1848 1303 1910 vestigiis

209 1921 249 1962 rat
262 1915 395 1975 Cingonius
410 1914 484 1959 Varro
497 1914 740 1974 Corunlderignatns.
773 1913 844 1960 mrrltl
859 1913 890 1959 cni
904 1912 947 1959 hee
961 1914 1064 1959 nameri-
1099 1912 1139 1959 Aa
1155 1914 1205 1972 hec,
1224 1913 1303 1960 Sellu-

209 1977 453 2041 Estautamhicipse.
471 1977 547 2025 ers.
574 1976 740 2039 Antiquaodd.
773 1976 876 2025 stianum
893 1984 941 2023 est:
968 1983 992 2023 et
1006 1976 1074 2035 valet,
1092 1976 1171 2035 etiarn,
1184 1985 1302 2041 praterea.

208 2042 275 2090 lectio
287 2044 392 2097 cnonas,
403 2042 507 2090 uthabet
517 2042 587 2088 etiam
598 2040 653 2089 MS.
665 2039 742 2098 (Bud.
772 2040 808 2088 At
822 2055 932 2087 numeres
949 2039 987 2087 hic
1001 2040 1066 2103 capio
1082 2040 1192 2099 cohortes,
1208 2056 1300 2102 manus,

209 2106 418 2162 arduennae.
435 2105 529 2153 Inloco
539 2103 740 2153 uaexAnnAt.
771 2104 871 2154 vexilla:
897 2103 1010 2152 crebrum
1029 2103 1054 2150 id
1076 2104 1139 2152 verbi
1160 2107 1204 2153 sub
1225 2122 1302 2155 avum

209 2170 514 2231 deleCorrenlden'gnetas.
773 2167 858 2227 Taciti,
871 2183 898 2215 eo
915 2182 990 2215 sensu.
1025 2168 1115 2216 Plinius
1129 2169 1195 2231 epist.
1210 2169 1249 2229 10,
1261 2171 1301 2219 38.
1332 2188 1334 2193 ’

244 2237 356 2284 Petronio
368 2231 520 2295 Turpiliano]
537 2231 587 2290 Qui
599 2232 687 2280 Consrrl
694 2230 741 2279 fuit
771 2230 800 2279 de
813 2232 940 2280 tironibusr
959 2234 1062 2281 nondum
1077 2234 1199 2282 distributi
1215 2236 1242 2281 in
1256 2251 1302 2283 nn.

208 2315 266 2349 au.
279 2300 335 2347 814.
365 2296 520 2345 Plutarchum
537 2310 629 2358 sperno,
648 2296 695 2344 sive
709 2296 739 2342 li·
771 2304 932 2345 merererant.
966 2297 1083 2361 Ulpianus
1095 2298 1113 2345 1.
1124 2298 1146 2346 1.
1162 2298 1196 2347 D.
1210 2298 1239 2346 de
1254 2298 1300 2361 his,

207 2365 319 2423 brarium,
336 2362 361 2409 in
376 2377 423 2425 quo
436 2376 456 2409 c.
470 2362 507 2408 15.
523 2362 694 2425 Τιρτιυλλιιιιὸς
703 2360 740 2407 (11-
771 2361 812 2424 qui
835 2369 945 2409 notantur
963 2361 1074 2411 infamias
1103 2366 1233 2411 exereitum
1254 2380 1300 2412 nen

208 2429 278 2477 einis.
301 2428 377 2475 lans.
771 2440 844 2473 anam
855 2426 971 2475 cohortem
981 2442 1053 2490 neque
1064 2429 1127 2474 alem
1137 2429 1247 2487 dietmar,
1261 2432 1301 2477 sed

240 2491 507 2555 DaaNeronn1Non
521 2498 597 2552 potest
610 2490 739 2554 plsoereil-
770 2505 880 2538 numeres
893 2495 979 2540 multos
994 2495 1108 2542 militnm.
1141 2494 1208 2542 Idem
1224 2495 1240 2541 1.
1256 2509 1299 2542 un.

206 2559 250 2606 lud
260 2561 322 2606 Dua
333 2558 449 2606 Neronis,
475 2557 569 2614 Putem,
582 2556 629 2614 nic,
640 2557 739 2616 ntfldne
770 2554 802 2602 D.
811 2556 840 2604 de
851 2557 905 2603 bon.
915 2571 975 2620 poss.
986 2572 1016 2604 ex
1025 2566 1076 2606 test
1088 2557 1138 2604 mil.
1150 2561 1224 2620 etquis
1235 2561 1300 2606 matt-

105 2616 113 2629 *
208 2625 324 2671 Neronis.
348 2623 434 2684 Neque
443 2620 510 2668 aliter
519 2619 739 2677 Plutarchuscl'l.
771 2625 822 2668 inm
841 2635 870 2668 ex
889 2623 936 2666 alto
955 2637 1053 2669 naneere
1074 2625 1204 2671 translatas
1223 2626 1256 2672 sit
1272 2627 1299 2672 in

207 2687 315 2737 hahuisse
330 2686 429 2744 videtur,
445 2685 509 2750 quod
524 2683 638 2732 reddidit:
656 2683 691 2730 ὅτι
706 2689 738 2743 μὴ
770 2687 853 2732 altam.
884 2685 948 2733 Suet.
959 2685 1056 2750 Vespas.
1069 2687 1124 2735 aa.
1140 2695 1163 2736 et
1177 2691 1299 2750 tenachal-

207 2752 323 2816 enneae,
339 2750 385 2796 erili
400 2751 470 2809 ἓμίσιι
487 2749 523 2794 sl·
536 2750 629 2806 ἡγεμόνα
645 2751 738 2796 sennen
770 2750 823 2796 dem
834 2763 964 2812 compressa
975 2765 1013 2798 res
1023 2757 1065 2810 est,
1077 2754 1191 2800 revoca-tis
1204 2755 1235 2800 ad
1250 2756 1299 2815 effi-

207 2816 267 2873 i'sra,
276 2813 413 2876 precinente,
424 2811 483 2860 ἄλλο
494 2811 516 2858 di
526 2811 580 2874 μηδὶ
589 2812 612 2858 tv
622 2812 680 2871 μέγα
692 2813 738 2860 ἄδι·
770 2815 834 2862 nam
842 2816 957 2872 numeris,
965 2830 1104 2878 parumper.
1123 2815 1265 2865 Claudianus
1273 2818 1298 2865 in

206 2875 736 2992 graecdelrihasss.2flpgtti⁹l{lgttgu⁶tandum0
768 2877 874 2941 Epithal.
885 2879 1027 2927 Palladii&
1060 2883 1298 2992 Regtmumffrctctat

238 2943 673 3070 heiriqiiienninieceitniaoierantj
691 3006 737 3054 Ni·
768 2952 1299 3072 gpssrpgiufflgoffitgenggaeappghpauelpntcigi

205 3073 242 3121 hil
256 3073 339 3121 melius
352 3071 461 3135 vulgato:
479 3079 579 3118 etmens
591 3071 656 3130 ejus:
674 3070 737 3118 haud
769 3086 850 3120 venere
860 3073 930 3120 etiem
939 3071 996 3136 ipsae
1006 3072 1113 3136 legiones.
1138 3073 1298 3124 Aecredohoa

205 3138 262 3199 scio,
274 3137 373 3185 annihil
383 3135 514 3201 paeana
531 3143 599 3194 certe,
614 3142 642 3180 ut
654 3135 737 3195 solent,
769 3136 896 3184 Summano
918 3137 1025 3186 scribenti
1047 3139 1070 3186 1.
1084 3139 1108 3186 8.
1139 3139 1171 3184 Tel
1186 3139 1297 3198 Ῥωμαίων

206 3202 248 3266 qui
268 3202 328 3249 nihil
348 3208 480 3264 paccamnl,
502 3215 518 3247 a
534 3198 638 3262 tyrannis
653 3199 736 3260 occidi,
768 3201 885 3260 τάγματα,
905 3201 921 3248 ἃ
941 3204 973 3249 νῦν
989 3202 1092 3265 ἀριθμοὺς
1111 3205 1223 3250 καλοῦσιν.
1258 3203 1298 3250 Ac

205 3263 737 3380 sihmhmhlimmh
769 3263 976 3378 tarthan
987 3267 1110 3380 ’.11111
1121 3265 1297 3379 rm

206 3395 328 3444 Acidaliae
345 3408 487 3456 qmneqaam
504 3344 643 3441 tridentes.
682 3360 737 3456 agi
768 3395 885 3456 imperare
909 3401 1011 3457 armaret,
1036 3345 1141 3458 qnedgii
1160 3365 1203 3444 'vel
1224 3349 1297 3444 anias

206 3460 344 3508 alterutrum
357 3459 461 3523 probem.
495 3457 561 3506 Nam
575 3457 634 3506 ratio
644 3457 737 3506 Grono-
768 3460 863 3506 amnesi
879 3473 1002 3506 contenent
1019 3463 1143 3518 arcedmt,
1160 3475 1233 3522 neque
1247 3463 1297 3524 ipre

206 3524 275 3572 dana
285 3534 319 3572 est
329 3523 400 3572 nimis
412 3530 502 3586 arguta·
536 3522 583 3572 Sed
593 3537 737 3584 qaanrqnam
767 3529 895 3580 recusaret,
911 3531 935 3572 et
951 3538 1030 3572 omnes
1047 3526 1197 3588 cupidissime
1215 3528 1241 3573 id
1252 3527 1297 3589 se.

205 3589 355 3655 praetulerim·
385 3587 450 3635 Illud
465 3594 578 3650 tanquam
592 3589 642 3648 jam
659 3587 735 3636 estin
766 3593 853 3634 carent.
872 3586 1297 3654 Quinnosteripse'l'acitushacvoce

206 3661 241 3702 at.
260 3655 333 3702 Ena.
367 3655 492 3714 Tanquam
501 3650 683 3700 benesehabea
697 3651 737 3701 Cf.
766 3649 1123 3716 iterumusus‚inAgrieota18.
1147 3655 1297 3716 Quemquam

206 3717 270 3766 Plin.
281 3733 318 3782 ep.
327 3718 353 3778 4,
366 3716 408 3765 11.
418 3717 449 3764 de
459 3714 569 3766 Cornelia
583 3715 673 3779 virgine
686 3715 737 3765 Ve-
766 3722 887 3766 transacta
900 3723 974 3777 astar,
995 3721 1073 3780 sparsi
1085 3733 1130 3781 per
1145 3722 1297 3780 prouinciam

205 3783 267 3831 mli,
766 3782 869 3832 atanasi.
885 3782 945 3830 Haec
953 3781 1046 3846 quidem
1058 3784 1297 3845 probsetcertarsed

242 3849 287 3896 Tot
303 3846 421 3914 mattam]
442 3845 556 3895 Classicus
572 3844 690 3909 intelligit,
706 3845 744 3894 de·
763 3843 822 3896 illex
832 3845 876 3894 ista
886 3845 958 3894 libido
968 3855 1128 3906 conectorum,
1141 3846 1221 3910 ignara
1231 3849 1297 3913 quie·

205 3911 374 3977 quibusc37.
765 3909 1023 3962 scematiaminoertis.
1047 3912 1297 3977 Itaquerescribitqui-

240 3977 319 4033 Quum
333 3993 346 4026 e
358 3979 437 4025 casae
445 3976 528 4039 Nero]
549 3975 607 4024 Jam
625 3972 682 4022 olim
701 3974 736 4023 le-
766 3973 830 4036 dam,
845 3977 916 4023 multi
928 3977 960 4024 aa
972 3977 1014 4024 hee
1025 3978 1160 4024 innumera:
1177 3976 1202 4024 id
1210 3977 1297 4037 estin-

204 4040 285 4104 giones
297 4043 417 4100 Classica,
427 4040 448 4089 si
458 4039 562 4088 nummis
571 4039 638 4099 fides,
648 4039 674 4086 in
682 4039 737 4104 qui·
765 4040 826 4104 quit,
838 4039 911 4105 quiin
920 4055 1030 4090 numeros
1039 4041 1184 4105 legionesque
1191 4042 1297 4090 nondum

205 4107 250 4154 bus
260 4106 340 4155 videor
358 4119 426 4154 sur,
437 4119 503 4154 suo.
517 4115 735 4154 111.v11s.a.1².c.
766 4103 840 4153 relati.
863 4105 989 4154 Acumen!
1004 4105 1067 4170 quod
1077 4105 1148 4154 fateor
1157 4105 1297 4170 mpertnisse

205 4178 229 4217 et
243 4179 308 4233 perte
320 4171 406 4220 altera:
425 4184 490 4219 aaa.
502 4181 577 4218 xvrr.
588 4181 735 4219 cusanca.
765 4168 802 4216 illi
815 4169 905 4230 juvari,
922 4169 997 4233 magis
1015 4185 1086 4234 quam
1102 4169 1230 4230 iudicium:
1250 4170 1299 4218 nisi

205 4234 280 4284 lars.
309 4236 372 4285 Bud.
391 4237 461 4284 Nero
472 4250 503 4283 en
513 4224 592 4284 elassa
728 4259 732 4264 -
766 4233 830 4297 quod
840 4241 896 4282 atas
905 4243 984 4282 tamen
994 4233 1019 4281 id
1029 4234 1160 4284 consuisset
1170 4233 1296 4284 etdirexis-

237 4303 319 4349 Mala
335 4301 367 4348 ed
381 4302 425 4356 bec
443 4309 467 4349 et
483 4301 617 4365 innumeri]
641 4297 735 4348 Vitium
766 4307 809 4346 set.
837 4297 1297 4356 Attantnmabestutdetironibusaut

204 4364 281 4430 quiris
299 4365 382 4416 viderit
399 4373 423 4414 et
440 4364 551 4427 semonia
564 4363 672 4429 ineptim
687 4363 736 4412 imo
766 4361 888 4413 sohectitio
901 4363 975 4412 milite
990 4362 1028 4412 hie
1044 4363 1154 4418 Tacitus:
1174 4372 1296 4420 utcontra
