3059 4975
268 283 416 358 sero]
610 283 689 344 ma.
709 280 767 343 111.
787 281 878 343 cnr.
902 283 953 352 17.
973 285 1020 344 rs.
1286 275 1345 348 177

266 441 441 532 intulitque
448 445 667 527 formidinem:
690 445 773 536 pulsi
787 469 861 512 cum
881 447 993 512 sauciis
1012 445 1138 534 integri,
1154 448 1351 537 tuometipsi'

265 541 355 594 metu
368 544 452 596 etan
499 533 565 598 stiis
578 533 700 598 viarum
714 532 981 600 conflictabantur.
1329 553 1330 558 ’

321 617 436 682 XVII.
459 673 475 682 .
495 618 606 698 ullum,
627 619 660 682 in
682 619 736 683 illa
756 618 971 706 trepidatione,
987 617 1149 684 Antonius
1168 620 1335 686 constantis

268 700 379 781 Ducis,
401 715 457 768 aut
478 704 636 784 fortissimi
658 703 776 784 militis,
798 705 934 768 officium
953 704 1072 769 omisit:
1097 727 1258 770 occursare
1279 729 1335 793 pa

266 788 430 864 ventibus;
453 791 586 854 retinere
599 791 756 855 cedentes:
783 790 839 854 ubi
852 788 1007 877 plurimus
1020 788 1118 868 labor,
1132 792 1216 856 unde
1230 791 1335 878 aliqua

266 895 347 959 spes,
361 876 498 953 consilio,
512 898 619 954 manu,
634 897 710 940 voce
728 876 858 963 insignis
878 875 971 953 hostI,
989 875 1173 1023 conspicuus
1192 879 1273 941 suis:
1297 883 1337 941 eo

265 973 423 1045 postremo
433 962 551 1025 ardoris
563 978 729 1048 provectus
739 975 796 1040 est,
808 975 844 1026 ut
855 959 1049 1026 vexillarium
1073 961 1231 1048 ugientem
1245 963 1336 1028 basta

265 1047 543 1112 transverberaret:
567 1071 641 1111 mox
655 1063 781 1134 raptum
792 1047 941 1111 vexillum
956 1046 988 1109 in
1003 1047 1122 1110 bostem
1132 1050 1244 1124 vertit3
1269 1073 1334 1136 quo

266 1132 389 1216 pudore
401 1133 488 1198 haud
508 1133 621 1220 plures,
636 1157 730 1220 quam
749 1147 874 1197 centum
895 1133 1025 1218 equites,
1046 1132 1193 1198 restitere.
1239 1137 1263 1198 J
1265 1135 1334 1199 uvit

266 1217 364 1295 locus,
382 1219 512 1284 arctiore
530 1219 593 1283 illic
607 1219 669 1296 via,
684 1234 716 1282 et
727 1220 828 1283 fracto
846 1217 1051 1282 interfluentis
1071 1219 1131 1284 rivi
1195 1233 1258 1299 nte,
1276 1221 1332 1306 qui

265 1303 384 1367 incerto
403 1304 502 1384 alveo,
524 1319 556 1370 et
578 1305 791 1392 praecipitibus
819 1305 906 1391 ripis,
932 1305 1042 1390 fugam
1068 1243 1265 1391 inpedibat:
1296 1329 1334 1370 ea

265 1391 438 1470 necessitas,
455 1415 508 1456 seu
528 1391 665 1469 fortuna,
686 1391 789 1478 lapsas
809 1392 872 1472 iam
945 1403 990 1454 tes
1010 1390 1167 1454 restituit.
1201 1391 1334 1458 Firmati

264 1475 347 1540 inter
360 1501 403 1556 se,
417 1478 521 1541 densis
534 1476 696 1557 ordinibus
709 1461 868 1562 excipiunt
912 1475 1062 1540 itellianos
1074 1487 1189 1540 temere
1200 1475 1331 1541 effusos:

264 1574 361 1647 atque
373 1561 418 1625 illi
431 1574 676 1629 consternantur.
719 1562 881 1633 Antonius
893 1561 1008 1626 instare
1022 1561 1181 1648 p'erculsiS,
1198 1574 1334 1628 sternere

264 1647 383 1714 obvios.
427 1649 530 1714 Simul
549 1649 652 1728 ceteri,
675 1661 712 1713 ut
725 1648 839 1734 cuique
855 1647 1027 1734 ingenium,
1050 1647 1191 1734 spoliare,
1210 1671 1331 1734 capere,

263 1755 350 1796 arma
360 1757 519 1822 equosque
529 1734 596 1798 abri
637 1758 687 1799 re:
703 1746 735 1799 et
744 1734 837 1798 exciti
851 1755 999 1820 prospero
1009 1733 1153 1812 clamore,
1168 1733 1224 1820 qui
1238 1734 1334 1804 modo

264 1841 321 1905 per
335 1842 426 1904 agros
439 1820 516 1906 fuga
530 1757 727 1906 palabantur,
741 1820 880 1884 victoriae
891 1829 927 1883 'se
940 1819 1121 1885 miscebant.

309 1906 448 1970 XVIII.
462 1906 519 1968 Ad
532 1918 679 1991 quartum
695 1929 714 1969 a
728 1905 884 1969 Cremona
896 1904 1031 1990 lapidem
1046 1904 1161 1968 fulsere
1174 1903 1333 1990 legionum

265 1989 362 2076 signa,
375 1989 512 2138 Rapacis
521 2006 617 2076 atque
628 1990 758 2069 ltalicae,
773 1990 846 2054 loeto
858 1990 939 2054 inter
949 1989 1037 2053 initia
1047 1990 1192 2076 equitum·
1205 2012 1334 2054 suorum

264 2075 386 2162 proelio,
408 2076 430 2138 il
444 2099 482 2140 uc
495 2099 597 2163 usque
614 2091 772 2164 provecta.
817 2075 890 2154 Sed,
913 2074 969 2140 ubi
983 2074 1124 2152 Fortuna
1138 2089 1245 2139 contra
1257 2075 1330 2154 fuit,

264 2184 329 2226 non
342 2161 447 2226 laxare
460 2163 594 2243 ordines,
609 2184 672 2227 nou
685 2162 822 2249 recipere
834 2161 987 2240 turbatos,
1002 2183 1065 2224 non
1076 2160 1200 2224 obviam
1214 2161 1270 2240 ire,
1280 2161 1330 2224 ul-

264 2261 377 2335 troque
386 2248 516 2334 adgredi
526 2248 657 2328 hostem,
670 2259 793 2312 tantum
804 2270 860 2334 per
871 2246 1005 2334 spatium
1016 2269 1109 2310 cursu
1120 2262 1152 2310 et
1160 2246 1333 2346 pugnando

263 2333 388 2398 fessum.
434 2335 531 2398 Forte
551 2335 637 2414 victi,
659 2333 745 2397 haud
766 2333 895 2424 perinde
915 2333 1009 2397 rebus
1031 2353 1187 2418 prosperls
1208 2335 1333 2396 Ducem

263 2419 523 2500 desideraverant,
545 2434 641 2507 atque
661 2419 693 2483 in
714 2419 851 2487 adversis
871 2418 977 2483 deesse
997 2417 1220 2505 intelligebant.
1264 2420 1336 2482 Nu-

264 2521 380 2572 tantem
391 2506 487 2572 aciem
498 2507 598 2571 victor
607 2507 766 2592 equitatus
779 2505 931 2570 incursata
947 2516 979 2569 et
988 2504 1162 2603 Vipstanus
1173 2504 1333 2584 Messalla,

264 2593 440 2673 Tribunus,
455 2616 527 2658 cum
542 2592 682 2683 Moesieis
696 2591 900 2663 auxiliaribus
913 2590 1104 2683 adsequrtur,
1119 2612 1199 2683 quos
1212 2590 1332 2656 militiae

260 2846 533 2911 praeltabenedictums
544 2846 781 2895 mulctantatdcida-
811 2845 875 2894 Bud.
885 2846 1010 2909 suscepto
1020 2847 1109 2905 muros.
1143 2842 1206 2891 Dein
1217 2844 1333 2891 illicem·

262 2912 310 2961 lius
325 2918 481 2960 assumerent.
514 2912 666 2975 Vid.praeter
679 2912 705 2958 J.
721 2912 781 2959 Gra·
811 2915 956 2958 sternantur.
982 2911 1062 2971 Atque
1071 2909 1132 2958 dicto
1143 2923 1212 2957 sensu
1222 2906 1331 2973 eetapud

264 2977 369 3035 nerium,
390 2975 452 3023 dleta
473 2974 503 3024 ed
529 2978 625 3025 Sueten.
645 2976 720 3039 cuig.
740 2977 781 3023 39.
812 2974 879 3035 virg.
892 2974 976 3036 Georg.
990 2974 1081 3032 1‚203.

263 3040 337 3089 Ean.
370 3042 507 3100 Occurrsrs,
523 3058 548 3091 se
563 3041 649 3100 sistere,
663 3047 691 3087 ut
701 3054 782 3087 oscar-
845 3040 970 3100 Equcsqus
986 3040 1108 3101 scripseras
1132 3044 1156 3085 et
1171 3038 1256 3101 exciti]
1284 3037 1332 3085 Oc.

261 3106 535 3153 rsrsadcadimeuiem.
561 3106 783 3167 Occarrersproelio
811 3103 969 3167 pelassus.
980 3103 1044 3151 Flor.
1055 3102 1143 3149 addidit
1152 3101 1261 3150 Pichenn.
1279 3100 1332 3148 Pri-

212 3219 215 3223 ,
263 3169 317 3220 uiv.
328 3170 399 3217 habet
408 3170 446 3229 10,
457 3170 497 3217 43.
812 3183 877 3216 marn
894 3168 964 3216 etiam
980 3167 1101 3223 addente
1116 3166 1193 3215 Rhea.
1210 3174 1233 3213 et
1250 3164 1330 3213 Guell'.

297 3234 573 3297 Occursare-retinere]
584 3232 781 3282 SIcFlor.Oxou.
812 3232 907 3280 alteram
918 3232 987 3280 etad.
996 3248 1031 3295 pr.
1049 3230 1120 3279 Ean.
1154 3230 1333 3281 1nBud.utra.

263 3299 343 3347 Gueli.
352 3298 404 3346 edd
414 3298 504 3347 Puteol.
514 3298 632 3346 Bemaldi.
652 3300 783 3347 Occursare
813 3313 859 3361 que
869 3296 952 3360 copula
962 3296 1045 3345 deficit.
1078 3296 1117 3344 Sic
1127 3303 1150 3343 et
1162 3295 1238 3343 auen.

262 3364 341 3413 aren.
354 3366 379 3427 (e
389 3361 465 3426 Bud.)
476 3379 526 3428 sqq.
537 3377 613 3425 usque
623 3362 653 3410 ad
664 3362 781 3425 lapidum,
845 3363 995 3425 Fertevirti]
1008 3360 1146 3424 Redolphus
1153 3360 1248 3407 cistert.
1260 3359 1332 3407 Men·

262 3430 305 3493 qui
315 3427 388 3477 edidit
397 3428 614 3487 occursatretinet,
627 3436 656 3475 ut
665 3436 699 3475 cst
709 3428 734 3474 in
745 3427 781 3475 ed.
813 3433 859 3473 tem
875 3425 955 3475 video:
974 3434 997 3472 et
1012 3434 1090 3473 tamen
1105 3427 1235 3485 subversor,
1246 3432 1274 3470 ut
1289 3438 1332 3486 pa·

262 3509 298 3557 pr.
309 3494 364 3542 MS.
375 3494 436 3556 Agr.
451 3493 503 3541 edd,
515 3492 583 3555 Lips.
598 3508 650 3556 sqq.
662 3506 738 3555 usque
751 3491 782 3539 ad
812 3506 865 3538 nrm
881 3490 951 3553 plara
966 3490 1019 3547 ists,
1030 3488 1119 3537 ethuic
1128 3487 1254 3536 narrationi
1267 3502 1333 3551 quae.

262 3559 290 3607 J.
302 3558 446 3607 Gronovium
465 3558 508 3621 qui
528 3572 660 3616 occursare,
681 3558 783 3605 retinere
813 3554 957 3603 demdesint.
975 3552 1050 3602 ers.
1088 3552 1262 3602 Vteturtestiu
1274 3551 1331 3599 MS.

262 3622 369 3671 restinxit·
402 3622 488 3686 Baullo
507 3634 560 3686 post
581 3621 643 3669 edidi
662 3628 782 3670 transver-
812 3619 937 3682 Agricola,
948 3619 1071 3682 placetque
1078 3616 1186 3671 Acidalio
1197 3624 1220 3663 et
1230 3616 1332 3680 Ryclsio,

262 3688 353 3735 Marce
382 3688 429 3735 uod
443 3702 523 3736 omnes
537 3686 589 3734 edd.
603 3696 658 3734 ante
672 3685 781 3749 Lipsium
812 3684 853 3732 sed
874 3694 901 3732 ut
920 3685 990 3747 sorte
1009 3684 1098 3730 veturs
1117 3682 1230 3745 jungatur
1248 3695 1333 3745 prace-

262 3751 359 3801 dedcrez
464 3768 494 3800 ue
509 3752 566 3800 MS.
581 3751 656 3815 (Bud.
671 3751 705 3812 et)
719 3752 781 3813 Agr.
812 3748 931 3798 dentibus.
962 3746 1134 3798 Freinshemius
1148 3746 1249 3793 malebat
1263 3747 1332 3809 soris

262 3816 294 3865 In
316 3816 396 3863 Guelf-
417 3826 452 3865 est
478 3818 695 3873 transverberasset,
718 3814 781 3882 quod
812 3816 869 3870 cett,
886 3812 933 3862 'aa
948 3824 1033 3861 temere
1044 3820 1067 3860 et
1081 3811 1130 3859 sine
1140 3810 1236 3859 consilio
1250 3810 1332 3858 etim-

262 3881 344 3930 eodem
363 3880 444 3943 vergit.
476 3880 573 3945 Lipsius
593 3880 684 3943 primus
702 3886 782 3928 tram·
812 3878 896 3942 perio.-
919 3878 983 3943 quod
1004 3890 1051 3924 nen
1072 3875 1184 3939 displicet.
1217 3874 1331 3923 Nondum

262 3946 393 3995 veterane
403 3944 482 3993 edidit.
499 3945 570 3991 Eira.
813 3959 868 3991 sane
883 3942 937 3991 victi
954 3950 1027 4002 erant,
1046 3940 1086 3990 sed
1102 3942 1216 3989 nutabant
1231 3948 1331 3987 tantum.

293 4014 374 4072 Atque
384 4011 422 4057 tut
431 4010 623 4072 masmunster]
641 4007 714 4057 Haud
723 4008 780 4067 scio,
813 4008 897 4071 Itaque
918 4009 977 4057 victi
998 4021 1078 4057 verum
1105 4020 1153 4053 esse
1176 4018 1223 4052 non
1250 4013 1333 4067 potest.

261 4090 293 4125 au
309 4077 340 4124 sit
353 4074 541 4125 animadversum
555 4074 580 4120 τὸ
591 4080 660 4135 atque
670 4074 709 4121 hic
723 4074 782 4136 poni
807 4072 885 4120 Ean.
918 4072 982 4120 Bud.
997 4071 1065 4133 forts
1081 4072 1138 4118 uicti
1154 4070 1201 4117 ie.
1218 4068 1331 4126 Fortuna,

245 4138 780 4268 ..enarrer
813 4132 1332 4263 ...ce

262 4268 302 4315 sc
326 4269 418 4317 asos.
449 4238 526 4317 us’s.
541 4268 604 4316 rus
618 4263 697 4316 auur
713 4236 781 4313 susc}
815 4266 863 4314 ra.
875 4268 897 4313 2.
931 4266 1036 4327 sams
1049 4262 1201 4313 amaneus
1217 4261 1333 4321 conjectu.

262 4332 351 4392 vitiose,
367 4340 592 4391 arcesserentur,
608 4331 672 4399 qued
687 4346 729 4379 scr.
746 4331 782 4392 (in
814 4344 865 4379 ram
875 4334 957 4395 probet
968 4330 1031 4383 hall·

262 4394 384 4460 hadar.)
395 4397 480 4445 etedd.
491 4396 587 4463 quidam
601 4396 695 4448 mama
711 4395 784 4447 Illa.
