3059 4975
219 300 258 357 σο
598 289 901 353 msromaauu
1109 298 1279 379 [naara

214 472 246 524 et
259 456 453 544 legionarios,
467 454 545 519 dum
565 454 614 520 his
634 468 690 521 aut
709 454 771 521 illis
790 454 894 521 studia
906 454 1041 521 militum
1055 456 1277 545 adgregantur,

214 566 313 632 prope
325 542 358 607 in
372 540 517 629 proelium
532 562 685 619 exarsere3
707 541 741 605 ni
755 539 871 607 Valens
889 540 1152 609 animadversione
1165 567 1281 631 pnuoo·

214 652 286 694 rum
305 627 416 693 oblitos
433 627 501 714 jam
518 627 653 691 Batavos
670 626 793 713 imperii
808 626 1026 693 admonuisset.
1072 624 1204 694 Fru'stra
1224 631 1279 697 ad-

215 738 323 779 versus
337 713 463 777 AEdnos
476 713 609 798 quaesita
623 712 697 777 belli
716 734 841 778 caussa:
858 713 940 800 jussi
965 714 1162 801 “pecuniam
1183 728 1278 803 atque

214 823 301 865 arma
314 798 462 875 deferre,''
482 797 636 884 gratuitos
651 798 779 885 insuper
791 811 981 863 commeatus
993 800 1168 887 praebuere:
1190 800 1278 951 quod

212 885 315 950 AEdui
342 882 518 963 formidine,
547 884 777 971 Lugdunenses
803 884 921 971 gaudio
948 885 1056 950 fecere.
1105 886 1169 951 Sed
1208 887 1278 973 egio

213 970 324 1036 Italica
336 982 369 1034 et
381 969 431 1033 ala
450 968 593 1033 Taurina
610 968 763 1035 abductae.
808 969 977 1035 Cohortem
998 971 1279 1037 duodevicesimam

213 1055 378 1143 Lugduni,
393 1053 490 1119 solitis
503 1054 561 1119 sibi
574 1054 721 1133 hibernis,
739 1054 873 1141 relinqui
886 1055 1013 1141 placuit
1058 1057 1199 1123 Manlius
1212 1057 1278 1123 Va-

211 1141 289 1220 lens,
312 1142 453 1228 Leg'atus
473 1139 589 1204 Italicae
609 1139 620 1203 l
660 1138 749 1219 bnis,
771 1162 962 1226 quamquam
983 1143 1059 1207 bene
1078 1142 1118 1208 de
1135 1141 1278 1232 partibus

213 1227 352 1306 meritus,
363 1225 450 1290 nullo
459 1225 545 1311 apud
557 1164 720 1290 Vitellium
731 1225 848 1289 honore
858 1225 936 1291 fuit:
960 1227 1082 1292 secretis
1093 1251 1165 1293 eum
1177 1227 1278 1293 crimi-

211 1312 389 1378 nationibus
405 1310 609 1375 infamaverat
627 1309 745 1377 Fabius
758 1311 903 1397 ignarum
917 1326 959 1393 et,
978 1336 1044 1400 quo
1057 1313 1210 1379 incautior
1222 1313 1278 1379 de·

213 1399 378 1486 ciperetur,
445 1418 495 1459 am
509 1396 680 1461 laudatum.

256 1483 369 1547 LXV.
426 1493 540 1546 eterem
554 1481 634 1547 inter
649 1480 879 1569 Lugdunenses
892 1481 1147 1573 Viennensesque
1164 1484 1279 1551 discor-

213 1568 297 1635 diam
317 1566 496 1654 proximum
518 1566 637 1631 bellum
659 1566 857 1633 accenderat:
883 1567 991 1633 multae
1012 1570 1143 1635 invicem
1162 1571 1276 1650 clades,

213 1653 352 1719 crebrius
364 1652 579 1739 infestiusque,
703 1665 740 1716 ut
753 1664 876 1716 tantum
887 1676 945 1740 pro
967 1667 1015 1718 ter
1028 1656 1189 1721 Neronem
1201 1655 1278 1721 Gal-

211 1741 348 1827 bamque
360 1751 563 1826 pugnaretur.
641 1751 655 1802 t
675 1737 780 1803 Galba
799 1737 917 1802 reditus
932 1676 1204 1825 Lugdunensium,
1226 1764 1278 1805 oo-

211 1826 332 1891 casione
345 1824 411 1903 uae,
432 1823 467 1887 in
485 1826 596 1887 fiscum
610 1836 760 1887 verterat:
784 1822 903 1888 multus
916 1837 1023 1890 contra
1036 1826 1070 1890 in
1083 1826 1277 1892 Viennenses

211 1911 328 1977 honor:
350 1909 437 1975 unde
456 1906 614 1974 aemulatio
634 1921 666 1974 et
683 1906 801 1973 invidia
821 1921 852 1974 et
872 1931 936 1974 uno
949 1932 1041 1976 amne
1054 1910 1192 1977 discretis
1205 1933 1277 1977 con-

243 2180 413 2257 Lagdaacmu
427 2174 619 2243 goodtofeocrc]
640 2131 729 2227 dam
760 2178 856 2227 abesset.
883 2174 929 2226 sat
944 2178 1081 2242 pronomina
1096 2178 1277 2229 uliainterdm

212 2246 301 2309 gaudii,
314 2246 378 2309 quod
388 2245 511 2295 Vitellium
523 2242 584 2290 bello
595 2248 672 2305 petere
683 2257 728 2305 pu·
761 2241 831 2289 etiam
842 2256 856 2289 a
866 2240 983 2291 brevitatis
995 2244 1101 2293 studiosis
1113 2244 1275 2307 adrnittuntur,
1291 2270 1292 2273 =

212 2313 367 2368 ubanteum,
384 2308 426 2371 qui
437 2316 516 2354 contra
532 2306 650 2354 Neronem
662 2304 729 2355 fecia-
760 2314 789 2353 ut
797 2304 827 2352 ad
838 2306 974 2355 Suetonium
984 2308 1121 2356 notavimus
1138 2307 1209 2357 Eure.

212 2384 255 2433 set,
271 2376 302 2422 ab
316 2388 390 2447 eoque
406 2371 533 2428 defuisset,
551 2384 622 2433 seque
638 2370 728 2419 incom-
799 2372 905 2418 Veterem
924 2370 1076 2435 decadam]
1100 2372 1139 2421 De
1159 2388 1207 2436 qua
1228 2371 1277 2422 vid.

211 2436 413 2487 modieaffecrsset.
429 2434 460 2483 V.
472 2450 493 2484 c.
502 2436 543 2483 65.
558 2434 632 2482 Eun.
761 2432 846 2482 Dionis
855 2434 921 2499 Epit.
928 2436 968 2484 46.
978 2436 1131 2501 quemlocum
1137 2438 1187 2499 jam
1194 2436 1276 2485 lauda·

246 2504 359 2552 Cobcrtce
367 2503 492 2551 octodecim
502 2499 631 2564 Lugduni]
648 2499 729 2548 Attot
760 2499 919 2611 vitgpckius.
945 2501 1277 2564 Mouredditusproreditus
1356 2504 1365 2520 '

211 2564 645 2634 coborteamihirelinquinonplacet.
678 2563 729 2612 Gur
762 2564 802 2612 Gu
834 2564 946 2613 .Puteol.
964 2566 1028 2630 quod
1063 2567 1277 2616 referebatDane·

212 2632 284 2692 enim,
301 2646 358 2683 cum
370 2631 473 2695 undique
488 2630 555 2678 miles
572 2628 728 2692 conquiram,
761 2627 816 2678 sius.
828 2627 901 2676 Male.
912 2629 985 2678 Ean.
1002 2629 1092 2679 Vitiosa
1103 2633 1214 2695 scriptura
1224 2631 1278 2678 red-

211 2696 473 2772 eteoadaciemopus,
487 2695 512 2742 in
526 2708 574 2741 uno
586 2692 728 2756 eoqueami·
759 2694 825 2741 ditae
840 2692 944 2768 medium
960 2710 1036 2743 avum
1052 2695 1121 2760 sapit,
1137 2710 1184 2760 quo
1200 2695 1234 2744 sic
1251 2695 1277 2742 in

210 2757 728 2896 Zffl’vffdtaeabblmoetblrdoebdmlsrii
760 2757 1102 2873 mdiailicreidiiulrieonemes
1111 2821 1196 2885 Ιιοηον]
1213 2823 1278 2872 Hinc

210 2890 308 2938 hiberna
327 2889 414 2937 fuisses
442 2887 618 2951 quodfalsum.
652 2886 729 2934 Unica
760 2886 848 2936 factum
857 2887 1277 2950 putatMarcal.o.utordinecivili

211 2955 275 3002 enim
290 2954 413 3002 dumtaxat
425 2954 476 3015 jam
492 2951 548 3000 olim
561 2950 674 3014 Lugduni
689 2966 728 2999 co·
760 2950 853 2999 Vienna
869 2951 987 3015 Lugduno
1005 2962 1182 3016 preponeretur,
1204 2960 1231 2999 ut
1252 2951 1278 3000 in

210 3019 279 3067 horst
291 3017 504 3076 cracinaatl.
520 3015 728 3078 Anagovosnct-
760 3013 829 3063 inseri
846 3015 906 3062 tione
922 3017 1023 3080 epistola
1038 3033 1075 3080 ap.
1092 3017 1178 3064 Euseb.
1196 3015 1229 3063 H.
1243 3017 1276 3066 Ε.

210 3085 259 3130 lios
270 3084 358 3131 Aviola
368 3085 446 3132 excito
453 3083 553 3141 cohorte,
564 3097 616 3143 qua
625 3081 728 3142 Lugdu·
759 3083 785 3140 5,
797 3080 818 3126 l.
829 3032 903 3128 ban.
919 3081 1063 3144 Lugdunum
1071 3079 1278 3142 tuiteo1oniajuria

210 3150 238 3196 ai
250 3149 392 3210 prestetum
404 3148 518 3209 agitabat,
532 3147 641 3193 coercuit.
669 3143 727 3191 Ma·
760 3145 862 3192 Romani
868 3161 877 3202 ς
893 3144 986 3194 Vienna
999 3146 1082 3194 Italici.
1117 3145 1157 3195 cf.
1174 3146 1277 3209 Iaocary

209 3211 420 3324 mmmm
404 3225 493 3323 ,ὦτα
503 3209 581 3266 audio,
598 3217 621 3257 et
635 3207 675 3256 bic
671 3223 728 3322 vco·
758 3207 1265 3336 mirabim'p'riizeitirit'itihil'm

364 3289 534 3322 saccom
616 3288 727 3322 nox
874 3288 1278 3324 ‹evacuantes-

210 3339 280 3390 enam
293 3340 418 3402 Lugduni,
435 3288 688 3403 ωρσησξῇρζὲᾶείιπ,
704 3346 728 3387 et
759 3336 857 3402 tiquitez
872 3338 902 3386 de
918 3339 986 3402 Iryon
1007 3355 1031 3402 p.
1047 3339 1103 3395 27³.
1123 3339 1166 3386 has
1186 3352 1277 3388 caussae

210 3404 310 3454 velutin
360 3401 615 3454 retamentnminaeru.
647 3403 724 3451 lires.
759 3416 806 3450 non
817 3402 928 3466 agnosdt,
940 3403 1121 3452 etatimadfert.
1137 3403 1210 3455 Ean.

209 3467 300 3517 Verum
327 3469 332 3480 '
359 3468 479 3532 tuipsius
501 3468 532 3516 In
541 3467 727 3516 monteronem
772 3467 828 3514 .Et
849 3480 896 3514 utto
919 3481 987 3514 amere
1012 3468 1119 3516 discretis
1146 3481 1277 3516 conseram

210 3535 316 3583 XVIII
320 3535 454 3597 Lugduni,
469 3532 654 3595 Agaoohortem
663 3533 726 3580 deci-
758 3527 853 3596 odiam]
868 3530 1020 3596 Quamquam
1030 3547 1100 3582 amne
1109 3531 1201 3580 discreti
1210 3547 1225 3580 a
1235 3546 1278 3579 na·

208 3605 386 3647 mmoceavana
410 3596 726 3653 (Noniuaedduodcoiceri-
758 3603 812 3644 tura
832 3603 905 3655 eram,
926 3604 1005 3644 tamen
1022 3595 1081 3644 odiis
1096 3596 1191 3656 incensi,
1210 3595 1277 3660 quasi

184 3663 274 3710 'snam
291 3662 387 3711 totidem
396 3661 580 3722 liunisexhibet,
597 3661 726 3724 testcRyo·
758 3659 870 3709 tollebant
885 3661 1055 3720 fineenaturoe,
1071 3668 1094 3709 et
1106 3662 1191 3722 conjun
1220 3661 1278 3708 burt

209 3726 269 3788 ldo).
294 3726 388 3790 Edpr.
402 3734 507 3775 ocwocm
520 3727 642 3774 decimam.
673 3727 726 3773 Lu·
758 3723 880 3786 disjuncta.
908 3725 950 3773 An
966 3724 1049 3774 babuit
1064 3724 1090 3772 in
1106 3725 1184 3774 animo
1208 3739 1277 3772 ocum

206 3791 487 3903 gduaipuqqononestin
495 3789 638 3839 Ms.oxon.
660 3789 726 3839 Tum
759 3789 843 3838 Horat
855 3789 933 3838 carm
948 3789 972 3850 1,
982 3789 1007 3850 3,
1019 3789 1059 3837 21.
1090 3790 1137 3840 Sed
1152 3797 1230 3838 tamen
1246 3788 1277 3837 ad

208 3856 263 3915 aa,
366 3868 409 3920 pio
429 3857 463 3908 ibt
483 3855 575 3905 volebat
595 3855 726 3918 Acidaliae,
758 3868 839 3904 meum
858 3868 950 3902 sensum
971 3868 1069 3902 acumen
1093 3855 1211 3903 sententia
1229 3868 1276 3901 non

210 3871 339 3984 Plorligx
362 3919 443 3975 (ineis.
456 3920 493 3974 ad.
505 3936 541 3984 pr.
553 3919 644 3976 Puteal
655 3920 727 3968 Bero-
758 3925 801 3979 est,
817 3917 862 3968 nisi
877 3919 902 3966 in
917 3911 975 3966 'lusu
991 3921 1121 3967 verborum.
1154 3919 1234 3967 Etiam
1250 3917 1276 3964 ri

208 3983 256 4032 ald.
272 3983 327 4033 Alc.
346 3983 453 4038 Primum
466 3985 492 4036 in
507 3984 544 4033 ed.
560 3983 637 4032 Rhea.
720 3985 726 3997 '
758 3997 806 4030 uno
816 3997 863 4031 non
873 3983 928 4038 sada
941 3997 1065 4047 concoquo.
1091 3984 1143 4045 An,
1160 3983 1215 4046 quia
1227 3995 1275 4029 uno

208 4049 259 4096 iti.-
276 4049 340 4112 quod
350 4049 406 4097 vitio
416 4064 536 4113 operarum
546 4047 644 4116 irrepsit,
685 4049 691 4061 '
758 4055 851 4098 tantum
861 4063 930 4103 amne
941 4047 1040 4104 diserefi,
1053 4056 1171 4112 propterea
1183 4061 1207 4094 se
1219 4044 1275 4094 ode-

208 4113 294 4162 ailibri
300 4113 426 4172 firmarent,
435 4129 482 4163 non
492 4113 654 4178 spernendum.
669 4114 726 4164 Vid.
758 4120 822 4172 rant,
838 4111 901 4165 velut
915 4111 982 4166 nullo
998 4113 1040 4160 uli
1055 4121 1144 4161 nature
1155 4125 1223 4174 opere
1237 4123 1275 4158 se·

208 4177 239 4226 ad
254 4193 274 4226 c.
291 4178 331 4233 70.
361 4178 414 4226 Stet
431 4179 530 4226 restitnit
546 4177 656 4227 Pichena.
688 4179 727 4229 De
756 4177 857 4238 junctos.
881 4175 1276 4236 sementariarum.

208 4241 288 4290 matris
308 4241 506 4305 Lugdunensibus
523 4259 546 4291 v.
568 4243 676 4294 Marcam
696 4243 726 4294 de
758 4241 1035 4306 Sedquidargutamur?
1049 4241 1108 4305 Ipsi,
1119 4239 1213 4304 quiista
1220 4254 1277 4288 acu-

210 4305 308 4354 Primat.
325 4306 404 4370 Lugd.
422 4309 513 4372 pm
530 4323 566 4373 sq.
586 4307 659 4358 Bau.
685 4309 727 4358 Its
758 4305 824 4364 mina
839 4314 940 4370 captant,
960 4321 1021 4370 sepe
1035 4321 1082 4354 non
1099 4311 1192 4370 possent
1206 4303 1276 4370 plane

207 4369 294 4433 legitur
301 4371 326 4419 in
337 4372 401 4421 Bud.
411 4373 465 4422 inde
475 4372 553 4422 Rhen.
758 4370 881 4435 explicare,
892 4379 920 4418 ut
930 4369 1020 4433 opinor,
1033 4371 1134 4434 argutias
1144 4384 1206 4430 suaa,
1222 4383 1275 4432 qua

215 4461 219 4466 ·
239 4436 344 4496 §cernis
359 4453 414 4489 nrm
429 4437 476 4502 cr.]
498 4441 563 4490 Eum
585 4436 727 4493 commodine
758 4433 1276 4502 fereeuditaplaoeumonintellectaeffluu.
