3059 4975
244 284 313 327 ae.
328 268 393 343 to]
602 254 681 326 ΠΒ.
701 252 754 324 1v'.
776 264 867 325 CAP.
888 269 916 335 9,
940 269 985 325 10.
1253 268 1311 330 247

244 432 372 511 Senatu,
387 431 443 519 qui
457 431 549 495 simul
563 430 711 496 servierit.
752 429 890 495 Suadere
909 428 1003 493 etiam
1024 411 1142 508 Prisco,
1159 423 1309 517 ne'supr'd

242 516 420 605 Principem
442 516 618 583 scanderet:
642 538 682 580 ne
696 514 931 605 Vespasianum,
951 536 1056 579 senem
1074 515 1305 601 triumphalem,

238 603 393 691 juvenum
414 602 583 667 liberorum
603 613 735 689 patrem,
782 598 1097 687 raeceptiscoeroeret.
1141 602 1314 679 Quomodo¹

240 688 380 775 pessimis
394 690 456 753 Im‘
469 689 642 753 emtoribus
664 687 729 752 sine
748 624 811 751 lire
828 685 1082 766 dominationem,
1099 686 1145 751 ita
1163 688 1307 773 quamvis

242 773 373 861 egregiis
386 797 418 837 m
463 798 517 839 um
530 773 690 851 libertatis,
706 772 857 859 placere.”
900 774 993 852 Haec,
1013 772 1134 860 magnis
1148 774 1307 875 utrimque

240 860 489 925 contentionibus
505 861 633 959 jactata,
653 858 783 922 diversis
805 857 916 921 studiis
937 857 1178 1007 acceipilebautur.
1221 859 1309 925 Vlcit

241 968 324 1033 pars,
347 968 421 1033 quae
438 945 541 1009 sortiri
554 945 672 1031 legatos
685 944 831 1022 malebat,
845 944 938 1008 etiam
952 966 984 1006 m
1025 944 1061 1007 ”s
1076 946 1207 1009 Petrum
1221 946 1309 1010 adni-

243 1032 391 1109 tentibus,
405 1031 537 1095 retinere
550 1054 676 1095 morem.
711 1031 757 1094 Et
772 1027 1038 1116 splendidissimus
1052 1029 1185 1117 quisque
1199 1032 1308 1097 eodem

243 1116 422 1196 molinabat,
436 1131 522 1182 metu
536 1116 670 1194 invidiae,
687 1116 712 1180 si
726 1115 785 1203 ipsi
799 1114 996 1203 eligerentur.

289 1206 356 1267 IX.
380 1207 529 1269 Secutum
542 1202 629 1267 aliud
643 1214 807 1267 certamen.
853 1204 1008 1265 Praetores
1021 1200 1121 1265 aerarii
1139 1202 1226 1283 (nam
1240 1218 1309 1267 tum

244 1313 264 1359 e
278 1282 470 1354 Praetoribus
484 1291 676 1355 tractabatur
690 1288 849 1374 aerarium)
871 1287 1059 1375 “publicam
1072 1292 1311 1374 paupertatem”

266 1376 356 1455 nesti,
370 1384 391 1417 ‘⁴
401 1376 530 1439 modum
540 1376 698 1463 inpensis''
708 1373 951 1463 postulaverant.
985 1374 1069 1438 Eam
1077 1375 1312 1439 curamconsul

244 1398 435 1546 designatus,
456 1462 497 1525 ob
517 1461 765 1547 magnitudinem
783 1459 885 1523 oneris
898 1471 930 1523 et
943 1459 1072 1524 remedii
1084 1457 1310 1541 difficultatem,

246 1545 385 1633 Principi
398 1547 583 1611 reservabat.
614 1546 794 1625 Helvidius,
810 1544 970 1609 “arbitrio
980 1546 1114 1609 Senatus
1182 1547 1311 1627 ndum,''

245 1632 372 1696 oensnit.
426 1635 509 1698 Cum
535 1645 740 1731 perrogarent
765 1629 930 1696 sententias
960 1630 1120 1709 Consules,
1179 1633 1313 1698 trlcatius

247 1716 454 1797 Tertullinus,
485 1712 658 1783 Tubunus'
674 1718 783 1806 plebis,
811 1715 991 1796 intercessit,
1023 1722 1045 1756 “
1059 1714 1198 1803 nequid
1219 1742 1255 1782 su

245 1816 332 1868 tanta
342 1826 386 1879 re,
400 1804 545 1891 Principe
555 1805 692 1884 absente,
704 1804 920 1869 statueretur?
952 1803 1123 1868 Censuerat
1133 1803 1230 1867 Helvi
1252 1828 1312 1883 rus,

247 1897 269 1929 “
281 1902 318 1956 ut
331 1889 511 1975 capitolium
525 1890 650 1977 publice
664 1890 889 1968 restitueretur,
902 1888 1065 1976 adjuvaret
1080 1889 1314 1975 Vespasianus.”

246 1976 330 2039 Eam
344 1974 526 2042 sententiam
536 1975 780 2041 modestissimus
790 1974 924 2073 quisque
935 1973 1067 2052 silentio,
1077 1973 1190 2038 deinde
1200 1974 1317 2039 oblivio

245 2061 425 2125 transmisit.
461 2060 563 2126 Fuere
577 2062 633 2149 qui
648 2075 678 2127 et
692 2060 910 2127 memimssent

256 2216 259 2223 ,
291 2148 339 2211 X.
362 2146 451 2211 Tum
464 2146 605 2211 invectus
619 2161 666 2212 est
677 2146 846 2212 Musonius
858 2145 967 2211 Rufus
979 2144 1013 2209 in
1032 2143 1216 2210 “Publium
1227 2144 1315 2211 Cele-

246 2243 323 2309 rem,
338 2254 358 2295 a
371 2255 436 2318 quo
447 2234 580 2297 Baream
596 2236 750 2299 Soranum
763 2232 843 2297 falso
854 2231 1029 2298 testimonio
1039 2230 1315 2310 circumventum,”

177 2358 181 2365 -
246 2318 410 2403 arguebat.
447 2319 498 2384 Ea
519 2319 694 2404 cognitione
715 2318 858 2383 renovari
879 2317 952 2383 odia
972 2317 1209 2383 adcusationnm
1229 2317 1315 2381 vide-

246 2402 379 2467 bantur:
404 2404 459 2468 sed
472 2404 542 2469 vilis
555 2418 586 2468 et
601 2428 713 2470 nocens
726 2427 798 2470 reus
811 2416 901 2494 prote
925 2404 932 2418 '
947 2426 1011 2468 non
1025 2415 1156 2498 poterat.
1190 2405 1275 2554 Qurp

250 2489 360 2554 Sorani
386 2504 491 2558 sancta
519 2491 683 2556 memoria:
722 2491 815 2558 Celer
838 2515 897 2579 pro
910 2515 996 2556 essus
1021 2490 1214 2577 sapientiam,
1266 2513 1316 2554 ern

248 2577 335 2642 testis
356 2575 390 2640 in
415 2577 560 2657 Baream,
585 2578 727 2665 proditor
750 2590 979 2665 corruptorque
995 2576 1098 2657 amici,
1115 2594 1147 2641 et
1169 2578 1261 2662 cujus
1285 2597 1317 2640 se

280 2752 363 2798 Senem
374 2753 502 2816 triumpn]
513 2751 569 2799 tna
582 2751 645 2800 Suet.
656 2751 729 2816 Vesp
741 2753 766 2802 4.
834 2751 950 2800 Proditor
960 2760 1129 2814 corruptorque
1139 2751 1260 2807 amiciris,
1276 2765 1319 2796 cu-

283 2815 474 2864 Couteuttersttus
492 2817 598 2880 jactate]
630 2816 688 2866 eod.
703 2817 766 2880 Agr.
794 2818 861 2926 joell
880 2816 936 2864 Non
951 2815 1052 2864 damno:
1072 2831 1150 2863 revers
1164 2813 1226 2863 enim
1242 2813 1318 2876 philo·

250 2881 457 2926 concertationibus
467 2881 528 2942 jaer.
802 2894 844 2942 sop
861 2893 889 2926 us
899 2881 1009 2941 magister
1016 2879 1131 2941 amicitia,
1142 2876 1178 2928 uti
1188 2877 1318 2932 etalinrnm

283 2944 403 2990 Praetores
414 2945 509 3008 ararit]
531 2943 569 2992 Dc
580 2941 618 2991 his
632 2942 721 2992 dictum
735 2943 766 2992 sd
801 2943 915 2991 virtutum
921 2952 962 2990 est.
976 2943 1028 2991 Nec
1034 2952 1184 2992 tamenvetus
1190 2943 1320 3004 conjectura

249 3006 284 3054 Α.
298 3005 319 3065 l,
332 3007 371 3062 75.
387 3007 451 3055 And
468 3008 499 3056 ad
518 3009 556 3069 13,
574 3009 614 3056 23.
641 3009 766 3073 Sequentia
801 3022 854 3056 mee
864 3005 923 3054 mini
934 3005 1022 3062 eviluit,
1037 3014 1204 3070 corruptorque
1214 3009 1286 3054 amici
1297 3013 1320 3054 et

250 3081 356 3135 suspects
372 3087 419 3121 esse
435 3081 538 3136 possunt.
571 3072 690 3132 Quorsum
703 3073 766 3122 enim
802 3075 869 3136 cujus
879 3086 903 3119 se
913 3074 1057 3133 magistrum
1064 3073 1167 3135 firebot.
1193 3071 1243 3119 Vix
1256 3071 1320 3118 enim

249 3135 294 3184 hoc
305 3135 416 3185 additur?
429 3152 483 3185 cum
492 3152 537 3185 non
548 3137 653 3185 additum
661 3138 690 3186 sit
698 3139 730 3186 A.
742 3138 765 3198 1,
802 3146 845 3196 est,
861 3144 888 3184 ut
899 3136 996 3184 Tacitus
1009 3136 1119 3195 omiserit,
1135 3135 1198 3200 quod
1208 3130 1320 3183 vuldensi

251 3201 291 3255 75.
308 3209 362 3248 cum
377 3216 412 3248 res
425 3209 480 3250 note
494 3209 552 3250 esset
566 3217 595 3249 ex
609 3202 680 3266 ipsius
694 3201 766 3250 tradi-
802 3217 853 3250 rem
863 3209 886 3250 et
897 3200 927 3248 ad
938 3201 1031 3265 culpam
1042 3200 1107 3260 facit,
1118 3200 1188 3250 fuisse
1197 3201 1262 3248 hunc
1273 3199 1320 3248 Ce-

250 3261 314 3312 tione
327 3265 365 3324 13,
375 3267 414 3313 28.
426 3265 684 3330 quaeetad'rrajanum
692 3282 767 3331 usque
801 3265 874 3314 ierem
891 3265 973 3314 Barea
992 3275 1161 3329 preceptorem.
1196 3265 1320 3314 Juvennlis

250 3327 385 3378 (iuravisset.
420 3331 467 3380 Pro
487 3333 597 3394 impensis
614 3331 669 3380 MS.
687 3331 767 3380 (ineis.
802 3328 904 3389 docete,
918 3331 972 3378 116.
1000 3331 1094 3380 Stoicus
1108 3329 1193 3378 oceidit
1205 3329 1318 3388 Boreum,

251 3394 564 3457 nomiomacensis.
803 3396 892 3442 deletor
907 3397 1019 3453 amicum,
1036 3397 1233 3457 Discipulumque
1243 3409 1319 3440 renem

256 3465 259 3472 ⁴
285 3461 448 3521 Perrogurerrt
468 3461 605 3525 sensurias]
624 3459 662 3509 Sic
676 3459 713 3508 ed.
730 3474 765 3523 pr.
804 3458 921 3521 Interpres
939 3459 1061 3506 Juvenalis
1079 3460 1139 3507 hanc
1160 3473 1253 3523 quoqne
1270 3473 1320 3506 rem

252 3523 328 3576 Rhen.
339 3527 365 3590 (e
373 3524 448 3586 Bnd.)
460 3540 524 3590 seqq.
547 3525 624 3574 Ceteri
634 3525 685 3573 edd.
698 3524 769 3572 etiam
803 3523 911 3582 affirmet,
922 3522 947 3570 in
958 3539 1052 3572 versum
1064 3524 1086 3584 1,
1095 3523 1249 3584 sames
1256 3524 1319 3570 delu-

252 3585 394 3637 Mamur.
400 3596 575 3652 prorogasset:
588 3590 656 3639 male.
672 3590 767 3638 Sueten.
804 3595 842 3637 tor
858 3589 938 3636 amici.
971 3589 1025 3637 Ans
1040 3589 1130 3648 dieunt,
1150 3588 1320 3649 Philosophum

253 3652 318 3716 Aug.
336 3655 376 3701 35.
392 3657 518 3704 sententias
529 3655 556 3701 de
567 3657 655 3717 majore
665 3655 768 3716 negorio,
804 3653 938 3715 Egnatium
951 3653 1064 3712 celerem,
1075 3652 1162 3702 Boreae
1172 3653 1259 3702 Soreoi
1269 3668 1321 3699 mn.

252 3729 298 3764 uon
310 3731 373 3765 more
383 3726 452 3782 atque
462 3721 551 3780 ordine,
566 3721 613 3778 red,
623 3725 697 3782 proed
708 3720 770 3766 etsu-
801 3720 917 3782 gr'rtrum,
925 3719 1052 3780 pulipsum
1060 3718 1123 3780 opud
1129 3718 1251 3764 Neronem
1257 3717 1322 3764 detu-

252 3780 317 3840 trret,
323 3786 483 3844 perrogubatr
496 3783 539 3832 ubi
548 3783 653 3832 similiter
660 3783 769 3830 varietur.
804 3783 834 3832 lit
845 3788 867 3831 et
878 3783 1016 3831 damnauit.-
1033 3788 1056 3830 et
1070 3784 1119 3843 ipre
1132 3789 1210 3845 postea
1220 3784 1262 3830 rull
1277 3783 1321 3830 Ve-

253 3843 308 3894 Vid.
321 3845 354 3894 ibi
364 3845 474 3896 Oudend.
488 3847 560 3896 Eas.
804 3849 920 3912 spasiano,
928 3847 1173 3908 boripsumMueouio
1179 3847 1322 3910 Rufoaeeu·

284 3909 374 3972 Fuere,
392 3914 472 3973 quiet
490 3914 660 4024 uremtubrruq]
679 3909 729 3972 Qui
747 3918 771 3960 et
805 3919 878 3971 ronta
901 3913 1026 3960 damnetur
1048 3918 1089 3960 rrt.
1115 3911 1191 3960 Ltns.
1224 3910 1322 3980 Recepit

253 3974 317 4040 apud
339 3975 510 4040 Vespasianum
531 3991 615 4040 nempe
657 3977 769 4026 clarente
805 3977 882 4040 Isipsii
891 3977 1052 4026 correctionem
1063 3975 1174 4035 Pichena,
1184 3992 1256 4040 quem
1271 3989 1323 4024 om·

253 4040 343 4151 qunape?
362 4041 418 4104 quie
435 4041 485 4089 hae
503 4041 615 4089 sententia
633 4039 771 4104 dignitatem
805 4055 847 4090 nes
862 4041 968 4104 deinceps
982 4042 1053 4090 secuti
1063 4052 1124 4090 sunt.
1151 4040 1199 4089 Ed.
1209 4057 1245 4104 pr.
1256 4043 1324 4102 euJus

287 4105 293 4114 '
311 4105 368 4168 cipis
378 4105 507 4167 minuebat,
524 4105 623 4154 Senatu
639 4106 771 4171 Populique
806 4106 829 4154 σε’
849 4108 973 4168 ingratum
986 4107 1088 4170 firebut.
1124 4105 1233 4156 Onerum
1252 4103 1323 4169 etlam

254 4170 368 4230 augebat:
395 4186 410 4220 e
430 4187 478 4236 quo
507 4170 596 4219 restittri
627 4171 772 4234 capitolium,
807 4170 864 4220 dure
882 4170 966 4220 dicitur
985 4179 1109 4235 corruptor
1125 4171 1206 4227 amici,
1225 4177 1249 4216 et
1267 4167 1322 4226 elio,

253 4232 507 4299 dumtaxatedjnvsnte
512 4233 666 4301 Vespasiano,
673 4236 773 4284 volebat.
807 4251 879 4300 quam
889 4235 1005 4285 Latinitas
1016 4236 1068 4295 fert,
1076 4250 1154 4284 sensu.
1165 4233 1230 4280 Nam
1241 4246 1323 4279 corru-

256 4297 333 4348 nus.
803 4302 885 4364 ptores
900 4300 1019 4360 dicuntur,
1038 4300 1080 4365 qui
1096 4312 1189 4364 quocun
1205 4312 1235 4345 ue
1253 4294 1324 4364 modo

289 4363 698 4430 Pretegtuoupoterut100d.llgr.
709 4362 775 4426 er'pi
807 4367 914 4420 animum
931 4380 1053 4428 moresque
1071 4364 1169 4413 aliomm
1217 4365 1323 4424 prevent,

256 4439 279 4474 rt.
287 4441 312 4490 p.
323 4427 361 4476 De
368 4429 396 4477 P.
405 4429 507 4494 Egnatio
517 4429 596 4479 Celere
607 4446 629 4479 v.
641 4427 723 4493 aas,
732 4429 771 4478 32.
808 4437 835 4479 nt
845 4431 907 4479 male
917 4429 999 4478 sentire
1009 4436 1032 4476 et
1042 4442 1109 4491 egere
1118 4425 1244 4490 incipiant3
1261 4423 1325 4490 qnod
