3059 4975
242 304 310 347 ι...
324 289 390 365 ic]
621 284 708 343 mn.
730 285 771 343 11.
793 284 883 343 cns.
905 288 932 344 s.
1269 290 1304 349 st

240 451 440 537 Principetus
450 460 742 537 temperamentum,
756 450 792 527 si,
802 448 937 535 demptis
946 447 1112 535 utriusque
1125 448 1218 529 vitiis,
1233 448 1307 515 solu

240 537 372 601 virtutes
391 537 601 600 miscerentur.
646 535 795 600 Ceterum
812 534 863 599 hic
883 534 994 621 Syrioe,
1012 533 1064 597 ille
1083 534 1208 600 Judaeae
1225 558 1307 623 proe-

240 623 370 709 positus,
385 622 494 687 vicinis
512 621 741 710 provinciarum
759 619 1088 717 administrationibus,
1106 621 1224 685 invidia
1244 623 1307 687 dis-

239 708 358 787 cordes,
373 710 461 773 exitu
476 708 604 773 demum
621 708 770 785 Neronis,
780 707 899 857 positis
918 705 1006 783 odiis,
1024 704 1057 769 iu
1076 707 1217 771 medium
1234 731 1306 773 con-

803 814 852 856 ein

240 794 380 859 suluere:
404 796 543 883 primum
556 818 614 881 per
627 793 757 858 amicos:
889 792 1024 877 reecipue
1037 793 1210 858 eoncordiae
1229 794 1307 859 fides

239 880 347 960 Titus,
361 904 459 968 prava
472 880 641 945 certamina
654 878 812 943 communi
828 815 961 942 utilitate
978 877 1171 944 aboleveratt
1194 895 1307 945 natura

238 979 334 1053 etque
358 981 425 1031 arte
453 965 642 1052 compositus
665 963 845 1028 adliciendis
870 963 963 1027 etiem
990 963 1130 1029 Muciani
1156 966 1305 1031 moribus.

241 1052 378 1116 Tribuni
394 1052 662 1137 Centurionesque
675 1064 707 1115 et
714 1050 831 1137 vulgus
840 1048 986 1125 militum,
999 1048 1160 1129 industrie,
1172 1051 1304 1130 licentis,

239 1161 297 1287 ΕΓ
319 1138 460 1218 virtutes,
482 1161 539 1226 per
557 1136 744 1223 voluptates,
768 1150 804 1200 ut
829 1134 943 1221 cuique
966 1134 1137 1220 ingenium,
1159 1136 1306 1203 adscisce·

281 1237 364 1288 ntur.

285 1311 341 1375 Vl.
362 1311 546 1396 Antequam
576 1310 672 1374 Titus
699 1308 891 1383 adverteret,
922 1319 1148 1370 sacramentum
1173 1308 1308 1373 Othonis

238 1410 398 1483 acceperet
411 1409 545 1482 uterque
557 1394 720 1470 exercitus,
733 1391 958 1480 praecipitibus,
976 1405 1012 1456 ut
1029 1391 1157 1469 adsolet,
1177 1395 1306 1474 nuntiis,

239 1493 271 1543 et
296 1482 387 1544 tarda
410 1481 492 1544 mole
515 1479 614 1544 civilis
640 1479 724 1557 belli,
752 1478 840 1565 quod
867 1477 962 1565 longa
990 1477 1154 1541 concordis
1203 1478 1308 1546 uietus

241 1565 357 1629 Oriens
381 1581 457 1630 tunc
483 1566 621 1653 primum
648 1564 790 1662 putabet.
843 1566 990 1650 Namque
1017 1562 1091 1627 olim
1118 1502 1307 1631 validissime

239 1650 320 1714 inter
338 1674 371 1715 se
391 1652 507 1715 civium
528 1674 625 1730 arma,
646 1674 681 1714 m
704 1650 799 1715 Italia
817 1646 972 1727 Galliave,
991 1648 1110 1714 viribus
1129 1650 1307 1717 Occidentis

239 1751 349 1824 coepta,
394 1740 441 1802 Et
462 1737 623 1824 Pompeio,
646 1737 766 1815 Cassio,
788 1738 903 1814 Bruto,
920 1735 1076 1813 Antonio,
1098 1759 1178 1822 quos
1198 1760 1307 1803 omues

239 1836 423 1887 transmare
444 1836 586 1888 secutum
607 1840 654 1888 est
672 1822 764 1887 civile
784 1822 913 1900 bellum,
936 1822 1023 1885 haud
1043 1822 1184 1908 prosperi
1204 1823 1308 1888 exitus

238 1908 372 1972 fuerunt.
425 1907 600 1995 Auditique
628 1909 743 1995 saepius
770 1907 804 1971 in
832 1908 924 2004 Syria
952 1907 1129 1993 Judaeaque
1156 1910 1306 1986 Caesares,

238 2016 336 2079 quem
360 1994 501 2081 inspecti.
553 1993 652 2058 Nulla
672 1993 783 2057 seditio
803 1992 981 2077 legionum:
1014 2005 1136 2057 tantum
1158 1992 1309 2059 adversus

239 2080 376 2143 Parthos
394 2080 497 2159 minae,
515 2080 602 2144 vario
623 2093 746 2144 eventu.
793 2078 840 2141 Et
860 2078 1003 2163 proximo
1023 2076 1105 2141 civili
1126 2076 1218 2156 bello,
1241 2093 1307 2144 tur.

238 2165 320 2229 batis
334 2164 412 2244 aliis,
425 2166 607 2241 inconcussa
619 2165 664 2230 ibi
749 2162 847 2229 :dein
858 2162 936 2249 fides
946 2186 1020 2250 erga
1033 2163 1176 2229 Galbam.
1212 2166 1306 2247 Mox,

239 2265 288 2331 ut,
315 2258 337 2290 ‘⁴
364 2252 521 2316 Othonem
546 2275 583 2316 sc
607 2252 662 2317 Vit
690 2250 768 2313 lium
794 2248 926 2313 scelestis
952 2249 1046 2313 armis
1073 2272 1123 2313 res
1148 2252 1307 2317 Romanas

238 2348 365 2425 raptum
379 2337 453 2416 ire,”
468 2333 703 2425 vulgatum‘est,
718 2359 758 2399 ne
772 2356 867 2422 penes
886 2348 1003 2400 ceteros
1020 2335 1149 2421 Imperii
1164 2338 1304 2423 praemia,

239 2445 334 2510 penes
347 2422 430 2511 ipsos
448 2437 572 2489 tentum
591 2422 707 2487 servitii
729 2421 893 2485 necessitas
910 2436 999 2500 esset,
1021 2421 1151 2486 fremere
1168 2423 1255 2487 miles
1275 2436 1307 2489 et

239 2509 319 2574 vires
344 2532 416 2574 suas
438 2511 680 2598 circumspicere.
738 2509 867 2596 Septem
890 2507 1025 2594 legiones
1050 2509 1152 2574 stetim
1175 2523 1207 2574 et
1233 2533 1307 2575 cum

240 2594 419 2681 ingentibus
433 2596 556 2661 auxiliis
573 2595 663 2682 Syria
676 2594 871 2680 Judaeaque:
895 2594 968 2658 inde
985 2594 1131 2659 continua
1146 2597 1309 2694 AEgyptus

240 2681 374 2769 duaeque
395 2681 551 2768 legiones:
573 2683 647 2746 hinc
670 2679 871 2778 Cappadocia
892 2683 1076 2767 Pontusque
1097 2693 1129 2745 et
1150 2683 1306 2769 quidquid

238 2779 410 2832 castrorum
425 2768 585 2832 Armeniis
603 2767 817 2854 praetenditur.
861 2765 940 2830 Asia
959 2783 990 2829 et
1003 2779 1113 2830 ceterae
1127 2767 1304 2863 provinciae,

238 2875 295 2919 nec
308 2852 448 2918 virorum
461 2854 570 2940 inopes
579 2867 612 2917 et
624 2851 766 2940 pecuniae
776 2851 952 2938 opulentes:
968 2865 1123 2936 quantum
1134 2852 1306 2918 insularum

239 3064 757 3129 mimMucianumeleguntioremetdiligen.
823 3067 931 3124 Duoeque
942 3063 1055 3126 legiones]
1079 3062 1163 3110 Paullo
1179 3063 1245 3111 aliter
1261 3064 1307 3114 hoo

237 3129 319 3178 tiorem
334 3131 407 3178 fuisse
422 3130 447 3178 in
465 3129 614 3192 dispositiom
635 3137 659 3176 et
677 3129 758 3178 ordine
789 3131 853 3179 olim.
872 3129 935 3176 Nem
947 3127 975 3176 G.
987 3126 1072 3186 Cesar,
1087 3127 1193 3192 AEgypto
1207 3127 1307 3190 deviem,

237 3195 352 3256 omnium,
373 3211 427 3259 qun
442 3202 519 3258 egeret
535 3194 640 3257 circaque
655 3193 757 3242 habaet.
789 3205 836 3243 tres
856 3194 882 3240 in
904 3207 931 3239 en
948 3191 1050 3254 legiones
1070 3192 1171 3256 reliquit.
1214 3193 1307 3241 Auctor

238 3258 317 3318 Qunle
326 3268 371 3320 est,
379 3257 444 3323 quod
454 3259 484 3306 de
491 3255 634 3321 Vespasiano
643 3257 707 3306 Suet.
716 3259 756 3306 21.
790 3257 913 3308 Suetonius
923 3255 947 3303 in
958 3256 1010 3304 dul.
1018 3256 1057 3311 76.
1065 3257 1191 3320 Augustus
1196 3273 1250 3305 eum
1262 3273 1307 3306 nu.

225 3325 354 3385 ,Ordinem
377 3326 433 3371 uite
444 3325 501 3386 sere
522 3324 585 3369 hunc
606 3323 691 3381 tenuit,
714 3332 757 3373 etc.
790 3337 881 3372 merum
897 3321 998 3379 retinuit,
1014 3321 1061 3369 imo
1078 3329 1101 3370 et
1119 3321 1244 3370 Tiberium
1262 3325 1306 3370 sub

230 3387 330 3438 'Plinius
339 3390 387 3453 Ep-
401 3390 427 3446 2,
445 3388 484 3436 ll.
516 3388 614 3436 Saluius
630 3387 756 3447 Liberalis,
791 3403 838 3452 quo
856 3386 938 3433 Strabo
955 3399 1009 3432 sene
1026 3387 1092 3445 vixit,
1109 3396 1132 3433 et
1149 3387 1198 3433 hec
1218 3387 1307 3448 scripsit

236 3456 277 3504 uir
295 3456 396 3511 subtilis,
414 3454 548 3516 dispositus,
568 3467 630 3511 acer,
647 3453 756 3500 disertus.
789 3453 829 3500 lib
844 3451 880 3506 17.
892 3465 915 3512 p.
930 3449 984 3504 797.
1015 3449 1081 3496 Ἔστι
1099 3450 1120 3495 ll
1138 3450 1174 3512 (in
1188 3450 1308 3513 AEgypto)

235 3517 322 3567 Noster
332 3518 394 3568 inin
404 3517 444 3566 68.
459 3519 534 3579 ΑΜ
544 3518 667 3566 Vitellium
678 3519 757 3564 mitio
788 3518 838 3582 egle
855 3512 969 3573 τάγματα·
985 3509 1013 3560 ὦν
1030 3513 1055 3559 sl
1073 3513 1094 3560 tn
1112 3514 1171 3560 κατὰ
1187 3517 1226 3569 τὴν
1242 3517 1308 3563 πόλιν

237 3585 385 3646 indisposita,
403 3585 536 3635 temulenta.
569 3580 640 3628 Adde
656 3581 687 3628 ttd
702 3582 755 3628 Sen.
788 3579 908 3647 iipurst,r'
922 3575 986 3623 ἄλλα
1000 3577 1015 3624 δ’
1028 3579 1167 3644 ἰιτῆχώρᾳ.
1201 3578 1248 3628 Sed
1259 3579 1303 3628 Ti.

235 3647 266 3696 de
275 3647 345 3708 iras,
361 3649 385 3696 6.
418 3647 457 3696 Sic
469 3647 540 3710 igitur
551 3645 695 3708 Vespasiano
709 3645 757 3692 dis-
790 3643 866 3692 berius
884 3651 960 3691 temen
980 3656 1027 3690 nou
1046 3643 1070 3690 in
1089 3642 1193 3706 longum.
1234 3644 1308 3694 Anno

282 3712 334 3761 ‘tior
350 3713 389 3761 vel
404 3715 484 3774 aptior
494 3713 610 3773 dispositu
621 3710 756 3758 Mucianus.
790 3709 852 3756 enim
874 3707 971 3771 Imperii
992 3709 1042 3768 ejus
1058 3721 1120 3755 nono
1136 3707 1232 3758 Tacitus
1248 3709 1308 3768 clare

236 3727 305 3824 pugn
316 3778 506 3840 aptiorpronieu,
514 3775 608 3834 hocest,
617 3774 692 3836 magis
703 3790 756 3837 pro-
789 3773 847 3820 dues
858 3773 939 3820 saltem
950 3773 1051 3834 legiones
1062 3773 1167 3836 AEgypto
1178 3774 1305 3826 adtribuitt

236 3839 683 3904 vidusetdivinusetpensitatorfuturi,
690 3840 757 3902 quic·
789 3838 824 3886 uti
835 3838 905 3886 ethic
918 3837 950 3884 A.
964 3838 989 3896 d,
1001 3841 1024 3884 6.
1060 3839 1143 3886 Cetera
1156 3840 1250 3902 Asitcae
1261 3856 1308 3902 per

236 3905 294 3970 quid
304 3914 388 3984 ageret.
401 3907 492 3954 Giton.
519 3904 599 3954 Savilii
609 3903 668 3951 ratio
681 3904 757 3967 potior
789 3905 849 3950 duas
857 3905 957 3964 legiam
963 3904 1308 3968 partquennmcroAEgyptus.

235 3971 293 4019 milti
310 3971 402 4020 vrdettrr
415 3985 470 4019 cum
485 3970 539 4031 Bip.
553 3969 596 4032 qui
606 3969 676 4016 etiam
687 3976 756 4026 recte,
789 3966 894 4016 Observa
910 3982 965 4029 ergo
978 3967 1069 4025 obiter3
1087 3969 1167 4032 paullo
1181 3969 1265 4018 ceruus
1279 3969 1308 4017 de

235 4043 338 4099 utputo,
348 4043 464 4099 reponunt
470 4032 659 4093 sermoni,dnndi
669 4033 758 4096 quippe
790 4031 909 4080 Strabonis
927 4031 1057 4094 scriptione,
1075 4049 1147 4097 quam
1168 4033 1232 4081 ntes
1254 4048 1309 4082 eum

235 4100 422 4165 uisumrequirit
431 4101 518 4161 aptior.
789 4096 881 4145 desiisse
891 4105 945 4144 aute
957 4095 1120 4146 huncnonum
1127 4097 1309 4146 Tiberianilm-

270 4168 346 4214 Vario
356 4165 453 4228 eventu]
467 4163 567 4226 Respice
577 4163 608 4211 ad
618 4163 650 4211 A.
665 4164 703 4223 lb,
715 4162 755 4210 nt
788 4161 846 4225 perii
859 4175 954 4209 aunum.
976 4161 1056 4222 Addo,
1066 4162 1227 4226 Hegesippum
1239 4161 1309 4208 οιίιιιιι

236 4229 275 4286 27.
309 4231 348 4279 Sic
358 4244 406 4278 non
416 4244 475 4292 opus
486 4228 589 4277 Acidulii
600 4243 668 4276 nano.
790 4227 819 4274 de
833 4225 924 4274 duobus
938 4225 974 4274 his
987 4227 1118 4289 legionibus
1134 4223 1242 4274 adsentiri
1260 4224 1309 4282 Te,

271 4297 340 4344 Vires
351 4309 406 4341 ruas
416 4295 607 4368 circumspicere]
624 4293 672 4340 ie
685 4291 755 4338 iutel-
790 4291 836 4340 cito
845 4295 870 4349 4,
882 4292 920 4337 26.
955 4293 1015 4338 Esse
1023 4294 1095 4339 atam
1109 4291 1159 4336 tute
1172 4290 1229 4334 duos
1243 4287 1308 4333 mdt·

235 4358 299 4408 letis
317 4358 406 4408 simbus
422 4359 470 4406 suis
490 4367 654 4422 anogannem,
674 4356 755 4406 solemn
789 4371 830 4404 ner
837 4357 981 4404 militarium
988 4358 1104 4412 virorum,
1112 4351 1309 4414 qsoeslbicdjun·

236 4423 346 4475 fiduciam
357 4437 455 4472 mutere.
473 4423 545 4472 Ean.
724 4449 732 4462 ·
789 4436 846 4483 gere
863 4417 1170 4482 Vespasicsurprqreraott.
1187 4413 1265 4464 Ltus.
1297 4456 1300 4467 .
