3059 4975
203 282 267 357 rso·
578 246 882 339 utsroaraaum
1097 282 1272 357 [nassa

199 441 273 508 inde
295 460 402 521 morae,
422 440 500 507 dum
521 464 540 507 e
562 441 714 529 proximis
732 443 817 530 agris
840 442 970 531 ligones,
993 442 1148 527 dolabras,
1168 444 1270 511 etalii

200 528 306 607 falces,
327 527 485 614 scalasque
496 539 695 594 convectant:
717 542 797 608 tum,
818 529 906 595 elatis
927 553 1021 617 super
1041 532 1144 618 capita
1164 530 1269 611 scutis,

203 614 299 678 densa
313 613 468 678 testudine
479 614 657 679 succedunt.
681 614 834 679 Romanae
846 615 1004 701 utrimque
1014 628 1112 682 artes:
1131 616 1272 703 pondera

202 722 350 763 saxorum
370 698 526 763 Vitelliani
548 700 754 787 provolvunt3
783 701 945 789 disjectam
966 702 1204 788 fluitantemque
1225 716 1271 767 te·

202 785 359 850 studiuem
371 783 486 849 lanceis
499 786 659 873 contisque
674 797 869 851 scrutantur:
886 787 995 867 donec,
1010 788 1111 853 soluta
1119 810 1270 875 compage
1361 816 1363 824 ’

201 884 372 951 scutorum,
396 892 569 959 exsangues
591 885 647 935 aut
671 870 787 938 laceros
816 885 1046 960 prosternerent
1074 873 1174 939 multa
1196 897 1269 939 cum

204 970 428 1108 smXXVIII.
451 1042 620 1107 lacesserat
641 1044 808 1124 cunctatio,
830 1045 863 1109 ni
884 1046 992 1113 Duces
1012 1044 1094 1111 fesso
1114 1044 1216 1125 militi,
1238 1058 1271 1111 et

200 1127 289 1193 velut
302 1128 410 1193 inritas
424 1129 652 1193 exhortationes
665 1130 826 1210 abnuenti,
839 1130 1024 1196 Cremonam
1039 1143 1270 1199 monstrassent.

202 1215 360 1280 Hormine
373 1214 413 1278 ad
434 1215 606 1299 ingenium,
628 1229 665 1278 ut
686 1215 835 1280 Messalla
853 1216 960 1296 tradit,
982 1239 1023 1281 au
1045 1217 1148 1304 potior
1160 1231 1270 1281 auctor

199 1301 243 1365 sit
257 1301 296 1365 C.
308 1300 441 1378 Plinius,
456 1299 512 1385 qui
522 1299 698 1364 Antonium
711 1301 843 1381 incusat,
856 1302 943 1367 haud
952 1302 1041 1367 facile
1052 1302 1267 1368 discreverim:

200 1386 272 1465 nisi,
295 1386 382 1471 quod
402 1407 505 1471 neque
520 1385 688 1464 Antonius,
709 1410 813 1473 neque
830 1390 983 1467 Hormus,
1003 1412 1023 1452 a
1041 1388 1125 1451 fama
1143 1388 1269 1475 vitaque

202 1496 269 1550 sua,
280 1471 425 1557 quamvis
433 1470 567 1557 pessimo
574 1470 705 1559 flagitio,
714 1473 949 1560 degeneravere.
973 1475 1046 1537 Non
1059 1473 1268 1560 'amsanguis

200 1577 304 1643 neque
317 1554 448 1623 vulnera
468 1558 682 1637 morabantur,
706 1560 784 1645 quin
808 1561 993 1625 subruerent
1010 1497 1139 1639 vailum,
1162 1570 1271 1707 quate-

202 1655 272 1707 rent
294 1665 335 1705 ue
348 1656 474 1729 portas:
496 1642 597 1707 innixi
615 1644 754 1709 humeris
771 1659 803 1711 et
818 1668 911 1732 super
924 1645 1067 1709 iteratam
1081 1659 1163 1709 testu
1186 1644 1270 1709 inem

202 1666 395 1807 scandentes
412 1743 594 1815 prensarent
611 1729 748 1794 hostium
762 1730 824 1795 tela
837 1730 1045 1816 brachiaque:
1069 1729 1183 1817 integri
1197 1752 1270 1794 curn

202 1814 324 1893 sauciis,
336 1814 500 1879 semineces
514 1836 586 1879 cum
600 1815 840 1901 exspirantibus,
849 1815 1030 1895 volvuntur,
1042 1815 1129 1881 varia
1137 1838 1270 1904 pereun-

202 1900 282 1965 tium
297 1899 398 1965 forma
411 1913 443 1963 et
456 1901 542 1963 omni
555 1899 691 1987 imagine
704 1903 864 1967 mortium.

244 1985 377 2051 XXIX.
392 1985 592 2050 Acerrimum
604 2010 636 2049 se
659 1987 744 2051 timoe
753 1988 915 2088 tertiaeque
925 1986 1083 2075 legionum
1091 1986 1268 2053 certamen:

201 2084 234 2137 et
245 2074 324 2136 Dux
333 2070 503 2151 Antonius,
512 2094 586 2135 cum
594 2008 721 2137 deidatis
729 2074 944 2153 auxiliarlbus,
955 2074 1066 2139 eodem
1075 2073 1269 2138 incubuerat.

202 2158 384 2223 Obstinatos
404 2159 486 2222 inter
500 2181 533 2221 se
546 2179 619 2221 cum
642 2159 792 2224 sustinere
807 2159 963 2225 Vitelliani
982 2158 1157 2246 nequirent,
1172 2170 1204 2223 et
1218 2181 1269 2223 su-

200 2244 339 2345 perjacta
351 2243 413 2307 tela
426 2243 583 2308 testudine
601 2243 799 2322 laberentur:
826 2246 837 2310 i
861 2268 926 2309 sam
947 2258 1105 2331 postremo
1123 2243 1270 2307 balistam

198 2352 233 2393 m
255 2329 423 2395 subeuntes
466 2329 626 2417 ropulere:
649 2353 732 2417 quae,
747 2345 785 2397 ut
858 2353 994 2419 praesens
1014 2328 1136 2419 disjecit
1149 2328 1270 2393 obruit-

197 2440 272 2504 que,
283 2439 364 2504 quos
372 2352 534 2496 incidbrat
546 2415 592 2484 ita
601 2416 713 2507 pinnas
723 2440 759 2485 ac
771 2440 892 2485 summa
902 2416 975 2482 valli
986 2416 1077 2481 ruina
1088 2438 1145 2481 sua
1155 2414 1267 2481 traxit:

231 2609 376 2657 Multarum
384 2615 472 2670 strage,
481 2608 619 2672 incesserat]
637 2605 716 2666 Idest,
747 2606 858 2656 Primum
873 2607 903 2656 de
917 2605 1001 2656 balista
1015 2621 1063 2655 non
1079 2607 1134 2655 satis
1150 2603 1272 2656 commoda

199 2675 256 2750 qu'a
267 2674 343 2721 multa
355 2682 449 2736 sanga
461 2672 563 2719 timidior
573 2681 597 2719 et
607 2680 718 2719 mactm-
748 2673 828 2719 samir
835 2672 932 2720 dicitur:
945 2671 1152 2732 seddemajon'bas
1160 2670 1270 2730 molibus,

198 2749 243 2790 tior
254 2740 305 2800 jam
319 2737 394 2786 miles.
411 2737 489 2785 Iars.
519 2736 593 2787 Male·
626 2736 719 2784 Distin-
750 2736 816 2784 velut
830 2738 862 2784 A.
878 2738 903 2796 4,
918 2737 958 2784 62.
972 2735 1002 2784 de
1015 2736 1192 2800 amphitheatro,
1207 2735 1271 2800 quod

198 2805 245 2854 ctio
254 2803 336 2851 vitiosa
345 2803 370 2849 in
386 2801 452 2850 libris
462 2800 514 2849 edd.
526 2810 580 2849 ante
591 2800 718 2850 Pichenam
749 2799 834 2848 dicitur
844 2803 961 2864 operuisse
976 2800 1082 2849 homiues
1093 2801 1175 2849 ruina:
1192 2799 1272 2848 ratde-

197 2867 258 2916 iuit:
277 2867 318 2932 qui
328 2883 342 2915 e
352 2866 414 2914 Flor.
426 2867 467 2925 sic,
479 2875 507 2913 ut
519 2874 636 2926 truncant,
647 2865 718 2913 iuter-
750 2881 798 2929 que
805 2881 889 2927 vercor,
899 2879 928 2914 ne
937 2865 1034 2914 Tacitus
1045 2864 1158 2930 scripserit
1166 2865 1272 2912 obtrivit·

216 2932 292 2981 unxit
318 2930 441 2980 consentit
450 2930 486 2978 ed.
499 2947 534 2994 pr.
551 2931 623 2978 Ean.
652 2930 718 2994 Lipa
751 2945 803 2992 qne,
822 2930 885 2995 quod
901 2930 1007 2979 convenit
1022 2929 1064 2978 tali
1083 2928 1204 2979 machina.
1237 2927 1272 2978 Et

197 2950 249 3046 ioco
268 2997 385 3044 cunctatio
402 3010 523 3060 perperam
540 2997 652 3056 conjectat
667 3002 718 3043 tan·
750 2995 820 3044 inane
827 3003 876 3044 erat
884 2997 963 3043 obruit
970 2993 1060 3054 addere,
1070 2994 1134 3059 quod
1144 3009 1173 3042 ex
1183 2994 1272 3041 inride-

199 3065 264 3111 tarto.
751 3066 791 3107 rat
800 3059 897 3124 intelligi
905 3067 988 3122 potest.
999 3057 1272 3122 Vestigiaejuslectionis

231 3127 383 3176 Hormineid
391 3125 526 3188 ingenium]
535 3125 550 3170 i.
559 3122 716 3178 cinnamum,
750 3123 776 3170 in
785 3125 956 3188 corruptissima
966 3123 1002 3172 cd.
1012 3139 1048 3188 pr.
1057 3125 1183 3188 scriptura:
1202 3123 1271 3186 disje-

198 3201 226 3240 ut
234 3209 270 3254 ap.
281 3191 344 3239 Pliu.
353 3191 440 3238 Pan.c.
449 3190 614 3250 tamqnam
623 3189 719 3249 ingenio
751 3195 789 3236 eta
805 3191 958 3252 breviterque.
989 3189 1072 3253 Atque
1086 3190 1156 3238 etiam
1171 3187 1228 3236 alibi
1242 3187 1271 3236 li-

198 3271 333 3304 eoeaarum:
345 3254 414 3302 ubir.
425 3253 606 3312 Schwaniuaet
614 3252 670 3301 ade.
678 3254 719 3299 25.
750 3252 821 3302 brarii
832 3254 864 3302 sic
871 3262 1034 3318 permutarunt
1040 3253 1085 3302 ista
1092 3255 1168 3302 verba.
1186 3253 1271 3316 Sicap.

198 3323 246 3372 Pro
257 3321 379 3368 semineces
391 3316 466 3382 (quod
475 3317 501 3364 in
509 3316 584 3377 Bud)
594 3318 648 3365 MS.
658 3318 718 3380 Reg-
751 3315 806 3367 Liv.
822 3319 846 3379 3,
865 3321 906 3368 56.
922 3334 965 3383 pro
983 3320 1121 3378 attrivisset,
1143 3316 1168 3364 iu
1190 3331 1233 3363 scr.
1250 3323 1274 3364 et

198 3387 258 3450 Agr.
271 3384 546 3447 etod.pr.semianimea
571 3382 655 3431 Paullo
665 3391 720 3430 aute
751 3383 803 3431 cdd.
812 3391 929 3448 repertum
937 3383 1057 3442 amanter,
1069 3382 1111 3430 ubi
1119 3397 1140 3429 v.
1150 3379 1272 3428 Drakenb.

199 3450 262 3499 edidi
268 3454 409 3512 prensarent
417 3463 430 3496 c
438 3446 493 3495 MS.
502 3447 580 3495 Guelf.
589 3446 626 3495 ed.
634 3463 669 3510 pr.
676 3461 719 3511 pro
752 3445 822 3496 Certe
833 3447 938 3506 Tacitus,
955 3447 975 3496 si
985 3449 1062 3494 obruit
1075 3445 1209 3510 scripsisset,
1224 3458 1272 3491 non

194 3518 304 3578 pretam.
326 3514 399 3562 Eas.
431 3511 497 3560 Bud.
514 3528 607 3576 quoque
621 3526 719 3574 prensa·
751 3511 883 3573 addidisset,
896 3514 922 3560 tn
939 3525 995 3574 qnos
1006 3511 1137 3558 inciderat:
1154 3523 1209 3556 uam
1226 3505 1272 3557 hoc

200 3588 260 3628 rent.
288 3579 343 3642 Bip.
354 3586 414 3627 recte
424 3577 597 3639 attingentem
626 3576 688 3624 nrox
699 3591 719 3624 c.
749 3577 800 3640 jam
815 3585 849 3625 est
862 3578 887 3624 in
902 3578 972 3626 verbo
982 3577 1077 3632 obruit,-
1095 3573 1135 3622 sed
1148 3588 1271 3636 oppugna·

199 3645 261 3708 Agr.
277 3651 301 3692 et
315 3645 375 3708 Reg.
388 3642 451 3691 Lali.
466 3647 494 3690 at
508 3642 630 3690 Messalla
644 3642 719 3689 nadi-
752 3647 822 3704 tores,
845 3643 975 3703 subeuntes,
995 3648 1036 3688 aut
1053 3639 1128 3688 simile
1145 3637 1218 3702 quid:
1245 3647 1273 3686 ut

200 3715 260 3757 lum
752 3706 810 3755 adeo
824 3705 890 3754 nullo
904 3706 973 3754 modo
984 3703 1014 3752 de
1024 3704 1118 3752 veritate
1128 3701 1273 3754 manationis

232 3776 269 3822 Et
283 3775 348 3821 mani
365 3775 470 3837 imagine
486 3772 613 3836 martiam]
637 3770 721 3819 Pastas
752 3777 837 3820 nostra
852 3769 953 3820 dubitari
968 3780 1045 3834 queat.
1078 3767 1273 3831 Porrbqaosha-

199 3838 313 3897 imitatus,
328 3841 458 3900 inraginem
472 3854 515 3902 pro
529 3852 612 3901 genere
622 3835 683 3884 dixit
697 3843 721 3883 et
752 3837 809 3884 bent
819 3835 881 3884 rior.
894 3834 982 3900 (Bud.)
991 3834 1051 3898 Agr.
1065 3833 1145 3910 Caeli.
1157 3832 1209 3882 edd.
1221 3847 1272 3880 om-

198 3900 719 4030 iiiiisiiindliiitiiffl
752 3899 1274 4029 tita‘ttt‘trtttttqttttrt
1313 3969 1316 3974 ·

231 4028 370 4099 Sapnjartn
389 4031 446 4093 tela]
479 4033 517 4081 Sic
538 4034 598 4080 bene
615 4030 679 4081 Flor.
697 4038 721 4080 et
753 4029 866 4094 gaudum,
883 4030 988 4088 librarios
1006 4044 1067 4093 sape
1082 4029 1107 4077 iu
1122 4027 1194 4087 hujus
1209 4024 1273 4101 verbi

198 4097 262 4148 Bnd.
272 4111 316 4162 pro
327 4097 390 4161 vulg.
399 4099 537 4159 superjecta.
553 4096 616 4146 Vide
626 4095 687 4144 infra
695 4098 719 4156 5,
753 4095 920 4144 constructione
943 4095 1111 4160 repositionem
1119 4100 1204 4140 temere
1214 4105 1274 4138 omr-

199 4165 223 4212 6.
232 4154 449 4213 etsutrrals.
466 4156 593 4224 CodAgr.
602 4174 650 4210 non
659 4161 722 4208 male
753 4161 817 4220 sisse,
829 4159 906 4209 ubiiis
932 4159 1197 4236 octiririnonparuere.
1213 4153 1272 4230 vid:

198 4235 363 4360 mpliciliritdrirai
391 4290 503 4343 Murena
513 4290 607 4349 molem,
618 4288 722 4338 forsane
753 4224 994 4338 iiddiidddmeuiidciii
1002 4221 1091 4336 ³⁰11·de
1090 4222 1146 4334 bosi
1147 4220 1264 4350 ’uigilexii
1264 4234 1274 4340 i

196 4358 281 4408 codice.
305 4360 339 4410 Et
349 4359 399 4409 aad.
409 4356 569 4420 Agr-nwlem
580 4355 648 4415 nelli,
659 4355 722 4418 glos·
754 4362 791 4413 ut,
807 4354 827 4402 si
842 4355 902 4404 liber
911 4357 986 4404 bouus
998 4354 1098 4415 juraret,
1114 4351 1211 4400 libenter
1222 4349 1275 4413 qais

198 4437 270 4470 sana.
416 4413 426 4479 ζ
756 4419 869 4482 scriptum
879 4436 893 4468 a
904 4417 987 4468 Tacito
998 4425 1136 4474 statuerem:
1147 4413 1275 4492 prasertim

227 4487 328 4550 Dtrjerit
345 4484 479 4580 obstipae,
504 4500 560 4548 qaas
588 4485 718 4550 inciderat]
752 4499 806 4532 rum
818 4483 886 4534 illum
896 4483 994 4534 modum
1005 4481 1116 4547 loquendi
1123 4477 1273 4538 mattara-
