3059 4975
221 276 281 335 228
606 274 912 337 HISTORIARUM
1119 281 1168 354 [A.
1179 292 1211 336 u.
1224 281 1293 338 823.

270 440 468 508 LXXVIII.
491 440 579 505 Dum
594 440 662 504 haec
673 441 705 503 in
720 440 862 541 partibus
871 440 988 505 Vitellii
1001 454 1166 526 geruntur,
1176 443 1293 529 digres

226 550 278 593 sus
298 528 419 593 Narnia
433 528 461 592 V
551 525 558 541 ⁸
579 526 612 589 ni
631 540 795 605 exercitus,
816 525 910 591 festos
931 526 1057 591 Saturni
1078 526 1144 593 dies
1158 529 1295 604 Ocriculi

226 636 282 703 per
295 614 394 678 otium
408 544 579 701 agiidfflffl
596 613 716 676 Caussa
729 624 794 675 tam
814 634 921 699 pravae
934 634 1041 690 morae,
1057 625 1093 693 nt
1108 614 1295 678 Mucianum

226 700 450 788 opperirentur.
494 698 562 762 Nec
575 695 714 775 defuere,
729 696 786 785 qui
805 697 981 763 Antonium
1001 697 1227 787 suspicionibus
1248 724 1296 763 ar-

227 798 368 873 guerent,
395 796 554 871 tamquam
579 790 602 823 ‘⁴
618 782 692 847 dolo
713 794 921 863 cunctantem,
1000 796 1014 847 t
1034 798 1164 849 secretas
1178 784 1297 849 Vitellii

228 870 382 958 epistolas,
393 870 509 957 quibus
520 866 731 959 Consulatum
743 868 923 935 etnubilem
968 868 975 882 '
1040 883 1072 934 et
1083 867 1202 934 dotales
1211 892 1297 970 opes,

250 955 363 1020 retium
375 954 571 1043 proditionis,
582 952 761 1019 offerebat?
781 954 859 1035 Alii,
874 962 898 997 “
908 955 984 1020 ficta
995 955 1067 1022 haec
1076 967 1108 1019 ct
1120 954 1153 1019 in
1164 967 1298 1043 gruttam

227 978 371 1106 biuciaui
395 1041 593 1133 composita.”
635 1040 783 1119 Quidam,
808 1047 831 1079 ‘⁶
850 1040 991 1105 omnium
1018 1041 1057 1105 id
1072 1041 1202 1106 Ducum
1223 1063 1297 1105 eon·

229 1128 332 1193 silium
357 1127 463 1205 fuisse,
487 1138 640 1192 ostentare
664 1124 772 1211 potius·
794 1124 866 1190 urbi
889 1125 1019 1203 bellum,
1043 1148 1141 1213 quam
1162 1127 1295 1191 inferre:

121 1240 124 1255 ’
229 1215 357 1301 quando
368 1211 563 1278 validissime
574 1210 715 1274 cobortes
729 1210 888 1276 aVitellio
899 1209 1108 1289 descivissent,
1119 1227 1162 1290 et,
1173 1212 1299 1277 abscisis

229 1301 374 1365 omnibns
395 1296 556 1384 praesidiis,
574 1316 717 1359 cessurus
732 1294 780 1359 Im
821 1296 868 1360 rio
886 1294 1061 1361 ridebatur.
1105 1297 1170 1363 Sed
1185 1312 1299 1361 cuncta

229 1384 435 1460 festinatione,
459 1381 571 1447 deinde
596 1381 720 1467 ignavia
743 1382 786 1446 Sa
807 1382 861 1460 ini,
885 1395 1054 1468 conrupta:
1086 1382 1142 1469 qui
1165 1384 1298 1469 sumptis

231 1486 346 1535 temere
368 1468 472 1546 armis,
497 1466 733 1532 munitissimam
759 1467 896 1555 capitolii
923 1490 1036 1547 arcem,
1059 1483 1092 1533 et
1114 1490 1154 1531 ne
1177 1468 1300 1553 magnis

231 1555 358 1642 quidem
372 1554 558 1619 exercitibus
572 1575 655 1639 expu
700 1552 823 1631 abilem,
834 1553 984 1617 adversus
996 1554 1052 1617 tris
1062 1554 1206 1617 cohortes
1217 1554 1300 1617 tueri

230 1640 453 1727 rrequivisset.''·
490 1639 591 1705 Haud
602 1576 699 1703 baffi
701 1638 777 1725 quis
786 1638 842 1702 uni
856 1638 1065 1725 adsignaverit
1075 1638 1211 1738 culpam,
1226 1661 1299 1726 quoe

230 1727 370 1791 omnium
391 1725 470 1802 fuit,
503 1747 576 1789 nam
597 1739 628 1788 et
648 1724 817 1789 Mucianus
836 1723 992 1810 ambiguis
1011 1722 1149 1811 epistolis
1168 1724 1300 1789 victores

231 1814 422 1891 morabatur,
437 1824 469 1875 et
478 1809 635 1875 Antonius
648 1823 838 1910 praepostero
847 1810 1005 1897 obsequio,
1020 1810 1081 1889 vei,
1094 1809 1172 1874 dum
1185 1811 1300 1896 regerit

232 1898 392 1979 invidiam,
415 1897 530 1962 crimen
559 1911 689 1961 merurt:
712 1896 869 1996 ceterique
887 1897 1005 1972 Duces,
1029 1897 1112 1960 dum.
1136 1909 1300 1983 peraction-

231 1984 349 2049 beilnm
368 1997 492 2071 putant,
515 1983 607 2047 finem
625 1983 693 2069 ejus
713 1982 911 2069 insigmvere.
953 1983 1005 2045 Ne
1019 1981 1148 2046 Petilius
1171 1981 1301 2079 quidem

234 2070 374 2150 Cerialis,
386 2088 458 2134 cunr
470 2068 554 2133 mille
568 2068 725 2166 equitibus
760 2068 926 2146 tremissum
941 2080 977 2131 ut
991 2067 1172 2132 transversis
1184 2067 1306 2131 itineri-

233 2156 295 2221 bus
316 2179 372 2244 per
393 2176 504 2243 agrurn
528 2155 680 2218 Sabinum
704 2156 726 2217 S
757 2155 823 2217 aria
844 2154 894 2217 via
916 2153 1025 2216 urbem
1050 2154 1202 2230 introiret,
1224 2152 1301 2217 satis

233 2256 460 2307 maturaverat:
483 2239 581 2304 donee
595 2239 710 2303 obsessi
731 2238 866 2326 capitolii
886 2238 971 2302 fama
987 2253 1116 2302 cunctos
1136 2238 1228 2301 simul
1246 2262 1303 2301 er-

230 2342 315 2393 crret.
868 2348 873 2354 ·

278 2412 452 2479 LXXIX.
477 2412 637 2477 Antonius
678 2434 711 2477 er
726 2410 911 2475 Flaminiam
924 2410 966 2474 ad
980 2414 1065 2477 Saxa
1078 2408 1187 2490 rubra,
1199 2408 1307 2472 multo

229 2503 298 2588 jam
321 2500 428 2577 noctis,
453 2520 557 2564 serum
578 2434 730 2566 auxiiium
753 2498 847 2562 venit.
894 2496 964 2562 Illic
979 2506 1007 2587 .“
1024 2498 1221 2564 interfectum
1244 2499 1300 2561 Sa-

268 2778 387 2841 uertente]
405 2775 443 2826 Sic
453 2774 529 2824 ems
539 2775 600 2839 Agr.
608 2773 680 2823 edidit
688 2774 754 2840 Ryo·
781 2772 849 2823 lectio
857 2788 888 2823 ex
897 2775 1011 2839 scripura
1020 2775 1122 2825 Floreat.
1133 2776 1192 2822 dum
1202 2775 1301 2837 regerit.

234 2841 296 2897 tius,
314 2851 451 2906 secutusque
466 2841 495 2889 J.
505 2842 578 2889 Gron.
597 2850 664 2888 reete.
697 2841 750 2888 Hoc
783 2839 904 2886 Nimirum
918 2840 1031 2890 invidiam
1048 2840 1098 2904 ipse
1116 2840 1141 2888 in
1158 2839 1301 2888 Mattianum

233 2907 358 2969 antiquum
374 2921 468 2964 nornen,
479 2914 597 2954 mutatum
610 2907 640 2952 ab
654 2905 752 2954 librariis
783 2912 913 2967 retorquet:
925 2905 1046 2963 invidiam,
1057 2907 1163 2969 inquam,
1171 2906 1223 2966 ejus
1229 2905 1301 2966 culpa

233 2971 259 3017 in
273 2973 384 3030 ostana,
396 2971 459 3036 qnod
473 2969 591 3018 illaetate
603 2970 752 3017 sicnomina-
782 2977 806 3015 et
827 2968 923 3017 murato
944 2970 1079 3034 cupientium
1100 2978 1218 3016 exustum.
1250 2969 1301 3016 Gur

234 3036 310 3092 batur,
322 3036 433 3085 uthodie.
460 3033 751 3084 Variantinhocnomina
783 3032 845 3080 enim
862 3043 965 3082 moratus
974 3043 1069 3089 estant
1078 3033 1196 3081 inhibuit?
1228 3033 1300 3096 Atia

235 3099 309 3147 MSS.
320 3117 358 3164 ap.
370 3100 423 3149 Liv.
435 3102 475 3155 22,
488 3099 524 3146 ll.
536 3099 578 3146 nbi
588 3107 647 3146 recte
657 3098 750 3161 prafer-
783 3096 880 3144 crimine
892 3105 972 3146 tamen
982 3099 1110 3157 Antonius,
1125 3113 1167 3146 nec
1181 3113 1263 3162 parere
1274 3097 1302 3142 in

233 3164 492 3213 turOcrtsutuna-Vid.
499 3161 656 3210 toiDrakenu
666 3170 758 3227 ecquos·
782 3163 988 3212 maumites
994 3163 1099 3211 desem
1116 3163 1191 3212 lars.
1209 3164 1301 3224 Nmpe

234 3227 322 3274 laudat.
355 3229 446 3276 Eodem
467 3226 579 3288 scriptura
596 3226 659 3291 apud
676 3226 751 3274 Cicer.
785 3223 848 3274 rior.
860 3227 896 3290 (et
909 3227 1066 3289 Bud.)habet
1079 3234 1180 3288 regeret,
1197 3238 1225 3275 ut
1239 3229 1300 3289 Agr:

235 3290 453 3340 Miiucintonis
466 3291 538 3339 libris.
572 3291 750 3354 Graeciquidsm
784 3289 868 3354 edpr.
878 3293 941 3340 unde
952 3293 1054 3341 Pichena
1064 3292 1118 3340 iecit
1128 3295 1225 3352 regerit,
1235 3290 1299 3352 quod

236 3371 325 3420 semper
334 3357 462 3420 ‘Oxptxaaa
482 3355 538 3404 MS.
547 3355 627 3404 Guelf.
638 3355 663 3402 h.
675 3356 693 3403 l.
701 3358 750 3403 art-
783 3369 864 3402 omnes
876 3363 958 3418 postea
968 3357 1040 3405 secuti
1053 3365 1114 3404 sunt.
1145 3355 1211 3402 Ante
1221 3352 1301 3401 Guelt

235 3423 291 3480 eata
304 3423 344 3470 ssd
355 3421 535 3484 superscriptum
545 3428 562 3468 t.
596 3419 663 3468 Infra
672 3435 751 3468 rursus
779 3426 900 3481 postremo
909 3421 989 3469 vitiooe
1004 3435 1047 3483 pro
1059 3426 1220 3481 praepoetero:
1237 3418 1301 3481 quod

234 3487 330 3534 αὒιεὶιὲι
335 3501 390 3536 ann
396 3485 422 3533 J.
430 3485 532 3534 Gronov.
538 3484 653 3534 edidimus
660 3501 673 3532 e
680 3485 753 3534 MSS.
785 3495 862 3531 tamen
873 3484 899 3531 in
909 3486 1014 3548 margine
1024 3500 1067 3548 pro
1077 3501 1123 3532 rar.
1134 3485 1188 3531 lect.
1199 3492 1302 3530 notaturc

235 3549 300 3597 rior.
312 3551 391 3598 Guelf.
403 3550 438 3598 ed
450 3565 485 3612 pr.
500 3565 542 3612 pro
552 3551 657 3597 umisa
673 3550 718 3609 (sio
728 3558 752 3597 et
785 3548 857 3595 Ειιιι.
872 3550 1058 3613 Bipomrjiciunt
1066 3555 1189 3609 regerem.

236 3613 328 3671 auat:
345 3624 369 3664 et
382 3615 461 3678 mullo
477 3625 529 3678 post
544 3629 558 3663 s
573 3614 635 3662 Flor.
652 3621 675 3662 et
690 3617 750 3677 Agr.
817 3614 1028 3677 Dumperactam]
1046 3613 1165 3660 Romarm
1176 3620 1303 3674 patratam
1369 3621 1374 3630 “

235 3681 394 3740 mquiubuta
411 3679 478 3728 aeteri
490 3680 525 3742 (et
535 3677 610 3739 Bud)
627 3680 751 3740 nequisset.
783 3679 883 3724 bellum.-
900 3680 978 3740 probe.
995 3677 1070 3723 ers.
1085 3677 1112 3723 Si
1121 3676 1258 3742 intelligitur
1265 3679 1301 3726 ed.

238 3742 311 3791 Euri.
343 3744 406 3792 Bud.
417 3744 521 3792 Ariculi.
531 3743 594 3790 Ptol.
606 3743 642 3799 3,'
651 3743 671 3789 l.
683 3743 754 3792 habet
785 3750 855 3806 peut
865 3741 930 3801 alibi,
940 3743 966 3789 in
976 3757 1003 3789 ee
1013 3749 1047 3790 est
1059 3749 1184 3804 paratum,
1194 3757 1241 3790 non
1256 3759 1301 3804 pa·

236 3805 373 3873 'oretanum
381 3809 431 3872 Ap.
438 3809 597 3870 Grutpffl
607 3808 752 3854 Ocriculani.
785 3811 884 3865 tratum,
901 3807 942 3854 sed
955 3813 1084 3870 patratum
1099 3807 1156 3855 dare
1165 3823 1241 3870 opere
1254 3809 1302 3854 t'or-

236 3868 297 3931 EJus
307 3873 371 3920 urbis
381 3873 464 3920 nidmu
472 3871 591 3936 complura
602 3871 678 3920 studio
685 3881 709 3920 et
718 3872 755 3920 in·
786 3871 961 3929 tassaroluere3
972 3885 1028 3920 nam
1036 3871 1093 3920 etin
1103 3872 1301 3935 scriptisesverba

295 3935 301 3944 '
322 3936 391 3984 Oard.
400 3937 496 3984 Pelleta
504 3952 526 3985 s.
536 3936 605 3992 1775.
615 3936 754 3999 prodierein
785 3935 973 3986 mnbnduntun
999 3950 1142 4000 quamquam
1160 3936 1230 3984 aim
1244 3950 1302 3996 pera

236 3948 321 4060 dms,
336 4000 454 4065 publicata
466 4001 618 4115 effigiat.
628 4001 766 4114 Qfflb'
785 4000 1160 4115 wimnoedtdmbdidbcwaunffi
1175 3999 1257 4058 sciant,
1273 4009 1301 4047 ut

236 4077 262 4110 1¹1
314 4077 504 4116 unumunurn
605 4081 658 4115 ,ιιι
740 4081 757 4114 ιι
935 4083 962 4116 m
1100 4077 1148 4112 art.
1245 4091 1304 4112 ’,ι

238 4128 309 4183 1784.
784 4079 937 4179 &Xe-tuat
947 4132 1032 4195 mitra]
1065 4127 1303 4186 laesorummssdssms

270 4195 476 4259 Munitissimum]
493 4194 756 4250 animumanimum.
786 4194 836 4243 istis
845 4195 984 4259 flagitiisque
993 4194 1164 4257 insignitarum,
1178 4193 1249 4241 dmm
1260 4193 1306 4240 aa·

270 4261 338 4307 Dum
344 4266 434 4321 tegeret
441 4260 569 4333 invidiam]
587 4259 695 4308 Neunus
704 4261 754 4321 ipsc
785 4258 1301 4323 monausntsigillstitn01uver.1tal.ant2,

236 4323 321 4371 annia
334 4323 393 4372 velle
411 4331 434 4372 ct
450 4323 529 4370 facere.
540 4322 662 4381 riderem,
681 4339 753 4388 eoque
783 4323 1308 4388 3.poaaetN0=iciaAnnusyroMsssd.

238 4396 365 4436 cunctatus.
397 4388 444 4436 Sed
460 4386 536 4450 placet
554 4389 628 4452 magis
645 4387 754 4437 Picberrn
785 4405 810 4452 p.
821 4391 880 4446 59„
1173 4424 1176 4428 ι
1195 4425 1197 4427 ·

1518 2315 1527 2551 i
