3059 4975
250 274 289 329 aa
634 264 937 327 HlsTOR1ARUM
1149 266 1320 343 [sassa

253 432 365 498 iorum·
387 431 525 509 invadat,
554 444 597 509 et,
625 445 842 519 prospectante
867 429 980 509 Galba,
994 428 1185 517 'capitolium
1209 430 1318 495 adeat:

252 518 331 583 dum
341 516 484 605 egregius
496 517 677 603 Imperator,
690 540 763 582 cum
776 516 910 581 fortibus
924 514 1039 595 amicis,
1053 517 1152 603 janua
1165 538 1201 579 ac
1216 515 1320 581 limine

256 617 347 669 tenus
369 602 497 667 domum
520 602 630 681 cludit,
652 602 844 668 obsidionem
866 601 1013 666 nimirum
1034 600 1230 666 toleraturus.
1268 602 1322 666 'Et

252 688 437 776 praclarum
450 688 484 752 in
498 690 593 753 servis
602 688 765 767 auxilium,
782 689 806 752 si
818 709 983 752 consensus
993 700 1088 751 tantae
1098 684 1317 764 multitudinis,

254 790 297 853 et,
311 797 384 861 quae
398 773 570 861 plurimum
583 773 676 853 valet,
690 774 793 861 prima
806 773 978 861 indignatio
993 772 1197 859 elanguescat.
1242 773 1333 838 Pra

253 859 327 923 inde
347 860 459 937 intuto,
483 884 555 948 quae
571 860 733 926 indecora:
756 858 817 939 vel,
841 859 865 923 si
885 858 995 924 cadere
1013 880 1135 923 necesse
1149 856 1198 933 sit,
1213 880 1320 923 occur-

253 943 388 1010 rendum
398 943 576 1012 discrimini.
608 945 650 1010 Id
661 946 779 1011 Othoni
791 944 983 1024 invidiosius,
995 956 1026 1009 et
1037 943 1112 1043 ipsis
1126 944 1320 1009 honestum.”

255 1032 349 1118 Repu
435 1043 498 1096 tem
516 1032 591 1097 huic
610 1032 769 1096 sententias
783 1030 911 1095 Vinium
925 1031 1011 1095 Laco
1025 1030 1184 1094 minaciter
1197 1028 1320 1108 invasit,

255 1116 327 1181 stim
362 1129 433 1181 ante
449 1116 545 1197 Ice10,
559 1116 673 1205 privati
687 1115 941 1203 odii'pertinacia,
956 1115 989 1203 in
1002 1115 1164 1204 publicum
1179 1114 1335 1181 exitium:

299 1202 471 1268 XXXIV.
497 1203 568 1267 Nec
589 1202 708 1268 diutius
730 1202 834 1268 Galba
854 1214 1027 1281 cunctatus,
1049 1200 1232 1349 {peciodora
1251 1222 1334 1265 sua·

256 1288 403 1353 dentibus
416 1288 551 1353 accessit.
587 1288 770 1353 Praemissus
781 1300 885 1354 tamen
896 1287 928 1353 in
939 1300 1039 1352 castra
1079 1286 1135 1365 iso,
1147 1301 1184 1351 ut
1195 1287 1322 1373 juvenis

256 1396 372 1459 magno
392 1372 527 1453 nomine,
549 1373 663 1439 recenti
676 1374 794 1454 favore,
816 1388 847 1439 et
860 1374 998 1439 infensus
1014 1374 1057 1437 T.
1072 1372 1164 1437 Vinio
1178 1395 1233 1437 seu
1247 1372 1322 1459 quia

256 1473 332 1536 erat,
354 1482 409 1523 seu
429 1458 505 1546 quia
520 1460 592 1524 irati
610 1460 654 1525 its
670 1460 832 1534 volebant3
857 1474 888 1525 et
901 1458 1021 1525 facilius
1034 1458 1074 1522 de
1088 1457 1160 1523 odio
1174 1458 1319 1523 creditur.

256 1544 320 1608 Vix
333 1544 410 1609 dum
424 1567 547 1643 egresso
561 1545 686 1626 Pisone,
706 1547 843 1611 occisum
861 1546 894 1610 in
915 1546 1022 1609 castris
1037 1544 1204 1625 Othonem,
1223 1568 1322 1630 vagus
1343 1596 1345 1599 .

255 1630 393 1716 primum
407 1645 438 1694 et
451 1645 588 1696 incertus
600 1654 725 1696 rumor:
748 1654 834 1710 mox,
849 1645 886 1695 ut
899 1631 930 1695 in
945 1630 1068 1718 magnis
1082 1630 1260 1708 mendaciis,
1275 1630 1333 1693 in·-

255 1714 398 1779 terfuisse
412 1740 444 1780 se
458 1716 588 1802 quidam
604 1730 636 1781 et
650 1717 774 1795 vidisse,
788 1717 1006 1794 adfirmabant,
1020 1714 1148 1779 credula
1162 1716 1261 1779 Fama
1275 1714 1333 1779 inv

255 1814 304 1864 ter
313 1800 485 1888 gaudentes
496 1814 528 1865 et
536 1802 715 1869 incuriosos.
749 1802 849 1868 Multi
864 1802 1105 1879 arbitrabantur,
1117 1800 1330 1887 compositum,

254 1901 381 1952 auctum
405 1910 445 1953 ue
458 1910 627 1968 rumorem,
647 1888 753 1953 mixtis
769 1889 836 1975 jam
852 1888 1046 1967 Othonianis,
1067 1886 1122 1973 qui
1137 1887 1179 1951 ad
1192 1908 1321 1952 evocan-

256 1972 334 2037 dum
413 1974 486 2038 bam
499 1973 572 2045 heta
585 1974 665 2039 falso
675 1974 880 2063 vulgaverint.
1250 2000 1252 2007 ’

299 2060 450 2123 XXXV.
474 2060 562 2125 Tum
576 2083 650 2125 vero
663 2084 727 2124 non
740 2060 878 2146 populus
897 2071 1019 2123 tantum
1040 2073 1071 2123 et
1088 2059 1220 2145 inperita
1233 2060 1321 2147 plebs
1326 2080 1331 2115 ὲ

254 2144 288 2207 in
301 2144 431 2231 plausus
442 2159 475 2210 et
487 2146 642 2208 inmodica
655 2144 768 2219 studia,
784 2143 839 2207 sed
850 2144 1007 2243 Equitum
1020 2143 1162 2245 plerique
1175 2169 1211 2209 ac
1227 2148 1322 2211 Sena-

253 2241 369 2306 torum,
392 2231 495 2316 posito
515 2241 603 2292 metu
625 2229 753 2310 incauti,
776 2228 915 2293 refractis
937 2229 1044 2316 palatii
1070 2229 1199 2307 foribus,
1229 2254 1320 2296 ruere
1360 2266 1363 2271 ·

253 2314 348 2391 intus,
370 2336 407 2377 ac
427 2337 460 2378 se
479 2312 591 2379 Galbae
613 2328 776 2393 ostentare,
796 2328 983 2403 praereptam
1003 2316 1061 2379 sibi
1080 2315 1229 2380 ultionem
1244 2340 1320 2403 que-

251 2415 362 2463 rentes.
410 2399 635 2486 Ignavissimus
677 2399 786 2487 uisque
806 2412 848 2481 et,
871 2415 908 2465 ut
926 2424 975 2464 res
994 2400 1119 2481 docuit,
1130 2402 1164 2465 in
1183 2402 1329 2490 periculo

251 2506 315 2549 non
335 2508 480 2566 ausurus,
504 2486 592 2550 nimii
617 2511 671 2551 ver
692 2487 730 2565 is,
755 2486 872 2575 linguae
896 2486 1031 2552 feroces:
1061 2510 1152 2552 nemo
1176 2489 1261 2568 scire,
1288 2507 1319 2554 et

252 2592 359 2635 omnes
378 2570 558 2636 adfirmare:
585 2572 683 2636 donec
704 2573 810 2660 inopia
830 2572 906 2651 veri,
929 2586 960 2637 et
980 2595 1130 2638 consensu
1150 2575 1319 2640 errantium

251 2655 363 2736 victus,
385 2669 511 2745 sumpto
528 2657 662 2738 thorace,
684 2658 798 2740 Galba,
820 2658 956 2725 inruenti
971 2660 1081 2740 turbae,
1101 2682 1203 2748 neque
1217 2674 1318 2741 aetate,

250 2861 367 2923 bipsium.
376 2863 584 2927 capessebant
595 2865 672 2923 male;
683 2865 769 2915 sedfir-
803 2864 901 2930 Ryckio.
925 2868 1005 2915 Bicera
1013 2865 1155 2914 &mendum
1166 2861 1242 2928 primo
1253 2865 1282 2914 ad
1291 2869 1317 2914 in

252 2935 302 2974 rust
314 2928 340 2974 sl
354 2930 438 2989 cludit,
455 2929 518 2994 quod
531 2931 582 2990 J'am
593 2930 688 2993 Lipsius
698 2931 769 2979 dedit.
797 2933 899 2992 plausus
914 2939 937 2978 et
948 2933 964 2978 ἰ.
981 2938 1009 2978 st.
1027 2930 1104 2994 quoad
1117 2931 1216 2994 pertinet
1229 2930 1260 2978 ad
1276 2947 1319 2994 po·

253 2990 326 3041 Eun.
802 2995 886 3058 pulum
897 3004 920 3043 et
929 2995 1031 3060 plebem,
1048 2993 1130 3042 deinde
1148 2993 1178 3041 ad
1194 2996 1260 3042 utus
1275 3011 1317 3060 pro

283 3057 383 3120 Indiga.
396 3057 544 3122 laagrmm]
561 3059 616 3108 MS.
629 3059 694 3107 Flos.
705 3061 769 3107 tudi-
802 3062 874 3119 intro,
890 3059 967 3124 quoad
981 3059 1079 3122 pertinet
1093 3058 1124 3106 ad
1133 3058 1233 3122 Equites
1243 3067 1266 3106 et
1276 3063 1317 3108 Se·

248 3124 363 3180 guntione
375 3125 457 3185 longa.
472 3123 535 3171 unde
548 3124 574 3172 J.
589 3124 662 3172 Gran.
675 3125 769 3187 corrigit
801 3132 898 3172 astures.
932 3124 1041 3173 Ceterum
1059 3123 1171 3173 Heinsius
1190 3125 1317 3185 mocissi·

252 3186 385 3246 tndignatio
405 3189 569 3250 elongassent
590 3188 673 3252 placet.
692 3189 765 3236 Ean.
802 3203 855 3236 mus
865 3197 907 3238 etc.
919 3187 1039 3252 conjungit
1049 3203 1103 3237 cum
1113 3197 1241 3251 querentes,
1253 3190 1317 3236 etsie

251 3249 368 3313 Recepere
384 3251 446 3300 Irall.
460 3261 484 3300 et
499 3251 633 3301 Dntteville¹
668 3253 765 3318 Sequor.
801 3261 835 3300 est
849 3253 874 3300 in
889 3253 968 3302 Ouelf.
983 3253 1018 3302 ed.
1033 3269 1068 3316 pr.
1095 3253 1254 3315 Interpunctio
1264 3253 1316 3299 vul·

252 3312 291 3360 Sic
301 3323 324 3362 et
334 3330 355 3362 c.
364 3317 404 3363 46.
414 3324 438 3364 et
448 3319 473 3376 4,
485 3318 525 3363 42.
800 3326 855 3380 gata
869 3327 903 3366 est
913 3333 927 3365 a
938 3317 1028 3366 Puteal.
1064 3317 1124 3366 Mox
1137 3316 1217 3365 Ouelf.
1233 3319 1323 3382 atmiis,

285 3380 388 3428 Credula
391 3381 477 3446 sama]
486 3380 580 3430 Passive
586 3384 682 3430 medulo
689 3382 766 3430 disits
801 3383 887 3430 vertis.
900 3383 971 3431 Ean.
998 3383 1036 3429 Eo
1047 3384 1130 3438 tntum
1144 3397 1196 3429 rum
1206 3382 1269 3428 iutro
1279 3397 1315 3429 so-

249 3455 324 3499 novet
336 3444 381 3493 nisi
389 3445 679 3513 daosnrsudmposfamam
687 3447 717 3496 tle
723 3447 767 3496 bo-
799 3445 906 3495 loecimis
918 3446 1054 3495 adnumerat
1068 3445 1183 3505 Quinctil·
1200 3445 1222 3504 l,
1238 3450 1263 3504 5,
1275 3449 1315 3496 ⁵0.

250 3507 353 3556 minibus
363 3509 528 3572 dissipantibus
539 3527 589 3559 rem
599 3521 685 3560 temere
694 3511 767 3560 credi-
800 3509 880 3558 Habet
892 3519 970 3560 tamen
987 3510 1045 3558 Cato
1056 3510 1085 3560 de
1096 3511 1128 3560 R.
1137 3511 1169 3559 R.
1184 3526 1235 3572 φησι
1251 3512 1315 3560 intro

250 3578 299 3620 tam
315 3574 400 3637 capias.
419 3573 493 3622 Ean.
526 3575 601 3624 Notat
618 3576 718 3625 Ssrilins
731 3591 766 3625 ‚ex
799 3573 929 3624 dorstatum
934 3595 945 3632 ,·
966 3583 990 3624 et
1000 3575 1077 3624 Casas
1088 3576 1118 3624 B.
1131 3575 1161 3624 O.
1171 3576 1195 3635 3,
1207 3575 1246 3622 26.
1263 3577 1315 3634 Quo

249 3637 361 3700 Dionysio
372 3639 429 3686 Hal.
440 3647 574 3688 consuetam
585 3639 656 3689 fuisse
669 3639 766 3704 Thucy·
798 3640 950 3704 amarasque
960 3642 1026 3688 intur
1039 3647 1073 3688 est
1084 3643 1153 3688 itum.
1285 3682 1289 3688 .

190 3727 203 3746 s
250 3701 299 3751 didi
318 3702 445 3750 activorum
467 3704 492 3750 in
511 3704 611 3778 passiva,
632 3714 656 3754 et
676 3714 764 3766 conus,
803 3738 807 3744 -
830 3702 1313 3766 Irrucuttturboe]RhenanusBudensem

248 3766 409 3815 mundonem„
442 3767 519 3817 simin
529 3768 765 3834 modogacrumpro
798 3769 934 3834 scripturam
942 3778 1043 3829 secutus,
1050 3769 1115 3834 legit,
1123 3771 1312 3828 trracntrturba,

249 3838 303 3880 noto
317 3831 417 3895 passim,
438 3835 515 3880 volcas
532 3848 575 3896 pro
589 3842 688 3895 grator.
697 3835 765 3898 fago
797 3849 871 3896 nsque
883 3849 978 3897 corpore
986 3837 1079 3895 tutans,
1090 3834 1134 3882 boc
1145 3849 1222 3894 sensu,
1237 3842 1265 3883 ιιι
1275 3833 1311 3882 di·

247 3899 389 3960 praesilius
401 3899 499 3960 largitio
509 3898 578 3961 uulgi
587 3914 630 3962 pro
640 3902 667 3946 tu
677 3901 765 3962 nulgm
797 3909 842 3958 cat,
857 3909 951 3964 propter
964 3899 1088 3948 brunnum
1104 3902 1206 3958 turbam,
1222 3899 1313 3962 etquis

246 3963 577 4025 collataetcspudnostrum.
599 3963 676 4012 Possis
684 3973 764 4013 tamen
796 3977 889 4028 corpore
903 3979 951 4012 non
960 3973 1035 4028 posset
1048 3965 1126 4013 sistere
1140 3964 1187 4012 sive
1200 3963 1311 4022 insistere,

246 4041 301 4101 cpm
319 4026 387 4090 Virg.
405 4027 462 4076 AEn.
479 4027 504 4106 4!
524 4027 577 4106 ¹⁸⁸:
603 4030 707 4077 sonam
724 4045 763 4078 sc·
796 4028 853 4077 sella
868 4029 979 4105 levatum.
1019 4029 1083 4078 Meis
1099 4037 1176 4077 tamen
1192 4027 1257 4102 libris
1277 4030 1312 4138 pet

245 4093 762 4221 “hidisshiiiiilllmrihf‘itu
795 4091 1312 4222 ,Asifflptttttttttttttlttt

246 4218 298 4267 edd.
309 4220 442 4282 pa'PuteoL
450 4220 527 4268 Rben.
538 4236 590 4286 sqq·
624 4221 695 4272 tBsr.
706 4225 761 4272 Alc.
777 4238 819 4280 ‚ra
831 4237 926 4286 corpore
939 4226 1065 4281 sertitem
1085 4223 1128 4271 bac
1143 4229 1233 4269 mente:
1253 4221 1312 4270 Gel-

245 4285 410 4344 vulgcvsront.
424 4285 498 4332 Ean.
795 4289 858 4346 bam,
870 4297 894 4336 et
904 4297 970 4336 aetatc
980 4297 1003 4336 et
1013 4304 1106 4350 corpore
1116 4285 1254 4346 invalidum,
1263 4301 1311 4334 non

276 4349 356 4395 Ruers
367 4348 444 4410 imus]
461 4348 529 4395 Nihil
539 4349 577 4398 hic
588 4351 647 4411 vitii,
655 4360 683 4400 ut
690 4352 760 4401 nimis
795 4352 928 4401 sustinuisse
941 4353 1012 4400 effuse
1023 4353 1148 4400 irruentem
1159 4361 1182 4400 et
1192 4353 1311 4414 gratidiu-

242 4425 316 4472 prono
331 4413 355 4460 in
373 4413 514 4474 conjecturas
526 4414 635 4466 Acidalio
650 4416 761 4466 visumst
795 4424 841 4465 tern
860 4419 960 4466 turbam.
986 4419 1062 4466 brea.
1099 4419 1219 4465 Rrrtstsns
1241 4417 1310 4464 etiarn
