3059 4975
244 315 284 375 st
627 304 932 366 nrsrominun
1140 306 1314 380 [sassa.

246 498 360 564 meque
374 459 479 537 iniisse
493 471 534 536 ad
549 469 632 535 bunc
645 471 729 537 diem
745 469 879 535 mansit:
899 484 930 533 et
945 469 1033 533 Nero
1048 492 1176 557 quoque
1194 492 1249 533 vos
1264 470 1314 533 de-

249 562 361 638 stituit,
376 581 439 623 nou
452 580 509 621 vos
523 557 691 622 Neronem.
736 559 847 620 Minus
860 558 971 620 XXX
986 556 1157 643 transfugas
1172 572 1203 620 ct
1217 555 1321 619 deser-

249 662 343 724 tores,
360 668 439 732 quos
457 641 678 708 Centurionem
701 658 757 707 aut
778 642 960 705 Tribunum
982 642 1040 705 sibi
1059 641 1207 728 eligentes
1228 664 1321 707 nemo

252 736 359 810 ferret,
386 729 559 816 Imperium
585 728 816 826 adsignabuntl
851 726 1028 792 Admittitis
1052 727 1256 814 exemplum?
1290 744 1322 791 et

252 816 438 906 quiescendo
448 837 612 879 commune
622 836 738 879 crimen
748 814 869 882 facitis?
886 813 1322 878 Transscendethaeclicentia

253 907 286 969 in
307 902 496 992 provincias:
524 914 555 965 et
574 900 616 964 ad
634 924 690 965 nos
710 900 858 965 scelerum
880 900 991 978 exituS,
1014 899 1168 965 bellorum
1193 898 1233 963 ad
1255 922 1322 977 voe,

254 990 463 1078 pertinebunt.
500 988 568 1052 Nec
580 1000 635 1050 -est
654 988 736 1075 plus,
784 986 847 1049 uod
867 1009 925 1073 pro
942 985 1026 1050 caede
1042 984 1206 1073 Principis,
1227 1006 1323 1072 quam

278 1076 343 1141 uod
359 1073 574 1138 innocentibus
591 1072 702 1137 datur:
726 1010 782 1136 seii
800 1071 929 1159 perinde
944 1095 964 1135 a
980 1071 1069 1137 nobis
1084 1072 1267 1136 donativum
1281 1070 1323 1135 ob

256 1101 363 1238 idem,
378 1183 474 1247 quam
487 1160 528 1223 ab
542 1158 609 1221 aliis
622 1182 681 1245 pro
695 1159 830 1222 facinore
844 1156 1025 1245 accipietis.”

302 1249 444 1311 XXXI.
469 1244 605 1331 Dilapsis
617 1244 873 1331 speculatoribus
885 1260 985 1308 cetera
995 1244 1116 1322 cohors,
1128 1266 1191 1308 non
1203 1242 1327 1329 adsper-

260 1349 334 1399 nata
348 1332 590 1408 concionantem,
615 1346 652 1394 ut
671 1329 805 1394 turbidis
827 1331 921 1394 rebus
942 1329 1054 1406 evenit,
1077 1329 1158 1394 forte
1178 1352 1230 1393 ma
1252 1328 1277 1390 's
1297 1340 1328 1390 et

259 1420 347 1483 nullo
358 1419 462 1482 adhuc
471 1416 608 1494 consilio,
621 1428 712 1514 parat
723 1416 819 1502 signa,
835 1440 942 1502 quam,
957 1416 1044 1501 quod
1054 1428 1161 1503 postea
1176 1438 1208 1479 cr
1249 1414 1329 1476 itum

261 1519 318 1582 est,
330 1504 448 1567 insidiis
457 1518 487 1567 et
499 1502 704 1566 simulatione.
735 1501 856 1566 Missus
866 1517 897 1566 et
907 1502 1016 1567 Celsus
1027 1502 1151 1567 Marius
1165 1501 1204 1566 ad
1218 1500 1329 1563 electos

264 1589 381 1677 lllyrici
400 1588 564 1665 exercitus,
586 1587 734 1675 Vipsania
746 1589 780 1651 in
793 1589 915 1674 porticu
931 1588 1097 1653 tendentes.
1132 1592 1329 1675 Praeceptum

261 1674 391 1742 Amulio
412 1676 527 1738 Sereno
541 1687 573 1737 et
588 1674 728 1738 Domitio
745 1674 871 1752 Sabino,
886 1674 1139 1761 primipilaribus,
1164 1682 1186 1713 “
1196 1684 1232 1737 ut
1247 1672 1331 1734 Ger-

262 1758 1035 1826 manicosmiliteseLibertatisatrioarcesserent.”
1057 1759 1191 1847 Legioni
1199 1756 1332 1821 classicae

262 1846 472 1925 diffidebam,
498 1845 618 1909 iniestae
642 1847 684 1910 ob
706 1845 824 1911 caetlem
847 1845 1103 1925 commilitonum,
1129 1868 1209 1932 quos
1230 1843 1332 1929 primo

298 2070 387 2117 Minas
398 2069 486 2116 XXX
496 2065 543 2129 tn]
561 2067 660 2130 Respice
670 2066 701 2114 sd
711 2082 732 2113 c.
743 2066 785 2121 27.
818 2066 887 2114 rium.
918 2066 989 2116 Acid.
1006 2082 1048 2115 suo
1062 2081 1126 2113 more
1137 2064 1215 2113 locum
1229 2072 1334 2127 πεπερο-

299 2135 347 2183 Sed
356 2133 457 2195 proinde
467 2147 482 2177 a
492 2129 568 2191 nobit]
586 2132 692 2179 Perinde
705 2131 786 2193 legen·
818 2131 899 2177 sitione
910 2144 990 2177 sanare
1000 2128 1113 2177 studebat
1146 2130 1185 2179 Sic
1197 2136 1220 2176 et
1230 2128 1335 2193 proxime

267 2199 326 2251 tium
337 2213 385 2248 este
399 2197 545 2248 consentiunt
560 2196 638 2243 muln.
670 2194 717 2242 Sed
732 2193 787 2241 iibri
818 2194 938 2256 sequentis
949 2196 1033 2241 turbat.

268 2278 348 2311 omues
354 2262 471 2324 proinde.-
487 2258 557 2317 male,
569 2268 597 2305 ut
607 2259 670 2307 alibi.
704 2257 788 2305 Brote-
854 2260 1044 2308 CelsasMarias
1052 2258 1182 2321 racanas]
1191 2257 1335 2315 cretosum,

268 2328 316 2375 rius
335 2336 413 2372 tamen
434 2324 460 2369 in
476 2322 533 2370 MS.
556 2322 683 2371 Harleinuo
703 2321 788 2385 reperit
820 2322 876 2387 quis
886 2330 954 2371 notus
964 2323 992 2369 iis
1007 2330 1029 2370 et
1045 2323 1070 2369 iu
1082 2321 1176 2385 Illyrico
1190 2321 1338 2370 militaverat.

266 2390 367 2455 perinde
378 2400 401 2435 et
412 2386 493 2435 edidit
508 2386 581 2434 Era.
819 2386 917 2435 Tacitus
928 2388 1013 2443 lana
1040 2389 1074 2434 Et
1083 2388 1144 2448 legio
1152 2388 1336 2447 decimaquinta,

302 2450 463 2514 Doaatiaam]
471 2450 530 2501 God.
540 2450 707 2500 MedetBud.
716 2452 789 2500 dona-
822 2454 917 2501 daesata
929 2453 1014 2501 Mario
1027 2452 1102 2510 Celso,
1114 2466 1126 2498 a
1137 2453 1264 2500 Paracata
1276 2452 1339 2514 adja-

271 2523 330 2578 ttvo,
344 2529 372 2568 ut
385 2518 441 2566 alias
452 2517 522 2577 dono,
535 2515 634 2565 muneri.
667 2515 740 2575 Quod
754 2532 791 2564 se·
822 2525 860 2566 cta
874 2523 916 2566 att.
948 2516 1048 2566 Videtur
1063 2518 1134 2580 igitur
1149 2516 1253 2579 legatus
1269 2516 1339 2564 fuisse

272 2587 387 2649 quebatur
397 2584 421 2630 in
435 2582 488 2629 edd.
502 2584 568 2643 plur,
584 2596 631 2628 non
642 2589 676 2629 est
687 2581 712 2628 in
723 2580 788 2629 Bud.
822 2583 872 2643 ejus
882 2582 986 2645 legionis.
1002 2583 1077 2629 ers.
1089 2581 1127 2629 Cf.
1138 2590 1162 2628 et
1172 2596 1191 2628 c.
1205 2581 1242 2627 14.

273 2658 380 2712 recteque
392 2646 477 2694 delerit
487 2647 565 2694 Rhen.
861 2649 973 2710 Vipsania
983 2649 1009 2693 ta
1017 2645 1125 2708 portica]
1137 2647 1201 2693 Nam
1212 2645 1288 2704 miles,
1300 2660 1340 2692 ex·

309 2716 343 2762 Ut
354 2713 455 2760 turbidis
463 2713 531 2758 rebar
541 2713 626 2769 weait,
635 2710 731 2776 timore]
743 2711 792 2758 Iso.
823 2720 859 2759 tra
876 2711 980 2758 ordina
995 2711 1020 2758 in
1037 2712 1102 2770 urbe,
1121 2725 1189 2773 agere
1204 2710 1342 2772 plerumque

274 2794 316 2827 cus
327 2784 389 2824 tous
401 2776 460 2824 mihi
473 2776 533 2824 inter
547 2775 659 2823 infirmos.
690 2775 793 2823 Vacillst
825 2775 905 2824 solitus
915 2776 940 2822 in
951 2777 1076 2840 porticibus
1087 2783 1128 2823 aut
1138 2775 1238 2838 templis.
1255 2774 1341 2821 Noster

275 2844 346 2892 etiam
359 2841 475 2889 Budensis
491 2841 592 2904 scriptio,
609 2841 677 2887 ratas
692 2842 793 2888 evectior
825 2843 850 2900 2,
859 2840 899 2889 93.
906 2840 980 2888 intra:
1000 2843 1046 2889 Sed
1053 2843 1120 2887 miles
1129 2842 1155 2886 ia
1159 2841 1291 2901 porticibus
1299 2845 1342 2884 aaa

275 2910 312 2956 irc
325 2908 404 2968 magis
419 2912 442 2953 et
455 2905 520 2952 salto
531 2905 606 2952 odiar
617 2907 720 2952 mettio.
752 2905 793 2952 Ex
826 2907 936 2952 dolabris.
962 2906 1012 2968 Ipsi
1022 2903 1155 2952 Pretoriani
1164 2905 1188 2950 iu
1197 2903 1282 2950 Palatii
1291 2918 1343 2966 por·

276 2987 324 3036 qus
331 2970 415 3019 facim
426 2972 512 3029 aaran,
520 2971 794 3030 transgressionnis
826 2969 909 3018 tinibus
919 2973 1071 3018 excubabant.
1096 2969 1158 3017 Vult
1169 2968 1272 3016 isidorus
1283 2971 1307 3024 9,
1319 2968 1345 3014 3.

277 3038 309 3085 ni
318 3037 368 3083 lae.
391 3036 428 3084 At
435 3035 460 3082 in
469 3035 533 3083 Flos.
541 3042 584 3094 est,
593 3036 698 3081 saeuior
709 3042 732 3082 te
742 3049 794 3080 aaa·
827 3036 991 3094 Excubitoras,
1000 3035 1060 3096 qaod
1068 3035 1176 3082 semitas
1183 3039 1266 3094 agant.
1280 3035 1342 3081 Saat

275 3104 333 3163 gir:
350 3100 413 3148 unde
423 3099 607 3162 Pithens,sorte
617 3101 702 3159 magis.
720 3098 796 3146 Irrrs.
828 3100 926 3146 crimea
933 3098 1344 3160 aarummilitam,etiaportictbas

279 3165 359 3214 Guelf-
368 3167 453 3212 dotare
459 3165 547 3225 nangis,
560 3172 586 3210 ut
594 3162 649 3211 editi
659 3164 746 3211 habent
755 3179 796 3210 us-
828 3163 942 3211 aaeabaat
954 3170 1053 3226 propter
1071 3164 1184 3225 Regalem
1207 3163 1345 3209 custodiam.

279 3245 326 3293 que
335 3229 365 3276 ad
374 3229 516 3276 Pichenams
529 3227 574 3275 nisi
581 3226 645 3291 quod
655 3227 691 3275 ed.
699 3243 736 3290 pr.
744 3243 796 3274 cas-
829 3228 905 3277 Lars.
920 3227 1031 3292 Vipsania
1042 3236 1101 3276 recte
1110 3245 1122 3275 e
1130 3227 1185 3275 MS.
1197 3226 1260 3274 Flor.
1274 3225 1346 3274 edidit

280 3297 401 3342 enarre..
415 3293 629 3341 ‚damnatione
644 3291 798 3355 ,Deindepro
829 3294 857 3342 J.
869 3295 942 3342 tiron.
959 3293 1039 3356 Vulgo
1060 3294 1159 3354 Vipsani
1173 3300 1214 3338 aut
1228 3293 1345 3354 Vipsania.

276 3365 350 3420 parat
365 3359 444 3420 sigan,
460 3356 524 3421 quod
538 3356 592 3405 edd.
607 3370 688 3405 omnes
697 3366 721 3404 et
731 3357 797 3404 Bud.
830 3359 877 3406 Ed.
887 3373 922 3422 pr.
938 3360 1048 3420 Vipsano.
1075 3357 1136 3404 Mox
1147 3361 1290 3404 arcesserant
1301 3355 1347 3418 legi

281 3424 368 3470 habent
382 3423 445 3469 Flos.
456 3437 505 3484 par
515 3424 604 3483 eigana
638 3421 718 3470 Gueli'.
729 3422 799 3486 plane
831 3424 913 3471 volunt
927 3437 970 3486 pro
985 3429 1137 3469 accerserent.
1164 3420 1252 3469 Recte:
1276 3427 1298 3466 et
1315 3421 1347 3467 sic

281 3497 309 3539 ut
315 3487 412 3550 Lipsius
419 3486 553 3547 conjecerat,
560 3502 621 3549 pars
629 3489 717 3548 ingara
734 3486 799 3533 Hine
831 3487 925 3536 exhibet
933 3486 1074 3535 MS.Oxon.
1080 3485 1195 3549 (etBud.)
1203 3499 1291 3548 nosque
1299 3483 1348 3531 edi-

281 3553 345 3600 serie
359 3560 460 3600 tentatus
471 3551 543 3602 locus.
572 3553 599 3600 J.
610 3552 742 3600 Gronovius
757 3551 800 3599 Pi·
832 3553 917 3600 diulus.
933 3550 995 3599 Vide
1005 3551 1035 3599 ad
1046 3566 1067 3598 c.
1079 3552 1117 3598 14.
1131 3551 1204 3598 Eun.
1220 3549 1284 3598 Bud.
1297 3556 1348 3596 tca-

282 3617 361 3665 cheme
371 3617 482 3664 rationem
493 3618 590 3678 probat:
604 3630 675 3679 quam
685 3623 708 3663 et
715 3631 758 3664 nos
765 3631 801 3664 se·
833 3619 925 3665 anas:
938 3617 970 3665 sic
976 3617 1062 3680 passim
1069 3616 1172 3679 antique.
1191 3614 1297 3662 Porticus
1304 3613 1349 3661 ists

283 3681 331 3728 criti
341 3696 431 3728 nimus.
464 3680 636 3728 Freinshemius
646 3680 737 3728 maurit
750 3694 801 3726 mo-
832 3681 1002 3744 alissNeptuni
1012 3680 1068 3729 item
1076 3681 1267 3742 Argonautarum
1278 3678 1349 3737 dicta,

284 3759 318 3803 rc,
326 3745 417 3802 etdein,
425 3747 490 3792 nullo
498 3746 602 3803 scornio,
609 3746 675 3800 item,
684 3759 755 3806 qaam
762 3751 800 3803 at,
833 3747 858 3794 in
869 3746 962 3810 regione
972 3744 1036 3793 urbis
1048 3744 1096 3804 lx,
1110 3744 1140 3792 de
1150 3760 1197 3808 qua
1208 3743 1315 3791 Donatus
1326 3750 1350 3789 et

300 3823 327 3856 ro
345 3810 413 3871 qaod.
444 3809 481 3858 At
499 3823 564 3857 more
582 3809 621 3857 hic
638 3809 741 3857 alienum
758 3818 800 3856 est.
833 3811 953 3859 Nardinus
963 3809 1063 3859 videndi.

311 3887 337 3922 ee
347 3876 417 3935 tigria
424 3889 515 3935 parare
524 3874 608 3939 placet,
625 3875 736 3937 qunjrm
747 3874 801 3922 ade-
866 3877 969 3938 Lsgioat
997 3876 1099 3922 classaoe
1127 3872 1284 3937 dtJfidabatar]
1311 3871 1350 3921 Sic

284 3946 346 3995 rana
361 3947 384 3985 et
394 3947 487 3986 mutum
501 3938 650 3987 convellenda
662 3946 740 3986 mant:
756 3939 802 4002 igi-
834 3949 893 3990 recte
904 3939 984 3989 Guelf.
996 3955 1011 3986 a
1021 3954 1056 4002 pr.
1069 3953 1149 3988 manu.
1178 3941 1277 3988 Erssum
1289 3953 1351 3986 am.

285 4012 323 4048 tur
332 4017 392 4063 pars
403 4005 487 4064 ingens
497 4011 521 4051 et
530 4004 596 4050 sallo
606 4018 628 4051 a.
636 4019 656 4050 a.
672 4003 802 4068 praeferam.
835 4020 877 4053 sec
889 4022 928 4053 ar.
939 4004 978 4053 Sic
988 4004 1079 4053 volebat
1085 4004 1213 4053 Acidaliae.
1237 4002 1289 4049 Alii
1300 4016 1352 4049 om-

285 4064 352 4113 Illud
366 4067 486 4114 Broterius
498 4067 524 4114 in
535 4069 610 4116 tribus
623 4068 696 4117 MSS.
708 4069 802 4131 reperit,
835 4084 876 4118 nes
888 4072 922 4130 (et
933 4067 1009 4130 Bud.)
1021 4071 1151 4132 diffidabat:
1167 4068 1230 4133 quod
1241 4066 1352 4114 vitiosum

284 4129 508 4194 hocproptersottc
518 4134 729 4180 mamert:
743 4149 803 4195 pars
836 4133 961 4182 essefscik
975 4142 1077 4197 apparet.
1110 4134 1149 4181 De
1158 4133 1247 4196 legione
1258 4131 1353 4180 classica

285 4195 429 4256 ingemina
438 4194 544 4244 cohortis.
555 4197 628 4246 Eut.
640 4197 732 4246 mter.
743 4199 803 4247 Obs.
835 4197 992 4248 etelsssiaisv.
1002 4199 1059 4246 sdc.
1068 4199 1106 4246 36.
1135 4198 1197 4245 Mox
1204 4197 1278 4245 MSS.
1286 4196 1352 4244 Flor.

286 4258 344 4307 Cris.
361 4260 387 4318 3,
398 4261 439 4307 ii.
452 4260 509 4324 legit
518 4264 618 4310 assata
627 4269 714 4312 uasere
724 4266 804 4326 aragia
837 4264 917 4313 (laeli.
929 4265 963 4329 (et
974 4264 1034 4326 Reg.
1045 4262 1119 4323 Lali.)
1135 4263 1170 4310 ed.
1185 4279 1220 4326 pr.
1239 4263 1351 4310 Cetrius.-

285 4333 328 4373 ιω.
344 4324 467 4386 Ingemuse
476 4325 530 4389 Bip.
539 4333 567 4374 at
578 4333 595 4374 t.
605 4344 626 4375 r.
633 4328 719 4381 wenti,
733 4329 805 4375 taor-
835 4330 892 4378 item
903 4329 1001 4376 sardam
1012 4329 1074 4376 Flor.
1085 4329 1122 4377 ed.
1136 4343 1171 4391 pr.
1197 4328 1235 4376 Sic
1246 4326 1319 4375 voluit
1330 4334 1354 4372 et

286 4389 336 4434 itm
346 4391 397 4452 ogi.
411 4391 451 4438 aa
462 4392 592 4439 inconsulto
602 4394 678 4443 adtuc
688 4394 785 4440 comitio
791 4410 800 4452 ,·
837 4393 964 4442 Rhenanus
981 4395 1021 4456 (ex
1038 4393 1142 4457 ingenio)
1159 4393 1199 4440 sed
1215 4407 1290 4455 operae
1305 4404 1353 4438 non

281 4465 342 4512 pars
352 4456 456 4515 agitans,
468 4457 529 4519 qaod
540 4465 581 4505 etc.
615 4458 704 4522 Sequor
721 4457 806 4508 Brote-
836 4473 939 4522 paruere.
951 4459 1106 4522 RecepitJac.
1116 4458 1253 4506 Gronovius.
1272 4453 1353 4516 Vulgo
