3059 4975
227 196 285 258 376
521 195 554 251 C.
571 191 809 254 CORNELIUS
830 193 1013 254 TACITUS

232 367 352 420 colitur.
376 353 447 418 Cibi
459 354 516 418 sim
539 353 628 418 lices:
645 355 890 500 agrestielpome,
902 377 1007 419 recens
1016 355 1094 434 fera,
1106 371 1162 422 ant
1171 358 1219 424 lac
1229 383 1302 424 oon-

233 451 363 506 cretum.
410 439 483 502 Sine
497 377 661 524 adparatu,
678 439 742 503 sinc
758 437 990 515 bandimentis,
1004 463 1044 504 ex
1083 441 1166 507 llunt
1179 442 1303 508 famem.

234 524 398 588 Adversus
409 523 491 588 sitim
502 546 566 596 non
576 523 683 587 eadem
694 525 907 608 temperantia.
932 524 966 587 Si
976 524 1053 587 inda
1066 527 1311 605 serisebrietati,

235 609 431 694 suggerendo
449 622 604 694 quantum
626 608 860 693 concupiscunt,
883 607 970 670 houd
988 608 1090 672 minus
1104 611 1194 676 facile
1208 611 1302 690 vitiis,
1326 630 1355 680 t.

237 715 332 779 qnam
346 693 449 770 armis,
464 694 636 758 vincentur.
743 753 747 760 .

280 779 413 840 XXIV.
438 779 556 841 Genus'
571 776 816 862 spectaculorum
840 799 940 840 unum
958 790 1054 862 atque
1073 779 1105 843 in
1119 781 1205 844 omni
1218 794 1304 844 ooetn

236 863 329 928 idem.
374 861 465 925 Nudi
475 863 618 947 juvenes,
632 861 748 946 quibus
761 860 796 924 id
805 859 962 924 ludicrum
975 876 1033 940 est,
1047 863 1128 928 inter
1137 865 1258 950 gladios
1271 887 1305 928 se

237 961 332 1032 etque
343 945 468 1010 infestas
476 945 607 1009 frameas
619 943 698 1009 saltu
709 944 840 1031 jaciunt.
864 945 1056 1023 Exercitatio
1064 960 1162 1012 artem
1171 950 1305 1035 paravit,

238 1054 288 1094 ars
302 1030 460 1094 decorem:
484 1052 546 1094 non
568 1029 600 1092 in
614 1040 771 1116 quaestnm
784 1044 898 1106 tamem
912 1042 969 1093 aut
983 1033 1174 1096 mercedem:
1220 1057 1307 1098 uem-

238 1114 285 1178 vis
299 1115 425 1178 audacis
438 1114 571 1178 lascivire
582 1115 717 1210 pretium
728 1128 785 1191 est,
797 1112 941 1199 voluptas
954 1117 1169 1200 spectantium.
1237 1142 1304 1182 eam

239 1199 341 1284 (quod
361 1199 485 1283 mirere)
502 1199 595 1262 sobri1
615 1198 695 1262 inter
711 1198 791 1261 serio
803 1210 956 1273 exercent,
972 1213 1060 1262 tenta
1073 1200 1216 1265 lucrandi
1236 1224 1305 1289 per-

238 1283 371 1348 dendive
395 1283 576 1360 temeritate,
602 1295 649 1359 ut,
674 1305 746 1346 cum
771 1282 874 1350 omnia
895 1282 1085 1360 deiecerunt,
1107 1299 1247 1350 extremo
1267 1311 1304 1352 ec

239 1367 404 1431 novissimo
413 1369 501 1454 jactu
516 1367 556 1431 de
569 1366 711 1430 libertate
725 1379 756 1430 et
770 1367 810 1430 de
823 1389 951 1464 corpore
965 1368 1161 1433 contendant.
1191 1369 1307 1434 Victus

240 1451 445 1515 voluntariam
462 1451 642 1514 servitutem
658 1451 742 1514 edit:
764 1472 907 1535 quamvls
924 1451 1081 1536 juvenior,
1095 1454 1238 1538 quemvis
1256 1479 1305 1518 ro-

244 1535 375 1616 bustior,
401 1534 531 1622 adligari
557 1557 587 1598 se
612 1558 648 1600 sc
669 1535 774 1600 venire
799 1534 933 1621 potitur:
966 1559 1002 1601 ea
1027 1537 1129 1602 estin
1153 1561 1186 1601 re
1214 1562 1310 1624 prava

242 1775 301 1824 Ces
310 1773 651 1840 epigrunmsteinoerevisiam.
669 1774 759 1826 Verum
790 1774 826 1824 ed.
844 1774 916 1833 Nor.)
933 1777 1041 1838 pareva,
1063 1775 1125 1824 unde
1143 1774 1220 1824 Rhen.
1237 1775 1306 1824 dedit.

241 1839 300 1886 illud
316 1840 415 1887 meliass
442 1841 498 1887 MS.
513 1841 630 1889 Arundel.
642 1844 756 1902 coempti.
791 1839 862 1888 Ena.
895 1839 1219 1901 Edllom.etiemparavtt.
1251 1840 1306 1887 Put.
1355 1894 1359 1900 Ι

241 1903 313 1950 Ean.
349 1906 478 1966 corrumpi
493 1904 759 1968 hiepotiusnetirosuo
786 1910 877 1966 paret.-
898 1903 943 1951 hoe
957 1904 1033 1966 placet
1046 1903 1184 1966 Bipontiais.
1216 1903 1308 1950 Porum

243 1975 266 2014 et
287 1968 380 2029 proprio
401 1982 469 2015 sernu
488 1969 549 2017 sumi
568 1968 696 2031 lengolius
717 1984 760 2015 au·
790 1967 889 2015 iateroet

242 2039 325 2078 tumst.
359 2031 512 2093 Eigremms
527 2031 619 2080 loliani
634 2031 716 2079 videsis
735 2032 760 2078 in
826 2030 1310 2095 Camamaiedeseeereat1Berrevsslgsts

243 2093 359 2142 Brnnelrii
395 2095 665 2158 nal.vet.poet.t.2.p·
681 2097 735 2142 403.
791 2095 869 2142 hebet.
901 2094 972 2142 Adde
990 2111 1060 2158 supra
1076 2097 1099 2142 c.
1113 2095 1153 2142 21.
1170 2094 1209 2140 sed
1230 2102 1308 2141 umen

285 2159 366 2215 Villis,
388 2161 471 2222 paam]
496 2159 682 2221 Bembergensis,
706 2161 760 2206 virro
792 2158 867 2221 magis
888 2158 963 2219 placet
978 2158 1045 2205 lectio
1061 2159 1116 2207 MS.
1129 2157 1208 2206 Turia
1221 2159 1309 2219 defece·
1367 2219 1371 2224 ι

243 2235 313 2280 qaam
322 2225 405 2269 armis.
422 2223 496 2270 lars.
518 2222 569 2270 Vix
579 2231 620 2281 est,
632 2229 659 2268 ut
670 2222 695 2268 el
706 2225 761 2268 vieo
793 2223 852 2278 rial,
863 2223 888 2268 in
898 2221 943 2268 hoe
952 2231 1069 2269 contextu.
1084 2222 1155 2269 Ena.

242 2298 290 2332 aon
306 2284 433 2334 sitsmsle
444 2286 569 2334 selrolienae
584 2299 664 2333 menn.
697 2286 761 2333 Nem
825 2287 864 2332 De
875 2286 978 2332 lemnae
988 2292 1011 2332 et
1022 2286 1161 2347 decerpere]
1191 2284 1245 2332 Hoe
1255 2284 1312 2332 aleo

242 2350 309 2396 vltlis
325 2365 416 2412 prorsus
426 2359 460 2397 est
470 2349 543 2396 nimio
553 2349 615 2407 vino,
626 2349 763 2398 ethoeom·
795 2348 898 2396 studium
914 2349 1021 2411 pertinax
1037 2349 1132 2396 Hunnis
1149 2349 1258 2397 adtribuit
1276 2348 1317 2393 D:

259 2411 494 2476 linseisalsodavylea
505 2414 696 2476 consequentibus
712 2429 762 2460 ma·
794 2412 942 2471 Ambrosius,
953 2412 983 2460 de
998 2413 1076 2460 'lobia
1084 2427 1135 2475 esp.
1147 2414 1184 2459 ll.
1217 2410 1311 2458 Ferunt

242 2426 278 2523 lie.
311 2476 420 2525 lustinus
435 2476 464 2525 de
475 2477 585 2541 Philippo
595 2483 617 2525 et
627 2476 763 2526 Alexandro
796 2477 909 2536 Hennes,
926 2492 979 2523 cam
992 2477 1141 2539 sisseleglbas
1155 2476 1311 2534 veveneeteae

243 2542 269 2597 9,
280 2542 303 2587 8.
342 2543 398 2588 tht
416 2543 488 2587 almis
499 2549 601 2601 *aterque
617 2544 707 2600 avidus,
723 2543 763 2589 sed
795 2543 867 2587 sollus
884 2543 973 2601 legibus
985 2542 1083 2599 obedire,
1100 2543 1126 2587 ia
1136 2542 1260 2602 proclam
1273 2541 1310 2585 lu·

243 2604 362 2651 ebrietatis
387 2604 480 2650 diversa
505 2608 571 2651 vitia.
605 2604 711 2662 Quorum
740 2612 763 2651 et
795 2604 856 2661 dere,
869 2611 965 2650 tesseras
975 2606 1159 2649 simaleterma
1171 2609 1310 2665 portaraet

245 2666 357 2715 Horatius
368 2666 475 2729 quaedem
485 2667 590 2715 decentet
601 2668 648 2729 Ep.
658 2668 680 2723 l,
690 2671 714 2725 5,
726 2667 763 2713 16.
791 2668 875 2725 plures
885 2668 943 2724 suls,
955 2680 1026 2727 quam
1036 2668 1157 2713 hostilibus
1171 2669 1261 2725 letibus,
1272 2668 1312 2711 la-

246 2732 311 2787 Quae
329 2746 375 2778 aea
396 2732 494 2778 ebrietas
516 2738 558 2777 etc.
596 2732 665 2777 Vlael
683 2738 763 2777 sutem
796 2732 885 2777 tertre:
912 2732 938 2775 ia
956 2730 1056 2775 victoris
1074 2745 1117 2776 see
1136 2734 1240 2793 captivos
1249 2731 1311 2794 fieri

244 2794 293 2841 suis
314 2809 352 2843 eos
372 2795 437 2841 villis
459 2794 522 2850 dicit,
541 2802 568 2840 ut
585 2793 649 2855 apud
664 2794 763 2841 eundem
796 2801 820 2841 et
836 2795 910 2855 spella
927 2808 1025 2840 sueram
1038 2796 1141 2855 perpeti,
1156 2810 1206 2854 qaae
1217 2796 1271 2855 pate·
1283 2794 1311 2839 ad

245 2858 368 2905 lustinum
381 2857 403 2916 l,
413 2859 436 2905 8.
460 2858 551 2920 Scythes
566 2860 637 2919 prlas
646 2860 763 2915 ebrietate,
796 2858 859 2904 hoste
865 2859 1018 2917 nequiuerint.
1035 2857 1069 2904 Et
1076 2858 1168 2904 stetims
1172 2859 1312 2919 frequenter

245 2936 316 2981 qaam
337 2922 393 2968 bello
412 2924 548 2969 vincantur.
580 2921 614 2968 Et
632 2920 764 2969 Antiochus
796 2928 874 2968 auum
896 2927 961 2968 teate
976 2922 1060 2968 ardere
1079 2923 1142 2982 rapi,
1162 2926 1197 2980 ut,
1215 2936 1268 2967 cum
1284 2936 1311 2967 ea

247 2984 317 3033 Floro
327 2987 352 3044 2,
369 2988 391 3033 8.
425 2987 479 3033 Rae
490 2990 544 3048 jam
557 2986 655 3032 laeurla
668 3001 710 3032 saa
725 2986 764 3031 de.
797 2987 906 3045 paoesola
921 2986 1146 3044 semetsemet,
1157 2986 1311 3031 armametres

245 3050 349 3097 bellatus.
382 3050 468 3111 Neque
483 3049 545 3097 enim
562 3048 657 3095 invictos
674 3057 697 3095 et
711 3049 765 3096 vino
797 3049 1221 3110 tmdlderlt,adaaamaleoejactssm
1236 3049 1311 3094 ollam

246 3120 269 3159 et
280 3113 351 3161 ermis
367 3112 491 3175 significari
509 3120 575 3174 puto,
593 3113 659 3173 (nem
675 3111 695 3158 si
711 3112 765 3159 vino
797 3127 865 3158 raam
878 3113 989 3172 potestati
999 3113 1037 3158 vel
1049 3114 1152 3170 domm,
1163 3113 1201 3159 oel
1208 3113 1313 3174 senera-

244 3176 332 3231 invicti,
344 3191 385 3223 cur
393 3178 476 3223 crebrae
484 3176 543 3221 inter
551 3175 679 3222 vinolentos
690 3174 763 3223 rixae?
798 3178 864 3233 toris,
882 3176 983 3222 addicat.
1015 3178 1123 3235 Dealqae
1137 3182 1235 3234 meas,
1253 3177 1314 3235 quod

246 3254 288 3285 cnr
302 3239 393 3285 eredes?
417 3239 470 3286 vino
484 3238 565 3301 utique
580 3246 634 3285 sunt
651 3238 701 3287 haec
714 3254 766 3287 snc-
797 3241 893 3299 puidam
903 3240 1312 3299 etlasperatarillomaaocogaitas,

245 3302 412 3358 mmbentium,
425 3302 517 3355 irrisus
525 3315 571 3347 non
582 3302 717 3365 aprsrrr'san)
725 3316 765 3349 ne·
797 3304 877 3363 infide
884 3304 990 3364 prelium
1000 3304 1129 3359 servituris,
1141 3304 1201 3363 quod
1211 3304 1255 3348 stet
1269 3303 1313 3347 ult

245 3381 291 3429 que
301 3374 379 3413 tamen
393 3366 463 3413 etiem
479 3365 545 3413 facile
555 3365 625 3412 ermis
635 3364 696 3411 vinci
707 3365 765 3413 Ger·
789 3368 857 3428 forte
867 3373 988 3427 seperatus
998 3368 1119 3423 intumet,
1130 3367 1252 3427 suppliciis
1267 3367 1313 3411 lm.

245 3444 343 3486 menoss
360 3429 439 3488 sed,si
465 3428 765 3501 snseairretirepossiteos
792 3437 884 3490 perata
905 3431 989 3476 malls
1006 3432 1137 3477 ecsclven't.
1169 3429 1194 3476 Ο
1212 3428 1281 3487 foeds,
1298 3444 1321 3476 o·

244 3493 438 3553 illecebrajuxte
484 3493 610 3541 'evictam
625 3492 653 3537 irs
669 3492 764 3555 hosge-
797 3494 908 3540 barbare!
937 3502 960 3540 et
983 3493 1030 3541 scio
1050 3492 1113 3556 apud
1135 3492 1246 3556 quosdam
1270 3492 1314 3539 Se-

247 3570 300 3604 uere
317 3556 425 3605 vitiorum
447 3570 518 3619 quem
540 3556 720 3617 inexsuperabili
740 3556 764 3604 vi
796 3556 992 3620 ptemtrionelium
1002 3557 1070 3603 hodie
1080 3557 1138 3602 hene
1145 3554 1259 3601 insumam
1269 3569 1314 3616 pro

249 3635 375 3680 annorum,
387 3636 458 3683 quam
468 3623 552 3679 ermis,
569 3618 594 3666 id
610 3627 652 3678 eat,
666 3634 693 3666 ee
703 3620 764 3666 mole
797 3629 861 3683 perte
873 3620 956 3683 vigere.
972 3621 1047 3668 Inus.
1079 3619 1243 3675 Heumannus,
1257 3618 1314 3666 diss.

247 3698 373 3740 armorum,
384 3683 539 3747 quibusvinei
549 3690 652 3746 possunt·
672 3683 763 3730 Gnon.
796 3683 906 3747 peculiari
922 3683 985 3729 bane
1003 3681 1080 3729 'l'sciti
1095 3681 1173 3728 locum
1192 3682 1314 3730 emendare

253 3748 312 3793 Viae
323 3747 492 3794 movenimtins
501 3746 621 3794 ridebatur
630 3745 762 3808 Conringio.
796 3756 900 3806 oonstm,
911 3746 1013 3809 expungi
1025 3746 1093 3805 jubet
1102 3752 1206 3792 ertrenw
1216 3761 1251 3799 ac,
1260 3754 1313 3793 ten.

254 3812 324 3857 Villis
341 3810 395 3858 MS.
408 3811 483 3874 Isong.
498 3810 599 3859 Humm.
614 3817 639 3856 et
654 3808 764 3858 editiones
797 3827 868 3874 quam
890 3810 1013 3873 superflue,
1030 3817 1053 3856 et
1075 3811 1173 3857 tradent
1190 3817 1266 3857 mutat
1285 3809 1312 3855 in

248 3882 340 3922 meres·
797 3877 905 3933 reddeat,
931 3888 960 3921 ne
982 3873 1078 3921 Tacitus
1099 3873 1227 3921 Gennanos
1250 3872 1313 3921 mlu-

224 3956 226 3962 ·
281 3938 493 4003 Ietergladlosse]
518 3938 624 3987 Similem
633 3938 716 3985 ludum
724 3938 766 3985 de·
797 3938 896 3985 mnissse
906 3937 1027 3986 videretur.
1051 3938 1180 3998 Respondit
1190 3937 1238 3984 viro
1248 3935 1314 3984 docto

249 4002 326 4051 scribit
341 4000 421 4051 sidon.
437 4002 518 4063 Apoll.
537 4017 607 4049 esum
626 4006 649 4049 5.
666 4018 687 4048 v.
707 4003 763 4049 246.
797 4012 821 4050 et
831 4001 902 4049 dubis
919 4001 988 4049 solvit
999 4002 1133 4049 Gebaverus
1150 4001 1175 4047 in
1187 4000 1274 4064 Vestig.
1290 4016 1315 4064 p.

249 4068 382 4127 clypeosque
389 4070 466 4111 rotare
476 4066 765 4127 Ladasetlatortasprce·
797 4065 852 4120 ⁴187.
1189 4101 1191 4103 -

248 4132 326 4176 cedere
336 4130 433 4177 saltibus
442 4129 528 4175 meas.
832 4130 944 4185 Quamvis
954 4131 1051 4193 jaalor]
1076 4127 1134 4177 Cod.
1146 4128 1225 4191 Kapp.
1237 4128 1313 4191 (sed.

282 4194 367 4239 Artem
384 4192 491 4257 paravit]
516 4190 690 4304 Eddogpirens.
700 4208 764 4257 seqq.
798 4194 917 4242 Nor-item
924 4194 1008 4252 Rom.)
1011 4194 1130 4256 juvenior.
1141 4191 1202 4239 Mox
1209 4194 1313 4253 alligari,

248 4264 301 4304 mre
318 4256 393 4303 nuce.
406 4263 487 4319 parat.
501 4314 508 4319 ,Ι
520 4256 573 4307 m
637 4256 716 4321 Kapp.
734 4261 766 4321 (s.
796 4273 838 4322 pro
853 4257 949 4315 vinciris¹
970 4258 1002 4307 sic
1016 4257 1064 4305 fere
1078 4257 1127 4307 cie
1151 4256 1221 4305 Tuae.
1237 4258 1262 4319 2,
1275 4255 1315 4308 17.
