3059 4975
219 264 276 328 174
590 261 894 325 meronmnurr
1113 269 1276 357 [nasas.

210 433 233 466 “
248 423 434 511 Vespasiani
452 423 604 490 dunum
623 425 767 513 viresque
788 426 945 514 partium”
966 427 1104 495 extollit:
1129 439 1152 473 ‘⁶
1173 446 1278 501 narn.

210 511 329 598 fugisse
344 510 470 577 classem
482 535 489 575 :
513 510 546 575 in
559 526 645 575 arcto
655 526 880 578 commeatum:
903 514 1053 581 adversus
1068 516 1187 584 Gallias
1212 521 1278 585 Hi.

211 623 227 663 s
268 598 413 683 masque:
437 595 514 661 nihil
528 596 562 659 in
576 597 655 661 urbe
667 598 768 663 fidum
780 600 807 662 :”
821 614 916 685 atque
930 600 1034 665 omnia
1048 602 1088 667 de
1103 603 1230 669 Vitellio
1239 608 1277 671 in

233 684 357 749 eterius.
402 684 484 747 Mox
498 681 726 768 incipientibus
741 683 797 772 qui
811 686 923 749 conscii
942 685 1081 767 aderant,
1097 702 1224 768 ceteroS,
1241 715 1277 757 re

211 792 294 833 nova
315 767 479 846 adtonitos»,
504 768 538 831 in
560 769 656 833 verba
678 768 862 857 Vespasiani
884 772 1002 857 adigit:
1036 773 1127 837 simul
1155 775 1275 841 Vitellii

210 854 362 941 imagines
382 854 530 940 dereptae,
552 866 584 917 et
605 854 698 932 missi,
720 855 777 952 qui
798 856 938 921 Antonio
959 858 1147 925 nuntiarent.
1201 862 1272 943 Sed,

210 939 266 1004 ubi
280 940 358 1005 totis
366 940 477 1004 tastris
488 939 524 1003 in
537 938 622 1004 ferna
634 940 780 1027 proditio,
792 964 952 1007 recurrens
966 943 998 1006 in
1009 943 1107 1030 princi
1130 946 1161 1009 ia
1174 947 1274 1027 miles,

208 1025 426 1113 proeoeriptum
442 1025 627 1124 Vespasiani
641 1049 763 1106 nomen,
778 1028 933 1114 projectas
948 1028 1068 1094 Vitellii
1087 968 1202 1116 effigies
1219 1033 1274 1097 ad-

209 1112 320 1197 spexit,
331 1125 457 1176 vastum
471 1132 574 1197 pnmo
589 1111 754 1189 silentium,
766 1136 841 1177 mox
852 1126 963 1177 cuncta
978 1114 1070 1179 simul
1084 1132 1269 1203 erumpunt:

208 1204 230 1236 “
246 1200 324 1261 Huc
337 1197 481 1262 cecidisse
496 1196 673 1278 Germanici
687 1198 841 1261 exercitus
855 1198 997 1285 gloriam,
1017 1213 1054 1264 ut
1070 1201 1134 1265 sine
1149 1202 1272 1289 proelio,

209 1283 274 1347 sine
288 1282 426 1361 vumere,
441 1282 560 1347 vinctas
573 1304 684 1349 manus
702 1296 734 1347 et
749 1298 842 1369 capta
861 1284 1017 1350 traderent
1037 1292 1146 1351 mura?
1169 1292 1271 1367 (Ques

208 1369 290 1433 enim
309 1390 349 1433 ex
370 1367 493 1432 diverso
509 1367 669 1454 legiones?
691 1392 803 1467 nempe
825 1370 937 1435 victas:
960 1386 992 1435 et
1012 1372 1117 1436 abesse
1140 1374 1271 1447 unicum

115 1514 118 1521 .
207 1453 379 1519 Othoniani
403 1453 557 1519 exereitus
583 1456 691 1534 robur,
719 1478 877 1542 primanos
901 1456 1269 1547 quartadecimanosque:

203 1623 394 1699 frequentissima,
405 1634 428 1674 et
438 1626 472 1675 nsi
481 1626 601 1675 ambulare
610 1636 634 1675 et
641 1628 721 1676 obver-
751 1627 848 1677 historia
857 1628 932 1693 legas)
944 1629 967 1687 t,
979 1629 1019 1677 30.
1029 1638 1119 1679 noctem
1129 1630 1270 1695 interponit:

205 1704 252 1737 sarr
269 1689 359 1737 assidue
376 1690 444 1738 soliti.
477 1690 543 1738 Facit
561 1691 640 1751 etiam,
659 1692 722 1755 quod
752 1701 775 1740 et
797 1706 865 1739 mane
884 1693 979 1741 demum
998 1701 1120 1755 surgentes
1139 1698 1271 1755 evaginatis

203 1752 256 1800 illos
272 1754 371 1818 reliquos
386 1756 412 1802 in
426 1754 539 1819 principia
554 1756 656 1804 vocavit:
674 1770 721 1803 non
749 1758 839 1818 gladiis
853 1758 969 1805 insiluisse
985 1773 1055 1819 snper
1074 1760 1191 1807 Caecinam
1208 1758 1270 1808 feeit.

203 1817 248 1865 loci
262 1817 332 1880 igitur
345 1819 408 1867 iliius
424 1829 536 1869 sacrm
550 1819 668 1880 affauens,
680 1820 721 1869 aed
751 1820 827 1869 Inna.
850 1822 967 1871 Firmatnr
976 1823 1187 1885 tusanaproditio
1196 1824 1270 1873 MSS.

204 1891 336 1930 metrorum.
360 1883 422 1932 Flor.
434 1886 469 1949 (et
479 1881 555 1944 Bud.)
566 1884 636 1932 edam
646 1899 721 1932 seere—
751 1884 908 1997 Fleaffud.)
918 1886 995 1935 Guelf-
1002 1886 1054 1935 edd.
1062 1887 1268 1935 PuteoLBeroald.

204 1952 283 1993 tarum
303 1946 435 1997 habeta-ex
453 1964 501 2012 quo
517 1950 584 2001 bene,
598 1956 719 1997 secretum.
750 1964 810 2013 sqq..
848 1950 962 2013 etquehie
972 1950 1055 1998 modus
1066 1951 1175 2017 loquendi
1186 1953 1269 2000 'l'aeito

154 2029 157 2034 ·
203 2008 722 2076 necesariumpnoetnenunntne-
749 2014 848 2061 natatus
861 2014 910 2078 (Cf.
922 2016 955 2063 H.
967 2016 990 2074 2,
999 2014 1038 2069 73.
1051 2016 1108 2079 Agr.
1120 2018 1270 2077 aduescen-

202 2090 279 2125 aanor
296 2077 329 2125 sic
339 2076 394 2126 MS.
405 2079 465 2141 Agr.
480 2077 543 2125 unde
555 2078 639 2141 recepit
655 2078 720 2141 Rye-
749 2079 826 2127 textui
836 2080 979 2128 conveniens.
996 2078 1070 2127 Fama
1085 2081 1117 2128 rei
1128 2081 1195 2129 exciti
1206 2081 1270 2129 miii·
1287 2136 1290 2145 ‚

202 2140 263 2189 kias.
295 2140 427 2204 Vulgamm
447 2157 540 2205 quoque
560 2151 648 2189 rectum
667 2151 715 2189 este
749 2150 783 2189 te
794 2142 1034 2208 integriinprincipia
1045 2153 1146 2193 annunt.
1177 2145 1223 2193 Ed.
1232 2162 1266 2208 pr.

201 2213 225 2252 et
240 2214 314 2269 potest
330 2221 399 2254 orum
414 2214 496 2253 natum
512 2222 568 2264 esse,
585 2215 612 2254 nt
627 2206 692 2265 alibi,
705 2221 719 2253 e
749 2208 850 2269 infamia
857 2210 965 2269 prodidit
976 2208 1031 2256 MS.
1043 2208 1268 2258 Mirandulanusrei

201 2270 362 2319 terminatione
388 2270 450 2318 vocis
479 2269 601 2334 sequentis.
646 2272 717 2318 Ean.
741 2272 815 2333 sama
826 2274 908 2333 didita,
921 2273 984 2336 quod
992 2272 1082 2345 elegans
1093 2282 1134 2332 est,
1147 2274 1266 2321 adinter-

201 2334 267 2383 Bene
284 2334 386 2382 Piehena
403 2343 427 2382 et
445 2334 499 2397 Bip
518 2336 649 2393 senaim
669 2335 717 2383 seii.
748 2336 857 2397 polatoris
874 2351 971 2384 manum
989 2346 1055 2399 sapit.
1091 2338 1199 2385 Ceterum
1218 2352 1266 2385 non

200 2400 301 2446 masilia
317 2399 718 2461 BahrdtreeteredditLagerlreim-
748 2414 839 2463 negem,
852 2401 954 2465 aliquam
970 2401 1104 2464 corruptela
1118 2402 1215 2463 alicujus
1225 2418 1266 2449 su·
1347 2460 1350 2465 .

198 2464 331 2513 deitates.
363 2463 718 2529 Sieeprseeedroiidefictaree
748 2465 874 2528 spinionem
885 2480 973 2514 essex
988 2465 1265 2530 eo,quodnonsatisoo·

199 2528 401 2576 iueastrucaiere.
747 2529 954 2578 haerentmembra
983 2531 1047 2578 Nam
1059 2539 1172 2578 structura
1182 2533 1265 2580 oratio-

229 2592 320 2640 Arcem
327 2596 511 2658 commeatuum]
523 2594 589 2642 Bene
597 2593 717 2643 emendari
746 2594 783 2640 nis
794 2594 913 2653 desiderat,
921 2603 947 2642 ut
957 2605 999 2641 ant
1006 2601 1029 2641 et
1037 2595 1125 2642 sitente
1133 2610 1264 2658 recurrens,

196 2657 247 2718 iam
257 2657 314 2705 olim
324 2657 349 2704 in
358 2657 471 2721 Antiquis
481 2661 505 2717 2,
519 2659 557 2706 la
577 2659 664 2706 Praeser
674 2675 717 2706 ex·
747 2665 788 2704 aut
796 2658 889 2706 ablativi
898 2657 1064 2722 consequentia
1071 2659 1101 2705 ab
1107 2658 1180 2707 initio.
1191 2661 1263 2708 Ean.

197 2724 337 2834 is
350 2722 716 2841 “mre
989 2723 1091 2785 ...ef

197 2850 478 2900 mteuumesnminhec
489 2818 624 2914 metaphoia
633 2803 715 2915 ponite
779 2853 952 2914 Proeseripturn
968 2851 1032 2914 Veap.
1043 2853 1139 2917 nomm]
1153 2851 1185 2902 V.
1197 2852 1263 2918 Ispa

197 2917 349 2977 Respicerent
357 2917 463 2964 tribunal
471 2917 582 2975 homines,
595 2917 716 2963 castellum
746 2914 777 2962 ad
788 2931 807 2963 e.
819 2916 859 2963 31.
876 2917 947 2965 Eleu.

165 3011 173 3024 .
197 2981 431 3028 ornatamscelerum.
449 2981 523 3029 nm.
556 2980 714 3028 Immomale
781 2980 956 3028 Cunnasimui
969 2983 1108 3092 erumpunt}
1141 2981 1264 3034 Acidaliae

196 3044 263 3093 Nam
281 3045 358 3094 dmsis
378 3045 419 3093 illa
440 3043 564 3094 Ravenm
584 3060 631 3091 arn
653 3059 715 3091 wm-
745 3043 860 3106 eleganter
867 3045 958 3107 eonJicit
966 3045 1092 3103 married
1108 3061 1150 3094 ee.
1165 3049 1201 3094 14.
1211 3048 1261 3096 init.

196 3118 319 3158 manum
345 3110 391 3159 dici
416 3124 464 3157 non
489 3117 573 3172 potest,
604 3117 631 3155 ut
656 3109 715 3156 bene
745 3106 807 3156 Mox
818 3124 860 3172 pro
871 3111 978 3156 reddisse
991 3109 1103 3158 Heinsius
1116 3111 1216 3160 malebat
1225 3128 1262 3159 re-

195 3184 275 3222 monet
295 3176 322 3223 J.
344 3175 417 3222 tiron.
441 3188 472 3220 ne
497 3172 635 3220 Misenensis
662 3171 714 3235 qui·
746 3173 836 3234 adure,
849 3174 877 3222 de
888 3189 935 3238 quo
945 3175 990 3222 vid.
1006 3174 1036 3222 ad
1051 3174 1085 3222 A.
1101 3175 1126 3236 3,
1143 3177 1183 3224 69.
1217 3176 1263 3224 Sed

196 3237 256 3286 deni.
285 3238 415 3287 TumMS.
427 3238 713 3286 Flor.inarcecommea·
744 3235 804 3283 alud
826 3253 919 3302 quoqne
939 3241 1028 3286 bonum
1046 3248 1113 3300 putn,
1135 3249 1214 3303 estque
1236 3241 1282 3287 in·

197 3309 257 3362 tum,
280 3311 308 3350 ut
326 3302 362 3350 ed.
381 3317 417 3364 pr.
437 3301 515 3350 Guelt'.
535 3310 622 3361 antem,
642 3299 711 3348 Harl.
744 3300 809 3348 libris
820 3304 934 3351 omnibus.
967 3303 1028 3350 Mox
1045 3317 1087 3364 pro
1104 3306 1194 3352 vinctas
1208 3314 1262 3352 ante

196 3364 275 3415 oxon.
288 3367 340 3415 edd.
359 3366 449 3414 Puteol.
465 3363 519 3413 Ber.
536 3365 591 3414 Ale.
609 3368 635 3413 iu
649 3373 714 3413 areta
745 3365 823 3413 Rhen.
835 3368 890 3415 editi
900 3368 1096 3430 habentjunctas‚
1108 3367 1202 3416 inversis
1212 3369 1262 3430 pri-

196 3439 356 3480 eamrneatunr.
389 3432 472 3494 Itaque
488 3429 521 3477 aie
537 3429 598 3478 edidi
613 3439 636 3479 et
652 3439 714 3478 vete·
744 3430 790 3477 mia
798 3431 878 3491 literis,
890 3440 916 3478 ut
927 3447 993 3494 saepe.
1009 3431 1080 3478 Ean.
1112 3433 1198 3480 Canni
1208 3447 1262 3494 pro.

194 3497 372 3546 raulecn'onem
383 3495 480 3544 mani
506 3495 604 3544 Senatus
611 3503 645 3543 est
653 3495 713 3543 Bro-
744 3494 784 3542 bat
800 3495 927 3556 Broterius,
945 3495 999 3558 Bip.
1016 3503 1099 3543 cunata
1110 3503 1191 3559 quarto
1207 3511 1261 3545 casu

195 3562 266 3624 terius
274 3563 309 3625 (et
315 3559 389 3622 lan)
397 3559 525 3608 Rhenanus
534 3561 559 3623 (e
567 3558 643 3621 Bud.)
652 3559 713 3608 male
744 3559 845 3621 positum
856 3568 947 3622 putant,
957 3568 984 3606 ut
993 3559 1056 3622 apud
1063 3559 1110 3608 Cia.
1119 3559 1149 3607 ad
1156 3561 1209 3607 Att.
1221 3561 1260 3622 la,

194 3625 354 3688 ediditinopia
362 3632 713 3688 commeatuumetseqq.usque
744 3625 770 3670 3.
802 3626 844 3672 Ne
862 3627 888 3671 in
905 3639 942 3671 nse
959 3625 1103 3672 sternacium
1119 3630 1261 3686 erumpant.-

194 3689 267 3738 adlri
317 3689 389 3738 Eleu.
422 3689 498 3753 lipsii
508 3688 710 3749 conjecturainde,
744 3697 766 3735 et
782 3704 819 3753 ap.
838 3687 932 3736 Terent.
952 3688 1016 3735 Iiun.
1034 3688 1059 3745 3,
1076 3691 1101 3746 5,
1118 3691 1141 3735 2.
1173 3691 1261 3738 Jamne

194 3753 256 3818 quod
292 3762 323 3802 at.
335 3755 558 3802 aerumnarum.
574 3753 613 3800 Sic
621 3752 712 3816 etAgr.
742 3768 863 3815 erumpere
870 3754 911 3799 laec
919 3753 972 3799 lieet
980 3751 1040 3798 rniki
1048 3753 1186 3814 gaudium?
1198 3754 1260 3804 Mox

193 3820 316 3866 inarcem.
656 3850 659 3855 -
742 3817 809 3865 Brot.
820 3831 913 3880 quoque
924 3817 1004 3869 mallet
1015 3815 1130 3865 recidisse.

224 3886 348 3943 Inreginee
358 3885 470 3947 derepta]
488 3883 526 3932 Sic
537 3881 607 3942 edidi,
619 3881 710 3930 latini-
777 3883 913 3930 &irmirici
934 3883 1063 3947 euerritur]
1090 3883 1128 3932 Sic
1148 3883 1225 3931 Rhen.
1247 3896 1261 3930 e

190 3954 239 3994 tate
249 3947 387 4009 postulante,
402 3963 444 4011 pro
454 3950 562 4011 direpte.
593 3947 711 4010 Imagines
742 3945 804 3992 Bud.
817 3945 881 4009 prius
891 3945 1009 4010 legebatur
1020 3949 1140 3996 Germani.

191 4011 310 4072 (imme
320 4011 349 4060 de
364 4011 444 4074 signis,
459 4017 513 4075 que
526 4028 584 4060 mox
598 4011 709 4076 repositm
776 4011 905 4058 Othoniani
913 4013 1041 4075 exereitus]
1054 4013 1107 4060 MS.
1120 4011 1182 4060 Bud.
1197 4013 1259 4060 Ger-

192 4073 224 4123 Id
244 4083 324 4123 autem
343 4085 378 4124 est
396 4077 510 4138 deripere,
531 4091 578 4124 non
599 4079 710 4141 diripere.
741 4077 837 4122 misici.
854 4075 901 4123 Ed.
910 4090 946 4138 pr.
957 4083 1079 4138 utramque
1086 4075 1205 4124 lectionem
1213 4075 1259 4122 mi·

192 4139 303 4190 Imitatus
312 4140 482 4190 estBroteriua.
498 4140 571 4190 Enii.
741 4148 803 4188 seete
823 4141 979 4187 Othamanici.
990 4138 1059 4187 V.ad
1070 4141 1094 4198 5,
1106 4141 1144 4188 23.
1166 4140 1258 4202 Vulga-

196 4254 199 4258 Δ
222 4209 257 4254 Iu
265 4206 338 4268 sarna
346 4205 465 4268 proditio]
480 4204 533 4252 Alii
543 4205 597 4253 libri
607 4204 709 4268 infimis
740 4212 793 4251 tum
804 4219 885 4251 verum
896 4213 937 4252 est.
964 4203 1026 4250 Mox
1033 4210 1109 4250 waren
1117 4205 1201 4251 iisdem
1209 4205 1259 4250 illic

186 4272 301 4332 proditus
319 4268 517 4333 (sicrigr.)necs
612 4271 709 4316 ltanar-
740 4270 830 4342 campis
841 4265 1259 4346 MSS-etedd.anteeren.quide-

189 4332 711 4466 &strinienturtstitn
739 4331 1260 4472 itttttittnttmitttltnls
1303 4391 1306 4398 ¹
