3059 4975
231 325 269 381 sl
301 306 305 313 '
622 320 907 381 nrsroarrnuu
1126 328 1295 401 [reses.

232 490 316 637 imeri
342 486 438 550 malos
466 505 616 550 consensu
645 480 685 547 ad
710 484 838 567 bellum,
868 506 963 571 quem
992 486 1024 550 in
1053 490 1129 574 pace
1156 488 1198 553 ed
1226 487 1299 554 cori:

234 596 286 639 cor
309 594 379 637 ram.

277 658 349 723 LV.
372 655 533 722 Inferioris
553 646 654 719 tamen
671 654 846 720 Germaniae
860 655 996 743 legiones
1017 655 1145 723 solemni
1161 643 1297 725 Kalend.

235 744 458 809 «Ianuariarum
472 761 627 805 sacramen
671 744 730 828 plo
739 741 844 827 Galba
852 742 983 822 adacter,
994 742 1094 808 multa
1104 743 1300 811 cunctatione

236 843 267 894 et
288 827 365 893 raris
380 827 557 915 primorum
579 850 614 891 or
639 823 725 891 ‘nur'n
741 827 887 891 vocibus:
909 827 1003 893 ceteri
1023 829 1144 895 silentio
1164 829 1299 920 proximi

236 915 390 1003 cujusque
414 909 575 978 audaciam
598 927 827 1001 exspectantes:
859 911 952 979 insita
971 911 1155 982 mortalibus
1175 913 1299 998 natura,

236 1019 368 1089 propere
381 998 478 1097 sequi,
493 1020 566 1087 quae
583 998 669 1086 piget
685 1000 838 1063 inchoare.
884 1000 946 1064 Sed
967 999 1041 1088 ipsis
1061 1000 1235 1089 legionibus
1255 1004 1302 1068 in-

237 1094 303 1151 erat
317 1086 478 1151 diversitas
491 1084 674 1149 animorum.
693 1084 848 1170 ‚Parmani
861 1086 1067 1173 quintanique
1080 1088 1198 1154 turbidi
1212 1088 1302 1169 adeo,

237 1187 275 1238 ut
295 1171 424 1259 quidam
445 1192 520 1265 sarra
539 1170 572 1234 in
594 1166 706 1235 Gelbae
726 1169 770 1233 im
812 1168 820 1181 ⁰
844 1194 877 1235 es
894 1170 1044 1258 jecerint:¹
1075 1174 1305 1260 quintadecima

238 1282 274 1325 ac
289 1257 494 1341 sextadecima
509 1256 537 1343 le
561 1257 654 1335 ones,
675 1248 753 1319 nibil
766 1273 797 1335 u·
810 1267 858 1321 tra
871 1255 1031 1340 fremitum
1048 1250 1080 1321 et
1094 1259 1193 1324 minas
1206 1284 1302 1340 ausae,

239 1344 361 1408 initium
376 1278 888 1432 erumpenffcir‘cumspectabant'„
907 1344 956 1406 At
968 1343 1001 1406 iu
1016 1344 1177 1430 superiori,
1191 1362 1305 1433 quarta

241 1454 276 1493 ac
300 1427 547 1492 duodevicesima
571 1424 717 1517 legiones,
736 1421 852 1515 iisdem
876 1422 1014 1493 hibernis
1036 1430 1207 1510 tendentes,
1235 1432 1304 1518 ipso

242 1506 375 1597 Kalend.
387 1505 608 1599 ianuariarum
619 1511 678 1593 die,
691 1512 876 1600 dirumpunt
885 1510 1035 1601 imagines
1047 1506 1177 1580 Gelbes:
1192 1523 1306 1604 quarta

240 1598 322 1687 legio
346 1599 532 1691 promptius,
558 1596 808 1669 duodevicesiri'ra
829 1598 1020 1687 cunctanter,
1047 1599 1120 1665 mox
1144 1613 1305 1685 consen-sd.

241 1686 301 1763 Ac,
323 1708 364 1750 ne
384 1684 587 1749 reverentiam
603 1683 731 1772 Imperii
751 1704 865 1749 exuere
884 1686 1074 1763 viderentur,
1098 1688 1230 1752 Senatus
1244 1689 1307 1751 Po-

246 1762 250 1769 ι

240 1770 371 1922 pulique
392 1770 528 1836 Romani
552 1768 715 1857 obliterata
730 1771 798 1858 jam
819 1771 945 1835 nomina
965 1784 1156 1836 sacramento
1176 1773 1307 1838 advoca

264 1868 334 1948 ant:
366 1856 452 1941 nullo
475 1858 669 1943 Legatorum
694 1852 950 1921 Tribunor'ulr'r're
996 1856 1031 1921 ro
1054 1856 1158 1923 Galba
1177 1859 1306 1939 nitente,

242 1942 443 2030 quibusdam,
465 1954 502 2007 ut
521 1944 554 2006 in
569 1940 718 2019 tumultu,
740 1940 908 2006 notabilius
921 1957 974 2008 tur
1037 1942 1131 2010 tibus.
1174 1947 1247 2009 Non
1262 1957 1307 2009 ta-

241 2052 313 2093 men
324 2029 491 2117 quisquam
505 2026 538 2091 in
551 2028 681 2093 modurn
691 2027 845 2093 concionis
855 2056 872 2096 e
884 2042 1033 2117 suggestu
1045 2029 1186 2095 locutus:
1206 2052 1309 2117 neque

244 2116 327 2179 enim
341 2129 406 2179 erat
419 2114 534 2193 adhuc,
548 2114 599 2177 cui
612 2113 829 2211 imputaretur.

295 2199 386 2265 LVI.
415 2202 576 2285 Spectator
600 2196 710 2284 flagrur
733 2193 934 2262 Hordeonius
959 2197 1102 2278 Flaccus,
1127 2197 1308 2266 Consularis

244 2287 385 2371 Legatus
398 2284 516 2361 aderat,
530 2304 593 2346 non
607 2305 799 2370 compescere
812 2295 947 2362 ruentes,
962 2305 1024 2347 non
1038 2285 1168 2349 retinere
1183 2284 1308 2366 dubios,

241 2392 306 2435 non
328 2368 481 2435 cohortari
501 2368 601 2432 bonos
620 2391 731 2433 ausus:
755 2367 810 2433 sed
831 2368 943 2455 segnis,
965 2368 1109 2457 pavidus,
1124 2384 1156 2435 et
1170 2371 1310 2436 socordia

243 2456 396 2534 innocens.
442 2456 585 2534 Quatuor
600 2454 805 2521 Centuriones
818 2450 1076 2522 duodevicesima
1089 2453 1229 2545 legionis,
1243 2451 1310 2524 No·—

246 2667 356 2714 volvetur.
389 2663 450 2712 Mox
466 2660 657 2727 protemcnedd.
670 2661 761 2710 Puteal.
796 2661 871 2712 lires.
896 2659 1026 2710 Videed'c
1041 2662 1078 2709 la
1090 2660 1215 2714 euentu
1224 2649 1312 2724 A'gna

245 2729 302 2798 liet.
311 2729 365 2796 Alc
374 2729 443 2776 inde:
457 2725 513 2792 'quae
523 2729 592 2775 verba
601 2733 763 2791 permutantur
795 2728 819 2774 2.
827 2723 872 2786 m.)
883 2725 921 2773 hic
936 2725 1031 2774 exhibet
1046 2724 1141 2774 duodcv.
1153 2733 1176 2774 et
1191 2723 1244 2773 edd.
1257 2729 1311 2774 vett.

245 2792 270 2844 in
280 2793 345 2844 libris
352 2795 383 2842 ob
390 2790 566 2842 similitudinem
573 2783 762 2854 compendiorum
811 2798 876 2838 raeter
885 2806 920 2854 pr.
932 2789 1065 2854 quaehdb'et
1072 2791 1118 2838 duo
1125 2795 1148 2838 et
1159 2792 1203 2837 vic.
1212 2791 1310 2839 atrior.

246 2865 353 2908 rrietin.
368 2859 440 2906 Eure.
464 2855 527 2906 Bud.
538 2863 615 2905 tenen
626 2853 722 2904 totidem
731 2855 761 2902 li-
794 2807 866 2902 linu-
896 2853 1003 2904 EtBud.
1014 2855 1234 2910 Duodevioesimesn
1244 2854 1313 2908 intel,

246 2924 308 2973 teris·
758 2919 1312 2982 ¹ligiPichenademonstn'rviterrlimi

285 2989 364 3038 Insita
386 2987 523 3036 mortalibus
544 2985 631 3033 recture
649 2976 761 3048 prope-re]
795 2981 868 3040 et37.
1201 3034 1204 3038 ¹

245 3051 335 3107 Melius
345 3055 424 3101 insite.
457 3051 521 3112 Vidi,
532 3050 574 3113 qui
584 3049 702 3112 sequentia
712 3065 764 3112 per-
828 3051 982 3110 Dirumpunl
998 3047 1127 3113 imagines]
1150 3047 1220 3097 Forte
1229 3041 1315 3104 melinis

244 3126 352 3180 perteret,
367 3132 413 3165 non
431 3124 480 3165 tun
494 3129 601 3180 propere.
634 3112 696 3161 Vere
712 3119 764 3176 p'er-
795 3113 922 3176 deripiunt.
940 3113 1017 3178 Supra
1026 3113 1048 3174 l,
1060 3113 1100 3162 dl.
1116 3115 1314 3175 DerepromGal-

246 3191 349 3232 verteret.
382 3180 448 3230 Nam
463 3178 541 3228 Taciti
558 3191 650 3240 gnome,
667 3192 762 3239 arcanae,
796 3179 829 3226 doe
845 3179 974 3239 imaginem
990 3179 1037 3226 solo
1053 3177 1135 3241 affixit.
1168 3177 1274 3226 Freinsh.
1291 3181 1314 3226 ct

247 3255 275 3298 ut
285 3247 350 3305 solet,
362 3244 463 3293 veritatis
473 3253 521 3302 est3
539 3252 562 3291 et
572 3243 638 3306 plebs
652 3240 685 3289 ita
694 3241 763 3304 facta,
795 3239 925 3290 Acidaliae
951 3243 997 3291 Sed
1007 3241 1061 3291 libri
1071 3259 1151 3291 omnes
1161 3236 1313 3291 commeent.

247 3319 274 3378 ut
289 3310 358 3423 rbebus
374 3309 452 3384 arduis
473 3322 542 3356 nemo
557 3305 624 3354 facile
639 3303 721 3354 ducem
740 3323 765 3356 se
796 3305 876 3356 Etiam
883 3307 939 3354 alibi
941 3309 1037 3370 fractos
1043 3305 1230 3368 magtusdixie
1242 3307 1314 3354 ΕΜ.

419 3382 437 3420 li
450 3388 474 3420 m

247 3393 295 3488 liid
305 3382 450 3499 gigig&
475 3389 544 3486 Ilum
564 3437 681 3498 queritur
703 3437 765 3503 bees
796 3431 978 3498 liusdistinguer
993 3437 1314 3493 Contenteunwsconscnsu.

247 3513 397 3571 tempusque:
414 3503 517 3566 quodque
529 3504 556 3550 in
567 3502 610 3548 teli
621 3515 646 3547 re
656 3499 767 3562 difficilli-
798 3501 837 3547 Ac
847 3515 876 3546 ne
888 3516 910 3547 r.
928 3500 1002 3548 Inus.
1036 3499 1114 3547 Guelf.
1126 3505 1257 3546 cunanur
1271 3513 1315 3562 pro

248 3587 314 3619 neum
324 3575 366 3630 cst,
374 3569 457 3632 prinw
469 3583 520 3614 von.
538 3567 612 3615 mes.
799 3571 954 3620 eluctantem·
972 3572 999 3612 ut
1016 3561 1126 3626 Rutgers.
1142 3562 1207 3610 lect.
1224 3563 1314 3612 venua

287 3635 324 3682 At
345 3635 371 3680 iu
391 3631 521 3698 superiori]
554 3629 601 3678 int.
624 3629 763 3677 Germania:
797 3644 821 3703 p.
833 3628 888 3674 415.
900 3627 1185 3690 mrrigitssedidr‘ratum
1196 3628 1315 3676 estescri-

248 3713 305 3746 nam
312 3713 369 3745 mox
394 3696 621 3760 recessitinserioris
631 3695 766 3742 Germania
797 3701 866 3757 ptura
876 3693 964 3741 solenni
973 3691 1100 3740 illiuslibn‘
1111 3698 1250 3740 contester..
1269 3691 1315 3740 Di.

248 3762 342 3828 mentio.
393 3757 502 3810 elevimus
512 3761 624 3817 exercitu,
635 3758 766 3806 auctoribus
797 3756 980 3820 uinceomiprii
995 3763 1055 3805 recte
1070 3765 1160 3822 recepta
1175 3773 1190 3805 a
1206 3756 1315 3806 Pichena.

249 3819 321 3876 MSS·
334 3825 412 3875 Oxou.
426 3825 504 3876 Guelt'.
515 3825 541 3872 in
557 3837 603 3888 quo
614 3839 628 3870 a
638 3837 710 3870 manu
722 3838 765 3871 sec.
797 3821 868 3870 Eure.

248 3891 389 3956 inmergine
398 3883 539 3953 adscriptum
549 3896 590 3936 est.
607 3886 768 3948 Adscripserat
831 3887 932 3934 Senatus
949 3879 1094 3950 Populiquc]
1118 3885 1157 3935 Sic
1174 3886 1315 3948 correximus

249 3955 341 4019 aliquis,
357 3962 385 4003 ut
394 3946 584 4024 inpelbgendums
603 3951 658 4000 inde
669 3951 766 4000 venitin
798 3947 861 3998 hunc
870 3950 957 4011 iocum,
972 3950 997 3998 in
1008 3967 1055 4014 quo
1065 3951 1136 4018 ndgo
1145 3958 1194 3999 erat
1204 3953 1231 3998 in
1241 3952 1318 4000 Senn-

249 4027 347 4068 textum.
374 4019 497 4085 ‘Ceterum
524 4019 630 4080 superior
651 4019 768 4064 exesurus
800 4013 1252 4080 tus-secronuntaadv.(utiand.)
1278 4013 1316 4061 At

248 4093 309 4133 recte
319 4083 432 4131 dicituro.
445 4083 484 4130 56.
496 4081 565 4147 itque
581 4081 636 4129 inde
646 4077 704 4128 forte
715 4080 765 4129 vitii
799 4079 832 4128 sic
847 4079 973 4142 legendum
988 4081 1114 4142 conjecerat
1127 4079 1152 4128 J.
1165 4079 1237 4126 Gron.
1252 4077 1316 4142 quod

248 4150 322 4212 origo.
338 4148 411 4198 Eur.
444 4143 710 4196 Budhabe‘tceercitu.
799 4143 1020 4195 inaFlor.aberat.
1047 4140 1119 4204 Quod
1129 4143 1190 4204 dedi,
1201 4144 1271 4207 plane
1281 4151 1317 4190 est

250 4269 258 4276 ..
280 4217 365 4262 Duoct
377 4209 499 4277 vicesima]
511 4207 658 4260 Coiarruviae
669 4209 767 4274 scriptus
798 4208 824 4256 in
834 4207 869 4256 ed
881 4224 916 4270 pr.
926 4210 1010 4258 Paullo
1020 4217 1071 4272 p'ost
1079 4224 1092 4256 e
1101 4213 1214 4270 suggestu
1225 4207 1317 4255 volebat

248 4273 375 4338 rodeis-ita
395 4276 489 4339 passim.
526 4276 663 4325 Probamus.
700 4275 768 4338 Saepe
796 4273 944 4327 'Groslotiriss
968 4273 992 4320 id
1030 4273 1117 4336 quein
1134 4268 1236 4320 mentem
1254 4259 1316 4335 ‘venii

248 4353 350 4394 erratum
358 4341 504 4392 etiaminfra
539 4339 766 4396 Rectetanreninte-
798 4334 980 4404 Ryclrio.llnrr.
1049 4352 1135 4386 ernon
1145 4341 1316 4401 putounqda‘rn

247 4399 766 4534 illutibilisiirlllllltll
797 4400 912 4518 v'iiiiii‘
933 4402 1067 4466 ‘'nim“
1088 4403 1137 4452 ὡκ
1158 4406 1254 4466 ...a
1279 4399 1315 4447 ‘¹³²

244 4527 325 4596 plesse.
359 4535 410 4584 Nos
424 4537 516 4586 alibiin
530 4542 594 4583 textu
612 4533 764 4598 reposuimus.
794 4530 798 4538 ’
830 4534 942 4584 socordia
954 4533 1073 4595 innocens]
1089 4531 1237 4582 Boibornius
1252 4531 1325 4577 inter·

502 3369 568 3420 divis.
602 3369 765 3420 Facithucil-
831 3374 965 3420 Contentus.
988 3373 1053 3418 Moe
1066 3385 1183 3430 conserua,
1195 3369 1235 3432 ec]
1258 3370 1315 3418 Me.
