3059 4975
454 610 531 703 c,
557 611 840 704 connum
877 610 1092 751 unorn-

306 817 309 822 “
397 806 1154 917 HISTORIARUM'

523 1011 687 1085 nisan
713 1012 1005 1089 SECUNDUS.

680 1204 847 1235 *-

555 1293 827 1397 annullarunt
849 1338 973 1399 crum.

217 1468 293 1547 Cap.
309 1474 336 1529 1.
358 1468 451 1527 ›Titus
473 1469 511 1529 ad
531 1468 658 1531 Galbam
676 1467 790 1535 missus,
814 1468 916 1527 nuntio
940 1469 1041 1527 mortis
1062 1471 1125 1547 ejus
1146 1488 1282 1550 accepto,

257 1548 347 1606 vertit
359 1548 423 1609 iter.
457 1553 486 1607 2.
506 1548 626 1625 Paphiae
640 1545 763 1605 Veneris
777 1546 923 1625 templum
933 1547 1003 1605 adit.
1033 1553 1063 1609 3.
1085 1548 1185 1627 Hujus
1199 1551 1282 1629 origo

257 1638 289 1683 et
298 1626 374 1687 Dera
385 1627 492 1687 cultus.
525 1631 553 1690 4.
572 1625 617 1694 lbi
631 1624 875 1695 futuraedoctus,
890 1638 978 1703 acuto
989 1626 1095 1695 animo,
1108 1628 1146 1687 ad
1157 1640 1280 1707 patrem,

255 1704 305 1781 qui
319 1706 429 1768 bellum
442 1706 601 1765 Judaicum
614 1704 831 1782 profligaverat,
848 1704 934 1763 redit.
974 1710 1002 1765 5.
1026 1706 1196 1785 Vespasiani
1211 1708 1246 1765 M
1250 1729 1281 1767 u·

256 1783 390 1861 cianique
410 1784 561 1861 ingenium
578 1802 614 1841 ac
634 1803 730 1841 mores
748 1782 864 1841 diversi.
900 1783 939 1841 lli
954 1784 1065 1855 Duces,
1080 1786 1182 1863 positis
1196 1786 1280 1857 odiis,

255 1861 285 1919 in
298 1862 428 1923 medium
442 1863 607 1921 consulunt.
649 1862 723 1919 Inde
736 1866 765 1921 6.
779 1864 809 1923 7.
823 1862 916 1919 civilis
929 1863 998 1920 belli
1013 1882 1140 1931 occasio,
1155 1864 1280 1923 intume·
1297 1899 1298 1903 ,

252 1941 404 1999 scentibus
415 1941 545 2000 Orientis
557 1940 729 2015 legionibus.
756 1944 785 1997 8.
796 1943 823 1999 9.
839 1940 915 1997 Falsi
927 1940 1053 1999 Neronis
1062 1942 1232 2011 ludibrium,
1243 1946 1279 2003 ab
1357 1974 1359 1979 ·

255 2020 424 2096 Asprenate
435 2036 644 2097 compressum.
678 2021 721 2075 lb.
736 2017 770 2073 In
784 2018 855 2075 urbe
865 2037 962 2095 parvae
973 2038 1019 2076 res
1030 2019 1142 2097 magnis
1152 2022 1279 2081 motibus

254 2110 338 2157 actae.
371 2098 473 2159 Vibius
487 2097 606 2174 Crispus
622 2096 749 2154 Annium
764 2095 915 2165 Faustum,
935 2096 1098 2173 delatorem
1110 2098 1207 2159 fratris
1222 2102 1277 2172 sui,

292 2177 403 2237 rvertit.

252 2196 340 2314 pe11.
363 2258 445 2316 hesta
461 2255 572 2314 Othoni
587 2256 731 2333 principia
751 2254 830 2313 belli.
865 2256 911 2313 12.
932 2253 1022 2314 Miles
1036 2256 1100 2333 ejus
1113 2255 1142 2331 in
1156 2258 1278 2337 Alpinos

251 2334 344 2405 saevit,
369 2341 414 2396 13.
434 2336 463 2392 in
478 2335 596 2393 Albium
615 2334 802 2393 Intemelium
821 2334 877 2391 iras
895 2333 991 2393 vertit.
1035 2334 1195 2413 Egregium
1216 2356 1276 2396 ma·

252 2424 344 2471 ternae
362 2414 479 2494 pietatis
499 2414 677 2491 exemplum.
714 2418 758 2472 14.
778 2412 904 2471 Inminet
922 2413 1078 2491 provinciae
1092 2414 1275 2476 Narbonensi

156 2522 158 2527 ·
253 2493 543 2558 Othonianaclassis.
576 2492 724 2552 Vitelliani
737 2493 816 2561 caesi,
849 2497 895 2551 15.
914 2512 972 2551 nec
986 2491 1160 2556 Othonianis
1175 2497 1272 2556 incru-

251 2584 319 2631 enta
339 2573 470 2632 victoria.
505 2576 549 2632 16.
569 2571 723 2631 Pacarium
744 2572 979 2640 Procuratorem,
1001 2575 1104 2648 juvare
1121 2573 1273 2648 Vitellium

251 2651 408 2712 Corsorum
428 2653 537 2710 viribus
556 2661 718 2728 parantem,
736 2650 858 2708 insulani
877 2663 993 2710 necant.
1036 2656 1082 2721 17.
1103 2655 1273 2713 Vitelliano-

248 2748 313 2788 rum
327 2751 373 2790 res
387 2731 524 2790 secundae
535 2731 565 2789 in
580 2730 673 2798 ltalia.
707 2732 751 2788 18.
769 2733 812 2790 19.
829 2728 975 2807 Spurinna
985 2730 1164 2790 Placentiam
1179 2735 1273 2791 munit

249 2809 545 2868 contraVitelliauos.
580 2812 627 2868 20.
649 2828 715 2878 earu
729 2808 846 2866 Caecina
860 2807 929 2864 dum
944 2821 1104 2886 oppugnat,
1146 2816 1193 2870 21.
1212 2831 1272 2870 am·

247 2886 445 2964 phitheatrum
461 2889 525 2946 urbi
539 2887 707 2966 proximum
721 2885 891 2960 conflagrat.
924 2891 973 2945 22.
991 2887 1153 2948 Obsidione
1163 2890 1270 2960 soluta,

248 2967 423 3026 Cremonam
435 2967 552 3026 Crecina
564 2967 649 3045 petit,
663 2965 711 3023 ubi
740 2969 787 3024 23.
803 2965 961 3036 Othoniani
975 2985 1115 3043 prospere
1129 2981 1272 3045 pugnant.

248 3044 435 3104 vincentium
448 3046 581 3123 inpetum
596 3044 758 3122 reprimunt
765 3045 879 3112 Duces,
893 3043 961 3101 inde
972 3045 1102 3119 suspecti
1115 3045 1189 3103 fiunt
1202 3049 1270 3104 suis.

246 3127 294 3184 24.
314 3125 440 3184 Caecinae
453 3124 571 3183 iusidias
585 3124 614 3181 in
632 3123 726 3200 ipsum
740 3122 828 3180 vertit
843 3121 999 3202 Suetonius
1013 3123 1171 3192 Paullinus‚
1187 3129 1270 3204 cujus

247 3207 294 3264 25.
309 3203 498 3264 cunctatione
509 3202 658 3264 Vitelliani
668 3211 831 3262 servantur.
859 3207 906 3264 26.
922 3201 1076 3282 Utrimque
1089 3203 1269 3284 tumultuan-

244 3293 293 3342 tur
306 3286 422 3346 milites.

279 3367 333 3428 27.
354 3365 464 3424 Valens
477 3367 507 3424 in
522 3365 637 3427 Italiam
655 3366 754 3444 copias
776 3364 868 3430 ducit.
901 3365 1137 3441 2329615115
1157 3366 1187 3422 in
1204 3368 1268 3442 ejus

240 3445 379 3504 exercitu
387 3446 633 3506 ortaBatavorum
642 3442 957 3522 seditioAlpheniVari
967 3443 1088 3516 consilio
1098 3444 1268 3578 composita.

239 3529 293 3585 30.
313 3523 431 3584 Juuctis
451 3524 549 3593 armis,
572 3523 756 3584 emulatione
780 3541 947 3600 suppressa,
969 3522 1089 3598 Caecina
1108 3541 1142 3580 ac
1188 3523 1268 3580 alens

242 3603 395 3662 Vitellium
410 3602 521 3673 fovent,
534 3603 645 3662 Othoni
661 3604 768 3680 probra
782 3603 942 3680 objectant.
981 3601 1090 3659 Eorum
1105 3605 1153 3660 31.
1174 3599 1268 3659 Otho-

240 3681 348 3759 nisque
361 3694 392 3741 et
405 3683 517 3741 Vitellii
531 3682 720 3759 comparatio.
754 3681 836 3740 Otho
851 3680 996 3738 consultat
1009 3679 1047 3738 de
1062 3679 1173 3738 ratione
1188 3679 1268 3740 belli.

238 3761 470 3822 ammonius
484 3761 632 3824 Paullinus
646 3781 757 3819 moram
772 3761 884 3819 suadet.
924 3765 972 3820 33.
994 3757 1102 3816 Titiani
1122 3757 1219 3818 fratris
1238 3771 1268 3818 et

242 3838 366 3902 Proculi,
377 3839 498 3899 consilia
512 3839 679 3916 praevalent.
720 3840 800 3898 Otho
816 3857 883 3896 cnm
895 3838 992 3896 valida
1004 3857 1090 3896 manu
1106 3837 1269 3896 Brixellum

242 3919 391 3978 concedit.
406 3923 471 3979 34.
484 3919 634 3977 Vitelliani
645 3917 800 3981 transitum
811 3916 883 3976 Padi
893 3917 1029 3975 simulant
1040 3940 1047 3984 ;
1062 3921 1109 3976 35.
1118 3919 1166 3976 36.
1181 3937 1268 3996 quern

240 3997 431 4074 prohibentes
453 3997 613 4056 Othoniani
636 3997 799 4063 caeduntur.
839 4000 888 4060 37.
909 3995 1010 4055 Vanus
1030 4017 1139 4066 rumor,
1160 4014 1268 4072 pavore

239 4075 308 4134 belli
320 4077 474 4136 fastidiove
485 4074 797 4153 utriusquePrincipis,
810 4074 891 4152 pacis
901 4075 1022 4133 consilia
1033 4075 1107 4134 inter
1119 4074 1268 4132 exercitus

239 4155 331 4214 fuisse
341 4154 461 4233 agitata.
494 4161 545 4216 38.
560 4155 711 4214 Excursus
723 4155 762 4212 de
776 4153 921 4232 prioribus
933 4153 965 4211 P.
979 4155 1014 4212 B.
1028 4155 1161 4212 civilibus
1175 4151 1267 4208 bellis.

240 4237 294 4296 39..
311 4238 361 4294 49.
383 4234 518 4297 Titianus
540 4246 570 4300 et
591 4235 733 4298 Proculus
754 4235 793 4292 ad
813 4245 949 4311 quartum
969 4253 986 4292 a
1007 4233 1151 4292 Bedriaco
1174 4240 1269 4315 castra

240 4311 367 4390 inperite
381 4324 562 4389 promovent.
603 4314 739 4372 Ducibus
761 4313 866 4380 dubiis,
888 4312 998 4382 rein-in
1020 4312 1175 4378 discrimen
1193 4314 1270 4360 mrttr

241 4391 322 4450 Otho
333 4391 429 4469 jubet.
457 4397 585 4453 41-43.
606 4392 810 4461 Bedriacensis
824 4411 932 4467 pugna.
973 4395 1020 4449 44.
1035 4383 1271 4474 Othonianorum

240 4469 313 4547 fuga
331 4479 365 4528 et
388 4469 528 4529 adversus
552 4473 654 4530 Duces
676 4489 745 4531 suos
770 4471 821 4528 ira.
858 4473 907 4528 45.
929 4466 1069 4528 lnduciae.
1102 4464 1271 4540 1110110111

239 4547 414 4622 victoribus,
425 4549 455 4606 in
466 4549 600 4610 lacrimas
613 4549 707 4620 effusi,
720 4548 817 4608 civilia
830 4547 908 4606 bella
922 4545 1113 4603 detestantur.
1148 4540 1274 4616 46-49.
