3059 4975
240 266 467 352 scrip
613 262 688 324 ms.
712 263 763 322 rv.
784 262 874 323 car.
895 265 942 326 71.
1077 308 1081 319 .
1248 233 1316 326 scr

239 424 419 490 abscessere.
444 424 623 491 Valentinus
638 427 673 490 a'c
685 426 791 490 Tutor
804 425 836 489 in
850 445 937 490 anna
951 424 1107 488 Treveros
1114 421 1281 492 'retrahunt
1293 455 1302 507 ;

238 510 344 576 occisis
358 510 518 576 Herennio
535 534 571 576 ac
585 511 737 590 Numisio,
754 510 893 598 Legatis,
912 532 980 598 quo
996 509 1114 575 minore
1134 515 1301 598 spereniae

238 607 384 660 cresceret
399 595 557 660 vinculum
572 594 700 661 sceleris.
1180 595 1183 600 ’
1256 621 1260 625 ·

242 721 245 728 ·
281 681 412 746 uxxr.
436 680 585 746 urerent
599 681 1152 757 sctuseraccumreunsceaans
1165 645 1302 770 Maga

237 765 350 832 tiaeum
366 767 467 832 venit:
486 769 554 854 ejus
568 765 704 830 adventu
718 778 828 830 ereetae
839 789 918 853 spes.
962 769 1037 853 Ipse
1050 787 1167 866 pugnoe
1176 767 1298 849 aridus,

234 862 266 916 et
290 852 532 930 contemnendis,
561 873 657 937 quam
684 849 839 928 cavendis,
868 851 1009 916 hostibus
1036 853 1154 934 mehor,
1183 851 1298 920 ferocia

234 938 402 1002 verborum
416 937 545 1002 militem
558 935 757 1001 incendebat:
775 934 828 1001 ubi
865 936 980 1000 rimum
993 939 1139 1024 congredi
1152 937 1298 1019 licuisset,

233 1022 351 1088 nullam
365 1015 606 1111 proelio'moram
620 1021 776 1086 facturus:
800 959 937 1086 delictus
949 1044 1007 1108 per
1021 1023 1156 1088 Galliam
1175 1024 1300 1091 habitos

234 1107 267 1171 in
281 1109 419 1174 civitates
432 1108 571 1186 remittit,
588 1130 623 1172 ae
637 1107 780 1172 nuntiare
788 1107 892 1193 jubet,
913 1106 1088 1172 “sufficere
1102 1110 1240 1196 Imperio
1253 1111 1297 1175 ie-

234 1195 359 1279 giones:
382 1194 456 1258 socii
476 1194 517 1258 ad
536 1193 745 1280 munia'paeis
765 1191 913 1271 redirent,
932 1193 1042 1273 securi,
1056 1194 1143 1258 velut
1156 1196 1297 1260 confecto

233 1279 325 1358 bello,
353 1280 440 1366 quod
468 1280 620 1344 Romanae
647 1300 759 1342 manus
787 1279 1024 1378 excepissent.”.
1047 1278 1152 1343 Auxit
1179 1303 1297 1345 cares

235 1366 398 1431 Gallorum
408 1365 611 1452 obsequium:
633 1386 716 1441 nam,
731 1377 854 1450 recepta
858 1375 1036 1450 juventute,
1048 1362 1168 1428 facilius
1178 1360 1296 1430 tributa

233 1450 412 1530 toleravere,
426 1451 585 1536 proniores
595 1449 636 1514 ad
646 1448 755 1526 officia,
767 1448 854 1535 quod
867 1451 1099 1538 spernebantur.
1124 1450 1176 1515 Ar
1187 1449 1297 1515 Civilis

235 1549 266 1600 et
280 1535 443 1612 Classicus,
464 1536 520 1600 ubi
536 1543 557 1574 “
572 1533 697 1621 pulsum
714 1535 880 1613 Tutorem,
894 1558 989 1600 eaesos
1003 1537 1169 1615 Treveros,
1183 1551 1296 1602 cuncta

233 1621 376 1704 hostibus
396 1622 568 1709 prospera”
582 1640 735 1706 accepere,
751 1619 865 1706 trepidi
882 1643 919 1686 ac
932 1631 1150 1707 properantes,
1157 1620 1234 1685 dum
1248 1622 1302 1686 di..

235 1729 355 1793 spersas
374 1717 503 1772 'suorum
517 1705 620 1794 copias
633 1704 823 1783 conducunt,
838 1706 954 1771 crebris
966 1705 1089 1771 interim
1103 1706 1220 1770 nuntiis
1234 1709 1304 1771 Va.

233 1791 384 1862 lentinum
404 1814 561 1870 monuere,
577 1799 598 1830 “
612 1813 651 1855 ne
666 1813 794 1856 summat
808 1791 853 1854 rei
866 1791 1039 1878 periculum
1058 1791 1203 1856 lacera?
1245 1792 1299 1857 Eo

233 1877 373 1964 rapidius
384 1875 522 1954 Cerialis,
536 1876 636 1940 missis
649 1876 682 1939 in
694 1875 957 1956 Mediomatricos,
968 1877 1025 1964 qui
1037 1877 1180 1942 breviore¹
1190 1876 1301 1943 itinere

233 1961 369 2048 legiones
391 1961 423 2026 in
448 1961 569 2032 hostem
589 1973 754 2040 verterent,
777 1974 944 2040 contracto,
967 1962 1141 2048 quoderat
1163 1961 1299 2028 militum

235 2047 438 2134 Mogontiaci,
459 2059 674 2134 quantumque
699 2069 803 2110 secum
824 2060 1046 2122 transvexerat,
1069 2046 1166 2111 tertiis
1192 2050 1300 2113 castris

235 2131 279 2196 Ri
301 2131 432 2198 odulum
453 2133 557 2207 venit;
586 2153 680 2218 quem
701 2130 805 2194 locum
830 2154 944 2218 magna
969 2134 1179 2197 Treverorum
1203 2156 1300 2198 manu

234 2215 268 2283 V
298 2218 422 2284 antinus
443 2218 607 2297 insederat,
630 2216 789 2282 montibus
812 2230 868 2282 aut
890 2217 1023 2282 Mosella
1043 2241 1134 2282 amne
1155 2230 1299 2305 septum:
1379 2263 1387 2282 .

234 2317 265 2368 et
285 2303 449 2370 addiderat
469 2305 566 2371 fossas
587 2302 752 2388 obicesque
774 2323 930 2367 saxorum.
973 2304 1045 2368 Nec
1065 2303 1300 2368 deterruere'ea

233 2389 425 2454 munimenta
436 2391 613 2454 Romanum
623 2389 757 2466 Ducem,
769 2410 834 2474 quo
843 2387 946 2452 minus
955 2385 1091 2475 peditem
1101 2411 1302 2476 perrumpere

229 2475 366 2563 juberet,
379 2476 519 2565 equitum
532 2473 628 2541 aciem
639 2472 672 2538 in
683 2471 792 2539 collem
803 2472 945 2561 erigeret,
956 2490 1060 2561 spreto
1070 2474 1176 2551 hoste;
1193 2499 1298 2563 quem,

234 2565 348 2627 temere
361 2562 544 2641 conlectum,
563 2560 649 2625 haud
669 2558 714 2624 ita
733 2559 802 2624 loco
811 2560 930 2646 juvari,
949 2572 986 2624 ut
1005 2582 1067 2624 non
1088 2558 1161 2648 plus
1183 2561 1247 2625 suis
1267 2562 1302 2625 in

233 2647 349 2713 virtute
361 2648 450 2712 foret.
496 2647 642 2712 Paullum
663 2667 758 2709 morae
777 2643 810 2707 in
831 2644 977 2723 adcensu,
996 2646 1074 2710 dum
1096 2644 1223 2710 missilia
1243 2647 1299 2711 ho·

234 2733 328 2797 stium
350 2734 592 2821 praevehuntur:
615 2742 799 2795 utventum
821 2730 855 2793 in
877 2730 1177 2808 manus,.deturbati
1198 2730 1302 2795 ruinae‘
1325 2760 1328 2767 ·

234 2818 327 2895 modo
355 2818 600 2905 praecipitantur.
644 2815 691 2879 Et
718 2815 968 2900 pars-equitum,
985 2816 1187 2901 ,requioribus
1215 2815 1298 2902 'ugis

233 2902 448 2983 circumvecta,
468 2900 671 2991 nobilissimos
686 2898 866 2987 Belgarum,
889 2899 922 2962 in
938 2900 1009 2987 quis
1024 2902 1146 2965 Ducem
1163 2840 1299 2967 Valenti-

234 3009 321 3069 num,
337 2987 427 3075 cepit.
1138 3008 1141 3014 ·

235 3162 289 3219 172.
296 3172 343 3213 aot
355 3158 375 3213 l.
385 3178 432 3213 non
442 3163 593 3227 improbabile
602 3178 652 3211 esse
662 3162 751 3219 dicunt,
777 3163 873 3225 giodola
884 3164 968 3220 nullm
984 3160 1053 3209 hodie
1063 3159 1126 3210 vicus
1134 3170 1245 3234 ¹superest
1253 3175 1297 3209 no·
1309 3159 1312 3165 '

234 3228 496 3291 quodflscr.vuaius
507 3228 582 3277 Notit.
589 3228 747 3291 unapars
780 3228 844 3276 mine
862 3229 928 3275 Rcci.
956 3227 988 3275 V.
1003 3225 1133 3276 D’Anvine
1150 3228 1207 3275 Not.
1225 3226 1255 3275 (ia
1273 3227 1297 3274 la

233 3292 258 3341 h.
266 3292 283 3341 1.
294 3293 409 3345 civitaten
418 3293 530 3341 Mediam.
541 3291 624 3339 nonde
633 3294 698 3351 urbs,
709 3291 750 3339 sad
781 3292 858 3339 Gaule
867 3306 892 3353 p.
902 3294 958 3340 654.

231 3356 262 3407 de
282 3358 369 3421 populo
387 3357 523 3420 capiendam
541 3356 636 3418 judicet,
658 3364 750 3420 propter
817 3357 969 3418 Utsonplru
977 3357 1095 3403 saisina.
1104 3357 1143 3421 s.]
1168 3355 1302 3418 Grcslotins

232 3422 325 3476 notitias
343 3430 429 3471 veteres
450 3421 512 3470 Gaii.
530 3436 567 3485 ap·
587 3421 747 3485 Bouqueium·
779 3419 826 3483 leg.
837 3419 948 3468 suadebat
963 3425 991 3467 ut
1006 3434 1053 3467 corr
1070 3422 1128 3481 plur
1143 3421 1180 3468 uir
1196 3423 1222 3467 in
1238 3436 1262 3467 v.
1269 3422 1301 3483 ss

233 3485 312 3535 Immo
328 3501 363 3537 res
381 3495 405 3535 et
417 3485 532 3535 Latinitas
548 3485 630 3534 docent
643 3485 677 3532 ita
692 3500 748 3545 esse,
780 3484 831 3534 Vix
842 3484 917 3543 mado,
929 3484 962 3531 sic
971 3484 1057 3531 latine
1066 3483 1120 3531 dici.
1221 3486 1226 3524 '-

233 3550 483 3615 cedantquaetrcra
499 3550 573 3599 Earn
814 3550 953 3610 [πωπω
992 3546 1303 3613 Ed.pr.1ruen.(enua).

241 3650 245 3661 .
265 3617 358 3663 Erectoe
368 3616 431 3679 sper]
450 3613 679 3676 Budzmalecrcptc.
711 3612 750 3661 stc
781 3626 927 3677 sqq-omncs.
1047 3611 1298 3672 marsnam,

233 3680 397 3743 mox·loeiprc
407 3680 473 3727 socii.
781 3676 845 3742 quod
863 3678 933 3726 etism
954 3685 989 3725 rat
1009 3676 1034 3723 in
1053 3676 1110 3724 MS.
1126 3675 1206 3725 Guelt
1238 3677 1301 3737 Qua

242 3786 246 3793 .
267 3744 414 3803 Rigodulum
423 3744 498 3807 vanu]
510 3742 586 3793 vace.
594 3743 752 3805 aurigarum.
781 3741 893 3817 carptim
906 3749 962 3789 nata
971 3748 1007 3789 cst
1015 3756 1031 3788 a
1039 3741 1228 3803 pmnunciatione
1238 3741 1300 3790 mol.

234 3806 314 3859 Hodie
323 3806 471 3856 dimidiatum
484 3814 569 3855 nomeu
580 3815 651 3867 unct,
662 3807 752 3869 aliquot
781 3807 834 3855 lion
848 3807 920 3855 litua
930 3806 1019 3861 tertias
1035 3805 1103 3866 cujus
1116 3806 1213 3867 gereris,
1223 3807 1301 3855 multa

233 3871 371 3919 milliaribus
382 3884 451 3933 supra
460 3871 614 3930 muenia,
623 3886 697 3935 pagus
705 3872 751 3921 m-
781 3872 807 3919 in
821 3871 887 3922 libris
896 3870 974 3919 medio
984 3884 1035 3917 arc
1044 3869 1143 3932 scriptis,
1154 3880 1181 3919 ut
1191 3872 1302 3919 amiam

232 3938 275 3996 goi
291 3935 373 3986 metus.
399 3934 475 3983 brrs:
507 3935 562 3983 MS·
581 3935 641 3997 Agr.
661 3934 696 3983 ed
715 3950 752 3999 pr.
781 3934 1049 3999 pmmcbcere,etaiia.
1066 3933 1139 3982 Ena.

234 3996 397 4061 scoacum.-
424 4014 481 4061 mox
507 4005 550 4046 aar
571 4001 672 4047 Mosella
694 3999 749 4047 MS·
818 3998 1300 4074 UtvcntumiumarrarJSicFior.(Bud.)

234 4063 297 4119 Elor.
315 4063 402 4127 (Bud.)
414 4062 466 4113 edd.
482 4063 560 4111 Rhea.
575 4078 626 4127 sqq.
640 4073 694 4111 ants
710 4062 752 4109 Pi.
782 4064 843 4129 Agr.
854 4064 938 4126 sdpr.
949 4063 1028 4111 Recta
1060 4063 1099 4112 Sic
1109 4068 1176 4113 Ano.
1186 4067 1211 4122 2,
1221 4066 1261 4111 ac.
1272 4065 1302 4109 st

234 4127 757 4184 drensm,etJ·Grou.i.c.aliclmomon-.
783 4143 866 4177 ccam
880 4130 907 4175 ia
923 4142 1025 4175 mm:
1041 4127 1106 4177 cic.
1120 4129 1196 4184 'lbet
1210 4127 1244 4175 sic
1259 4126 1301 4174 aiii

234 4192 305 4249 tibus,
317 4192 363 4241 ulio
373 4208 448 4242 amna.
466 4222 469 4227 ,
483 4190 572 4243 Cetera
581 4198 604 4239 ct
615 4193 656 4241 M.
665 4206 686 4239 a.
696 4190 753 4241 ΜΒ.
783 4208 887 4258 quoquc.
917 4192 971 4240 liv.
990 4194 1022 4249 2,
1034 4193 1074 4239 46.
1093 4192 1136 4239 ubi
1154 4206 1178 4238 v.
1196 4190 1301 4238 Gronov.

234 4255 357 4309 uceltcc.
370 4285 375 4291 ·
388 4256 456 4307 Illud
466 4256 556 4305 melius.
584 4256 691 4320 ⁴Reliqua
702 4255 753 4305 loca
783 4272 854 4320 quern
869 4258 921 4320 jam
935 4255 1039 4304 hoderit
1049 4254 1161 4319 Ryckitu,
1172 4255 1214 4317 qui
1228 4264 1252 4303 et
1267 4269 1301 4301 uc

234 4328 365 4383 moesepta,
376 4320 662 4383 ntpatetescquactibus.
680 4320 753 4369 Euri.
783 4322 856 4371 addit
865 4337 919 4371 cum
927 4320 955 4369 J.
963 4320 1086 4368 Gronovio.
1104 4318 1230 4366 Caeriod.
1244 4320 1304 4365 Post

235 4383 412 4445 InDiplomate
426 4384 553 4449 Dsgoberti
569 4401 606 4448 sp.
624 4384 753 4448 Zyllerium
783 4387 901 4436 deturbati
909 4385 1075 4433 irenaceo.
1109 4381 1233 4431 Promcdo
1244 4381 1301 4431 MS.
1337 4451 1341 4456 ν
1431 4396 1436 4405 ·

233 4448 259 4499 in
270 4448 325 4496 Des.
337 4447 579 4501 accubuimus·
596 4449 753 4499 occurritRe·
783 4451 845 4516 Agr.
856 4464 928 4499 mere·
943 4448 1014 4497 Eas.
1041 4445 1104 4495 Bcd.
1115 4447 1190 4494 medo.

278 4532 420 4579 v0L0111.
1111 4529 1134 4572 X
