3059 4975
228 249 286 304 386
614 239 920 302 HISTORIARUM
1127 247 1299 320 [s.u.824.

228 406 434 474 barbarorum
456 406 560 470 animi.
612 405 745 472 Secutus
767 419 815 470 est
837 405 948 470 codem
970 404 1110 483 Cerialis,
1131 406 1177 471 du
1199 407 1297 472 licatis

227 493 335 580 copiiS,
349 493 488 558 adventu
502 490 645 556 secundae
660 503 691 554 et
703 493 750 556 VI
766 505 797 557 et
821 491 911 556 XIV
926 490 1093 576 legionum.
1131 495 1179 558 Co
1221 508 1296 558 rtes-

228 603 292 666 que
311 593 343 644 et
356 577 425 657 alte,
444 577 633 665 jampridem
648 577 764 654 accitae,
844 589 858 640 t
871 575 1030 642 victoriam
1039 594 1296 727 properaverant.

228 665 353 732 Neuter
367 667 496 728 Ducum
518 673 688 727 cunctator.
734 598 936 726 &discebat
948 661 1039 727 latitu
1061 687 1082 727 o
1101 687 1296 752 camporum,

229 765 339 838 suopte
359 749 483 837 ingenio
503 747 708 812 humentium.
753 746 932 813 Addiderat
952 747 1062 812 Civilis
1080 749 1240 836 obliquam
1260 752 1294 814 in

228 837 378 902 Rhenum
392 835 517 911 molem,
531 833 624 897 cu'us
642 834 770 919 objectu
785 833 945 898 revolutus
965 835 1065 897 amuis
1078 835 1294 921 adjacentibus

228 921 515 1010 superfunderetur.
569 857 622 984 ha
643 919 702 982 loci
723 919 834 998 forma,
856 919 981 984 incertis
1003 921 1090 984 vadis
1110 921 1241 986 subdola
1261 932 1293 986 et

228 1008 318 1073 nobis
332 1007 479 1072 adversa:
503 1007 620 1092 quippe
639 1005 726 1069 miles
746 1007 910 1069 Romanus
928 1005 1022 1069 armis
1035 1008 1139 1091 gravis
1152 1018 1183 1070 et
1196 1007 1293 1071 nandi

228 1093 381 1181 pavidum
412 1093 595 1168 Germanos,
617 1090 800 1155 fluminibus
821 1105 934 1167 suetos,
955 1089 1064 1155 levitas
1084 1115 1241 1158 armorum
1261 1108 1294 1157 et

228 1179 395 1266 proceritas
408 1200 574 1265 corporum
589 1175 721 1241 adtollit.

272 1266 346 1330 XV.
369 1265 483 1351 Igitur,
505 1261 723 1328 lacessentibus
738 1263 875 1340 Batavis,
897 1262 1084 1329 ferocissimo
1103 1267 1219 1353 cuique
1239 1289 1296 1331 no-

227 1367 363 1417 strorum
376 1363 513 1436 coeptum
528 1361 703 1412 certamen:
726 1349 838 1413 deinde
851 1359 920 1412 orta
934 1350 1110 1436 trepidatio,
1125 1374 1198 1416 cum
1212 1375 1293 1438 proe-

227 1436 297 1502 altis
364 1434 479 1501 udibus
493 1457 587 1512 arma,
603 1433 687 1520 equi,
702 1433 913 1498 haurirentur.
947 1436 1096 1501 Germani
1110 1438 1192 1502 notis
1205 1437 1293 1502 vadis

228 1546 320 1610 persu
334 1522 452 1599 tabant,
463 1521 575 1585 omissa
588 1519 774 1669 plerumtgue
783 1520 896 1598 fronte,
908 1520 1049 1586 lateraac
1059 1535 1148 1609 terga
1162 1522 1293 1588 circum-

228 1608 403 1680 venientem
434 1629 546 1693 neque,
567 1605 657 1670 utin
678 1628 718 1691 pe
741 1607 814 1669 ostri
834 1605 909 1683 acie,
931 1607 1071 1671 cominus
1090 1610 1287 1678 certabatur;

227 1695 294 1772 sed,
314 1708 475 1780 tamquam
497 1691 596 1756 navali
619 1714 736 1788 pugna,
751 1691 824 1776 vagi
843 1692 924 1754 inter
945 1692 1056 1769 undas,
1078 1708 1144 1769 aut,
1166 1695 1193 1756 si
1214 1695 1292 1779 quid

229 1780 337 1846 stabile
361 1779 552 1855 occurrebat,
580 1791 652 1841 totis
679 1776 741 1840 illic
766 1776 946 1864 corporibus
974 1778 1116 1856 nitentes,
1139 1778 1292 1842 vulnerati

227 1889 300 1931 cum
314 1864 453 1951 integris,
468 1864 559 1952 periti
577 1863 671 1927 nandi
693 1885 765 1926 cum
779 1863 895 1950 ignaris
912 1863 945 1926 in
964 1878 1107 1928 mutuam
1126 1864 1290 1950 perniciem

226 1951 472 2038 inplicabantur:
490 1950 590 2014 minor
601 1964 715 2026 tamen,
725 1967 822 2034 quam
836 1971 894 2035 pro
904 1950 1055 2027 tumultu,
1065 1949 1182 2024 caedes3
1204 1951 1291 2036 quia,

227 2059 290 2102 non
312 2037 380 2102 ausi
400 2037 505 2122 egredi
526 2035 673 2123 paludem
689 2035 850 2112 Germani,
865 2035 897 2098 in
917 2050 1017 2099 castra
1037 2035 1164 2100 rediere.
1208 2037 1293 2122 Ejus

229 2123 332 2210 proelii
346 2135 475 2188 eventus
497 2138 668 2207 utrumque
682 2122 817 2199 Ducem,
832 2120 960 2185 diversis
973 2121 1068 2183 animi
1082 2123 1229 2200 motibus,
1250 2122 1291 2184 ad

227 2209 449 2274 maturandum
463 2231 592 2272 summae
605 2207 650 2270 rei
664 2205 827 2270 discrimen
842 2207 949 2270 erexit.
981 2207 1088 2270 Civilis
1101 2207 1215 2270 instare
1228 2207 1291 2271 t'or-

227 2310 331 2370 tunae;
355 2293 483 2361 Cerialis
497 2292 619 2358 abolere
632 2291 844 2380 ignominiam.
882 2293 1030 2356 Germani
1044 2293 1199 2378 prosperis
1211 2292 1294 2355 fero-

229 2405 279 2444 ces
291 2401 309 2456 ;·
325 2383 484 2445 Romanos
502 2379 605 2466 pudor
627 2377 831 2442 excitaverat:
855 2401 919 2442 nox
935 2377 1022 2465 apud
1035 2378 1183 2442 barbaros
1196 2391 1290 2442 cantu

226 2480 284 2532 aut
299 2466 441 2545 clamore,
457 2466 568 2531 nostris
582 2463 729 2552 perirem
743 2477 774 2528 et
788 2464 898 2543 minas,
912 2480 991 2529 acta.

216 2626 218 2633 Ι
271 2552 365 2615 XVI.
389 2554 518 2616 Postera
531 2553 610 2627 luce,
627 2549 754 2613 Cerialis
768 2549 874 2633 equite
887 2563 918 2612 et
932 2550 1099 2614 auxiliariis
1112 2551 1291 2615 cohortibus

226 2637 362 2701 frontem
380 2636 503 2722 explet:
533 2636 566 2697 in
587 2632 721 2697 secunda
742 2633 807 2695 acie
826 2634 962 2718 legiones
981 2634 1109 2698 locatae:
1140 2638 1217 2698 Dux
1232 2636 1291 2699 sibi

209 2721 361 2787 ”delectos
382 2722 549 2785 retinuerat
570 2718 611 2784 ad
632 2718 796 2805 inprovisa.
841 2717 949 2783 Civilis
969 2718 1055 2783 haud
1075 2714 1217 2806 porrecto
1238 2745 1292 2808 ag-

227 2808 319 2888 mine,
342 2808 396 2872 sed
417 2806 533 2885 cuneiS,
563 2803 689 2870 adstitit.
737 2804 848 2869 Batavi
871 2805 1078 2891 Gugernique
1102 2806 1135 2869 in
1162 2806 1289 2882 dextro;

259 3066 371 3115 Adventu
382 3064 612 3126 sccundaeetXVI.]
626 3061 743 3111 Mercerus
774 3070 803 3109 nt
818 3076 867 3109 sose
886 3060 977 3109 fadlius
998 3061 1133 3123 expedirent
1152 3061 1177 3108 in
1198 3060 1290 3123 paludi-

228 3141 297 3241 ilidiie
307 3134 613 3249 ffirrdglilddmelixldeiagmdt
618 3126 744 3239 {cicindile
775 3128 895 3238 1ηιδιηὶεεα
902 3193 937 3253 pt
937 3192 1035 3255 fronte]
1047 3190 1111 3241 Bud.
1120 3193 1211 3239 diuersa
1213 3194 1248 3253 pl.
1248 3192 1289 3253 fr.

229 3258 344 3321 Hispania
354 3256 449 3303 demum
460 3264 591 3303 amesserat.
624 3255 746 3303 Etsicrea
776 3254 853 3303 Rhen.
864 3256 957 3317 conjicit
967 3257 1071 3303 dina-ima.

228 3331 348 3371 censentur
363 3320 424 3367 infra
441 3335 461 3367 c.
476 3321 513 3367 16.
535 3322 743 3381 quartadecimani,
808 3322 864 3368 Nec
879 3336 903 3366 a.
919 3323 935 3365 ἰ.
947 3338 974 3381 p.
990 3336 1012 3365 a.
1030 3324 1135 3367 continuo
1145 3319 1289 3380 amabatur]

228 3394 293 3434 sesto
304 3388 374 3447 legio,
385 3385 519 3433 secundant.
545 3384 609 3431 Add.
621 3385 655 3433 H.
668 3386 692 3442 4,
702 3384 743 3431 68.
775 3384 831 3432 MS.
848 3384 910 3433 Flos.
923 3385 997 3446 (Reg.
1010 3384 1086 3444 Lall.)
1098 3385 1133 3433 ed.
1145 3401 1179 3447 pr.
1191 3393 1217 3431 ut
1228 3382 1290 3445 Reg.

229 3451 335 3512 Adjuvat
365 3450 424 3499 forte
448 3459 471 3499 et
497 3448 552 3497 ordo
580 3464 744 3499 numerorum:
775 3451 880 3497 cominus
891 3451 986 3496 mium:
1003 3449 1065 3497 unde
1075 3449 1182 3497 aaron.
1191 3447 1290 3496 faciebat

227 3516 341 3565 Xtham
358 3516 439 3579 opinor
456 3514 550 3563 XVltar
567 3514 742 3577 proposuisset:
775 3516 880 3561 consinus
896 3516 1004 3561 eminus:
1027 3514 1090 3576 quod
1105 3513 1189 3575 recepit
1204 3512 1291 3559 Brote-

227 3580 412 3644 qnodrisumet
425 3580 451 3628 J.
464 3578 588 3627 Gronovio.
605 3578 676 3626 Enr-
706 3576 744 3625 cf.
773 3579 829 3626 rius.
845 3578 899 3641 Ego
909 3578 1048 3625 nonimiter.
1069 3578 1189 3625 Pedestria
1197 3576 1287 3623 aciesh.

226 3658 283 3692 mox
298 3660 319 3693 c.
339 3644 379 3693 16.
397 3644 439 3693 ubi
454 3644 504 3693 istae
525 3651 570 3691 tres
590 3642 692 3706 legiones
712 3642 745 3689 sio
774 3643 792 3689 l.
807 3643 931 3707 opponitur
946 3643 1039 3697 nouam
1056 3652 1137 3703 estque
1151 3640 1209 3689 adeo
1219 3650 1292 3689 terre.

225 3710 319 3768 juncta.
774 3708 835 3767 stris,
846 3707 933 3771 inqua
947 3720 993 3753 non
1003 3704 1072 3752 modo
1086 3705 1198 3764 murinus,
1215 3706 1256 3753 sed
1265 3715 1293 3753 et

260 3773 348 3833 Arma,
359 3775 425 3837 eqni]
437 3774 476 3821 Ita
483 3772 510 3820 J.
519 3772 591 3820 Gron.
602 3772 687 3820 eFlor.
695 3770 747 3818 edi·
774 3773 864 3820 eminus
874 3778 998 3833 pugnatru.
1014 3769 1086 3817 ΕΜ.
1110 3769 1173 3819 Bud.
1184 3773 1288 3818 emamus

227 3836 269 3885 dit.
294 3838 448 3895 Consentiunt
463 3838 519 3887 MS.
535 3835 601 3885 Bud.
618 3835 654 3884 ed.
669 3850 705 3899 pr.
718 3835 743 3882 in
773 3844 831 3884 cart.

227 3899 743 4017 tttt'ltt.{tzitt‘tttttlllt
773 3899 1287 4014 afflfflli²l⁷²5llll.¹³⁰m⁶⁵'

228 3982 744 4097 Guelf.quifrequenterhoiverbunietalia
805 4031 896 4079 Batavi
916 4028 1079 4092 augeretque]
1106 4031 1145 4078 Ita
1167 4027 1237 4087 edidi,
1257 4042 1290 4077 ne

227 4098 260 4144 sic
270 4098 378 4145 exhibet:
391 4096 548 4160 inquosupra
558 4104 635 4143 tamen
646 4094 743 4143 subinde
775 4096 870 4145 Tacims
885 4095 910 4142 in
923 4095 1027 4156 ejusdem
1042 4094 1122 4158 populi
1136 4092 1230 4140 nomine
1243 4093 1290 4141 sibi

226 4161 339 4225 adscripta
356 4169 411 4209 nota
425 4158 591 4224 adspirationis.
609 4159 681 4207 Ean.
711 4156 742 4205 In
773 4168 950 4210 nonoonstaret.
982 4160 1047 4207 Nam
1057 4158 1210 4221 suprema
1234 4159 1289 4206 Gu-

226 4225 291 4273 Bud.
301 4225 425 4287 adspiratio
440 4237 487 4273 nou
498 4222 580 4272 deficit.
612 4222 662 4281 Qui
675 4237 743 4269 arran
770 4227 843 4287 gerni
857 4223 955 4282 editum,
971 4233 998 4273 ut
1014 4222 1078 4286 a'pud
1092 4223 1149 4271 alios
1168 4231 1286 4270 rocanurr.

225 4290 341 4351 potuerint
358 4289 453 4347 hauriri,
469 4302 555 4337 senon
573 4284 657 4344 videre,
673 4286 744 4349 profi·
772 4286 1285 4351 Vulgo(etinBud)lnl.ostCagemt=ed.

226 4360 303 4400 nentur
314 4353 370 4416 Bip.
386 4354 462 4403 forsan
477 4354 566 4413 abjecta
576 4352 606 4401 ab
617 4348 741 4417 equitibus,
771 4369 809 4417 pr.
815 4355 934 4415 dugenti:
942 4352 1070 4404 infrnalss.
1082 4352 1162 4401 Guell.
1169 4353 1288 4411 Gagemi.
