3059 4975
265 277 325 338 oro
650 269 952 334 ursroarauuu
1161 274 1337 350 [unsre

265 451 299 505 et
312 436 482 517 muniones,
498 457 593 526 quarn
614 435 732 503 ferrum
747 451 780 503 et
792 460 889 518 arma,
903 435 1092 516 meditantis,
1108 435 1162 501 sed
1177 436 1286 503 Civilis
1298 452 1333 504 et

268 521 414 590 Classici:
437 547 516 610 quos
535 522 590 588 ubi
604 523 813 611 adspexerint,
828 524 999 589 redituram
1012 521 1046 588 in
1060 522 1180 586 animos
1192 522 1332 588 formidi-

266 632 351 690 nem,
373 609 483 696 fugam
506 609 683 757 famemque
704 631 740 673 ac
762 611 875 674 totiens
898 609 997 696 ceptis
1024 607 1195 706 precariam
1216 609 1331 674 vitam:

267 717 371 783 neque
383 693 538 760 Treveros
552 706 608 758 out
651 694 782 780 iugouas
799 694 1013 760 benevolentia
1025 694 1192 759 contineri:
1214 717 1333 759 reeum

265 795 376 870 pturos
388 801 486 860 erma,
499 780 556 845 ubi
569 791 671 844 metus
683 779 891 845 abscesserit?
923 779 1060 845 Diremit
1073 779 1270 844 consiliorum
1284 781 1332 844 di-

266 865 454 946 versitatem,
465 865 637 954 adprobata
651 865 784 932 Tutoris
797 865 957 945 sententia,
969 865 1140 932 Classicus:
1163 865 1332 953 statimque

263 969 323 1017 exe
362 963 493 1016 uuntur.

311 1038 342 1102 L
383 1037 499 1102 XVII.
522 1035 633 1101 Medis
645 1035 724 1100 acies
735 1035 829 1101 Ubiis
843 1035 1103 1124 Lingonibusque
1113 1036 1203 1102 data:
1219 1037 1332 1103 dextro

268 1145 367 1189 cornu
391 1121 532 1187 cohortes
554 1123 760 1185 Batavorum:
793 1120 915 1185 sinistro
938 1123 1081 1186 Bructeri
1103 1122 1330 1209 Tencterique:

268 1231 343 1297 pars
363 1207 530 1285 montibus,
546 1206 607 1285 elii,
621 1206 705 1270 viam
725 1205 807 1270 inter
820 1205 1048 1292 Mosellamque
1060 1206 1190 1286 flumen,
1204 1221 1269 1273 tam
1286 1209 1333 1272 in-

262 1293 386 1383 provisi
407 1291 569 1370 adsiluere,
592 1303 629 1355 ut
651 1290 685 1354 in
706 1290 851 1356 cubiculo
871 1315 908 1356 ac
931 1291 1046 1376 lectulq
1062 1291 1192 1356 Cerialis
1214 1297 1333 1380 (neque

268 1379 353 1444 enim
375 1387 497 1441 noctem
519 1375 553 1439 iu
571 1376 678 1442 castris
695 1380 815 1463 egerat)
830 1376 966 1464 pugnari
987 1376 1080 1442 siuml
1093 1376 1237 1464 vincique
1260 1401 1334 1444 suos

270 1463 414 1542 audierit,
442 1461 604 1549 increpans
637 1483 784 1550 pavorem
813 1462 1035 1540 nuntiantium,
1065 1461 1164 1527 donec
1190 1463 1335 1529 universa

270 1547 373 1613 clades
386 1547 419 1611 in
432 1547 530 1612 oculis
542 1547 613 1612 fuit.
651 1549 809 1635 Perrupta
821 1547 979 1636 legionum
992 1561 1103 1628 castra,
1118 1547 1180 1613 fusi
1194 1549 1333 1636 equites:

268 1633 393 1698 medius
407 1632 550 1702 Mosellae
567 1655 656 1722 pons,
675 1635 731 1736 qui
752 1632 900 1698 ulteriora
911 1634 1041 1698 coloniae
1054 1634 1201 1712 adnectit,
1216 1635 1257 1698 ab
1275 1634 1335 1699 bo-

270 1720 371 1786 stibus
397 1718 541 1784 insessus.
584 1719 723 1798 Ceriahs,
749 1719 883 1785 turbidis
908 1720 1002 1784 rebus
1024 1717 1200 1808 intrepidus
1224 1732 1256 1784 et
1280 1720 1334 1785 fu-

304 1818 390 1870 entes
409 1825 505 1868 manu
523 1805 692 1885 retrahens,
710 1805 825 1870 intecto
838 1827 966 1892 corpore
1001 1816 1145 1894 romptus
1165 1803 1246 1869 iuter
1259 1806 1333 1886 tela,

270 1825 353 1955 ilici
371 1889 543 1955 temeritate
560 1904 593 1955 et
608 1891 766 1956 fortissimi
785 1891 941 1978 cujusque
961 1827 1107 1970 adcursu,
1128 1890 1333 1978 reciperatum

313 1989 398 2042 ntem
419 1975 515 2040 electa
534 1998 631 2041 mauu
650 1975 797 2042 firmavit.
840 1977 922 2042 Mox
942 1976 976 2042 iu
994 1988 1096 2041 castra
1106 1999 1258 2055 reversus,
1279 1999 1335 2063 pa-

270 1999 370 2127 lliirtes
390 2075 552 2149 captarum
572 2062 659 2150 apud
674 2061 849 2128 Novesium
864 2064 1070 2150 Bonnamque
1089 2061 1247 2159 legionum
1269 2083 1336 2126 ma-

270 2147 396 2236 nipulos
416 2161 448 2212 et
466 2169 572 2211 rarum
586 2147 672 2235 apud
693 2147 783 2235 signa
800 2147 929 2212 militem
949 2171 985 2213 ac
1001 2171 1099 2235 prope
1112 2160 1336 2227 cucumveutas

312 2233 390 2297 uilas
403 2232 498 2297 videt.
543 2233 692 2298 Incensus
712 2234 769 2313 ira,
793 2240 816 2273 “
829 2256 892 2298 nou
907 2233 1085 2312 Flaccum,''
1097 2232 1211 2319 iuquit,
1235 2239 1258 2272 “
1272 2243 1336 2298 'non

305 2318 426 2384 ocularu
448 2317 598 2384 deseritis.
640 2319 739 2384 Nulla
759 2318 811 2384 hic
830 2317 983 2407 proditio:
1012 2339 1115 2406 neque
1134 2316 1221 2382 aliud
1242 2339 1339 2382 excu-

271 2403 403 2469 sandum
423 2403 534 2483 babeo,
549 2427 654 2496 quam·
665 2404 752 2493 quod
765 2427 832 2485 vos,
848 2403 961 2470 Gallici
982 2404 1107 2486 foederis
1121 2403 1244 2482 oblitos,
1264 2403 1338 2469 red-

264 2490 331 2583 ¹isse
349 2490 381 2555 iu
402 2490 582 2555 memoriam
597 2490 734 2556 Romani
756 2492 948 2570 sacrementi,
968 2504 1082 2555 temere
1095 2487 1223 2556 credidi.
1266 2490 1339 2555 Ad.

271 2688 299 2728 ut
312 2678 381 2737 eunte
396 2687 421 2728 et
431 2678 510 2729 Guelf.
522 2686 549 2728 ut
558 2679 595 2729 ed.
605 2678 696 2755 Puteo}
715 2680 788 2729 Earr.
815 2680 877 2727 ηἰιιιι
885 2680 918 2728 R.
927 2694 946 2727 s.
954 2685 1040 2727 umen
1049 2680 1147 2728 credidi.
1168 2680 1203 2729 Et
1214 2680 1336 2730 collineari

270 2742 791 2807 Imperltumodolesctntulumintcllrgitl'ul·
815 2743 969 2808 atqueattigi.
994 2744 1069 2793 lure.
1093 2744 1210 2793 Veniebat
1220 2748 1264 2794 sub
1278 2760 1334 2794 acu.

271 2812 332 2858 llum
358 2811 517 2869 Valentinum,
540 2809 569 2859 de
587 2824 635 2875 quo
652 2822 673 2857 c·
693 2808 735 2858 68.
753 2824 789 2875 sq.
817 2808 944 2857 meustili:
961 2810 1023 2870 quod
1033 2810 1336 2873 vor,Golllclsoederlsob·

273 2872 334 2922 Mox
346 2872 408 2921 Bud.
415 2875 563 2937 seruumque.
819 2874 882 2934 litor,
899 2876 1009 2935 repetisse
1025 2875 1165 2923 memoriam
1178 2876 1283 2923 Rousoni
1296 2890 1336 2922 ca·

311 2938 449 2986 nominer
457 2940 627 3001 Mosellamque
630 2937 791 3005 flumen]Ss-
819 2936 1139 2999 cramcptttcmrccreds'dt.
1169 2939 1279 2987 Justiuus
1292 2941 1335 2998 35,

264 3002 367 3062 uliam,
381 3002 423 3067 qui
438 3002 584 3068 reprehendit
597 3002 714 3063 Tacitum,
726 3004 792 3053 velut
820 3004 846 3049 2.
857 3004 950 3065 prioris
965 3005 1109 3050 mummi
1125 3004 1264 3066 religionem
1280 3005 1336 3050 uoci

272 3079 320 3115 uon
335 3068 394 3117 bene
405 3066 548 3133 descripserit
557 3068 634 3115 locum
648 3082 791 3131 pugne‚re-
820 3067 896 3128 Regu
906 3068 1019 3129 repertio
1027 3068 1187 3130 proefemtcs.
1213 3068 1337 3118 Suemuius

273 3130 333 3179 tellit
354 3131 467 3193 Ryckius.
499 3132 562 3179 Mox
583 3134 712 3193 improvisa
733 3132 790 3181 MS.
820 3130 920 3179 Claudio
933 3132 973 3179 13.
983 3133 1121 3193 egtoouus,
1137 3147 1189 3194 quae
1203 3147 1336 3179 :momm-

273 3194 349 3259 (Flos.
368 3194 443 3257 Bud.)
463 3196 542 3244 Guelf.
558 3196 593 3243 ed.
611 3210 646 3259 pr.
664 3206 791 3261 cetcraeque
820 3202 872 3244 tum
888 3202 1047 3257 mutaverunt,
1060 3198 1086 3243 tn
1100 3199 1264 3258 precellentium
1280 3197 1336 3243 reli·

272 3266 326 3306 aute
337 3259 414 3306 Rhea.
427 3258 468 3322 qui
479 3259 547 3308 tacite
558 3261 684 3321 improvise·
694 3264 736 3321 (ex
753 3262 791 3309 in·
812 3263 889 3322 ’glore
896 3262 1020 3309 cononem
1051 3260 1115 3309 Cum
1125 3264 1263 3309 numeriam
1271 3261 1335 3319 dicit,

263 3320 438 3385 ¹genio)edidit.
470 3324 656 3373 Fortet'ulrulto.
688 3324 791 3374 Sed'l'u·
818 3324 1090 3388 intelligitrererentiem.
1102 3325 1192 3373 Goon.
1209 3325 1263 3372 MS.
1273 3324 1340 3373 Bud.

272 3388 319 3435 cito
329 3386 429 3447 solenne,
438 3396 491 3452 post
496 3402 557 3451 pers
565 3388 639 3437 dicere
647 3388 791 3453 aliieidque
815 3391 929 3453 predixi,
943 3388 1008 3453 quod
1028 3388 1112 3437 melius
1129 3389 1251 3452 respondet
1265 3392 1336 3438 verbo

272 3466 353 3501 ornnes
374 3451 428 3500 libri
448 3452 550 3501 babent:
573 3462 596 3501 et
614 3454 709 3517 quidem
727 3454 790 3503 Flos.
820 3455 917 3501 credidi.
950 3452 1103 3502 Sedverbum
1115 3453 1193 3516 ipsum
1203 3460 1336 3514 suspectam

272 3516 361 3592 (liud.)
371 3516 406 3563 od
416 3530 452 3579 pr.
460 3517 496 3566 bis
506 3517 620 3581 deinceps.
635 3518 688 3565 Jec
698 3518 791 3567 Grouo-
819 3526 862 3565 eet.
883 3516 1016 3567 Picbenaet
1026 3517 1252 3565 retinerem&
1262 3518 1336 3566 aliter.

272 3582 654 3723 'westmustier
672 3662 730 3709 u,
747 3662 791 3696 ιι,
819 3581 1341 3710 iussit-linitam

272 3714 375 3772 tempore
386 3718 517 3767 constructi,
529 3708 612 3758 Strabo
622 3712 645 3758 t.
655 3726 679 3774 p.
694 3712 747 3760 193.
819 3710 888 3758 hodie
898 3710 965 3758 lectio
972 3717 1013 3757 est.
1036 3708 1067 3755 In
1078 3708 1115 3756 ed
1123 3724 1160 3773 pr.
1169 3724 1245 3774 neque
1252 3718 1336 3759 terum

306 3774 474 3840 Lectcmsnu]
499 3775 553 3823 Mu
562 3774 791 3841 Flos-(Bud)Agr.
819 3782 861 3834 sat,
875 3779 1043 3837 aequetcnere.
1076 3774 1163 3824 Sensus
1178 3775 1224 3824 loci
1238 3790 1285 3823 nou
1301 3784 1336 3824 eet

274 3835 480 3888 Gueffleddone
491 3839 522 3887 Li
539 3836 789 3889 siumomneselccto:
818 3840 942 3899 obscurus:
959 3837 1240 3888 atlectiocertanonest.
1262 3840 1335 3889 Ειιιι.

273 3898 448 3963 idquerestitui.
463 3903 495 3951 V.
542 3903 611 3959 cit).
628 3903 700 3952 Ena.
726 3904 791 3969 Ryc-
819 3902 896 3951 Rhea.
909 3902 948 3951 hic
965 3902 1055 3952 criticos
1071 3902 1098 3952 in
1117 3907 1216 3953 errorem
1232 3903 1337 3952 induxit.

272 3963 327 4012 isius
337 3963 362 4011 iu
370 3965 431 4013 Flor.
440 3983 488 4016 esse
497 3968 565 4017 refert
573 3970 667 4028 delectu,
679 3969 742 4033 quod
752 3986 789 4017 re·
819 3968 882 4016 Bou.
892 3967 954 4017 crum
963 3968 1026 4016 clare
1034 3967 1105 4017 babet
1110 3968 1266 4032 patemus
1291 3968 1336 4017 Li·

272 4042 352 4093 cepere
362 4029 418 4095 Bip.
435 4032 482 4080 Sed
490 4032 516 4079 J.
527 4032 599 4083 Gron.
610 4034 680 4081 electo
696 4033 729 4082 ibi
744 4034 793 4097 legi
817 4033 862 4097 psii
873 4033 1055 4082 emendationem
1065 4034 1147 4096 probet
1156 4033 1222 4080 Brot.
1231 4046 1337 4096 recepere

271 4100 375 4143 testatur.
818 4098 874 4162 Bip.
890 4099 944 4160 jure
962 4099 1097 4160 metroque.
1128 4097 1243 4145 Gruterus
1262 4096 1335 4145 dubet

307 4161 395 4209 oblitos
414 4156 583 4226 prestiterim]
611 4162 701 4211 Vocem
722 4177 788 4225 prae.
813 4163 962 4225 praeeunt.
987 4161 1014 4209 J.
1027 4161 1246 4227 Groupnqtrss‘st.
1270 4161 1334 4209 Dein

271 4224 375 4273 moen
389 4232 530 4288 corruptam,
540 4234 581 4271 aut
595 4226 742 4289 superfluere,
753 4228 789 4276 ri·
817 4226 881 4274 Bud.
891 4233 977 4274 temere
989 4226 1057 4273 didi:
1071 4226 1115 4274 ubi
1130 4231 1223 4286 urum,
1234 4226 1331 4290 egregie,

270 4286 319 4335 des.
351 4288 489 4353 Rodolpbus
504 4303 548 4353 pro
561 4304 589 4336 ea
603 4288 684 4352 legisse
698 4292 789 4340 videtur
816 4290 857 4338 sed
875 4290 949 4339 cauda
966 4291 1037 4351 hujus
1053 4290 1116 4339 vocis
1131 4299 1202 4355 ceput
1217 4290 1333 4355 sequmtis

271 4352 359 4412 ottttor,
369 4356 507 4416 proniorem
517 4355 661 4401 neotericus.
685 4354 787 4430 lnFlor.
815 4355 917 4432 abstulit.
950 4353 1020 4403 Prius
1029 4356 1196 4421 amandum,
1207 4356 1332 4416 resumas

271 4418 787 4545 ututtttttisi‘ttlttttt
816 4420 1044 4471 'mmm
