3059 4975
237 267 382 342 sum]
598 266 676 323 us.
697 263 865 323 uscue.
887 268 932 325 lt.
1248 271 1306 327 ru

238 430 344 517 guise,
368 430 586 530 exstinguitur.
629 427 737 492 Julius
759 428 897 506 Priscus,
917 428 1152 509 Praetoriarum,
1169 433 1228 497 sub
1248 434 1308 500 Via

239 515 334 596 tellio,
357 514 726 593 cohoruum'Praefectus,
742 537 775 578 se
793 514 859 601 ipse
876 514 1181 600 interiecit,·pudore
1194 520 1306 606 magis,

238 626 336 691 quam
350 603 536 667 necessitate.
565 601 748 687 ¹·Alphenus
762 602 865 664 Varus
882 599 1015 685 ignaviae
1028 598 1227 689 infamiaeque
1241 629 1307 670 suae

237 688 403 775 superfuit.
447 688 607 753 Asiaticus
634 686 717 750 enim
747 685 789 767 (is
815 686 961 771 libertus)
988 687 1101 750 malam
1135 692 1307 775 potentiam

238 774 339 839 servili
353 774 506 872 supplicio
520 772 666 871 expiavit.
726 812 728 817 ,
1093 797 1097 807 ·
1127 796 1131 802 ·

260 860 369 925 ΗΧΠ.
395 860 512 925 hsdem
533 860 644 924 d1ebus
667 856 909 921 crebrescentem
930 856 1027 922 cladis
1046 858 1241 926 Germanicae
1262 864 1308 928 fa

240 968 335 1025 mam
355 968 565 1033 nequaquam
594 956 704 1007 moesta
728 941 836 1007 civitas
864 942 1054 1040 excipiebat:
1088 953 1110 983 ‘⁴
1132 970 1227 1011 caesos
1243 966 1309 1013 ‘ex.

240 1032 364 1111 ercituS,
379 1045 470 1120 capta
491 1030 651 1119 legionum
673 1029 813 1106 hiberna,
836 1028 999 1093 descivisse
1014 1029 1162 1109 Gallias,”
1185 1056 1248 1098 non
1270 1047 1310 1101 ut
1338 1034 1340 1048 '

240 1118 322 1181 mala
336 1117 553 1204 loquebantur.
597 1115 639 1179 Id
652 1114 770 1180 bellum
790 1115 906 1201 quibus
926 1113 1042 1179 caussis
1060 1127 1175 1195 ortum,
1190 1135 1309 1204 quanto

242 1217 442 1268 externarum
471 1202 685 1288 sociarumque
712 1200 854 1287 gentium
883 1212 971 1264 motu
999 1202 1187 1286 flagraverit,
1215 1206 1309 1271 altius

240 1288 416 1375 expediam.
447 1289 583 1365 Ruteni,
598 1288 696 1353 donec
710 1300 797 1350 trans
812 1285 970 1351 Rhenum·
981 1287 1126 1373 agebant,
1146 1313 1219 1376 pars
1234 1293 1309 1355 Cat-

241 1388 365 1440 torum:
381 1373 529 1439 seditione
544 1372 711 1443 domestica
724 1372 818 1458 pulsi,
830 1386 968 1438 extrema
980 1372 1110 1442 Gallicae
1124 1398 1199 1453 orae,
1210 1399 1310 1445 vacua

240 1460 424 1539 cultoribus,
454 1459 609 1546 simulque
635 1458 779 1537 insulam,
805 1480 889 1523 nunc
911 1459 1083 1539 Bataviam,
1107 1483 1308 1548 occupavere,

244 1711 292 1753 erat
303 1711 326 1753 et
336 1711 515 1753 monumentum
526 1702 706 1765 Calpurniorum
721 1700 762 1749 ubi
825 1703 906 1749 Donec
916 1704 1103 1751 transitionem
1113 1701 1223 1765 agebant]
1238 1706 1310 1753 Batti

242 1768 358 1833 hodieque
373 1770 518 1834 reperiuntur
528 1768 625 1831 lapides,
641 1764 671 1815 ad
687 1766 762 1829 gentis
792 1766 918 1826 tumuisti,
930 1768 977 1815 sive
988 1770 1055 1817 Cotti
1065 1768 1195 1831 promiscuo
1206 1769 1309 1831 nomina,

243 1834 295 1893 ejus
303 1834 396 1881 libertos
407 1843 541 1897 spectantes,
553 1841 580 1879 ut
589 1835 648 1879 bene
658 1840 723 1878 notat
732 1846 761 1877 ex
793 1831 924 1878 habitarant
934 1832 963 1879 sd
974 1832 1096 1879 Adranam
1107 1833 1203 1893 flumen,
1215 1833 1257 1879 ubi
1266 1833 1309 1880 ho-

242 1897 530 1946 consummaturus.
544 1899 566 1943 2.
578 1912 603 1959 p.
616 1899 672 1943 202.
702 1896 762 1943 Bro·
793 1896 877 1958 dieque
887 1897 987 1943 nominis
997 1897 1162 1944 documentum
1173 1896 1197 1943 in
1209 1900 1310 1945 Botten·

244 1961 324 2009 terius.
794 1962 858 2020 berg,
874 1961 1019 2022 Batteufitd,
1034 1962 1217 2009 Battenhaumr.
1251 1961 1309 2011 Vid.

277 2026 510 2089 Seipsciote‘recit]
544 2024 761 2073 mensurus
793 2022 895 2086 Altingii
907 2024 963 2071 Not.
973 2026 1053 2072 Batt.
1067 2027 1123 2089 l.p.
1137 2025 1173 2071 15.
1191 2026 1228 2073 Cs.
1238 2026 1311 2075 Poeta

245 2090 324 2139 Oxon.
343 2092 401 2137 bene
447 2091 507 2138 itum
528 2105 542 2137 a
562 2089 661 2151 Ryckio.
694 2088 763 2136 Idem
794 2090 857 2135 Saxo
872 2089 902 2136 ad
918 2104 939 2135 a.
954 2090 1009 2143 778.
1026 2090 1052 2136 in
1065 2089 1176 2137 nunniti
1195 2091 1236 2138 SS.
1254 2090 1310 2139 RR.

244 2154 290 2202 fuit
300 2155 324 2202 in
337 2152 417 2201 Guelf.
432 2171 447 2202 a
458 2170 490 2202 m.
500 2171 535 2218 pr.
547 2163 674 2201 correctum
689 2169 705 2200 a
715 2166 760 2200 sec.
794 2153 895 2201 Brunsv.
907 2162 925 2200 t.
939 2154 961 2200 l.
969 2170 992 2217 p.
1005 2154 1059 2201 128.
1076 2154 1182 2217 Tempus
1192 2155 1311 2217 migratio·

244 2219 270 2266 in
288 2222 372 2283 ipsum.
406 2219 462 2277 Quo
475 2219 582 2282 exemplo
595 2218 699 2277 discitur,
716 2216 763 2265 alis
793 2218 829 2265 nis
845 2218 967 2265 incertum.
997 2218 1048 2266 Diu
1063 2227 1117 2266 ante
1128 2218 1311 2281 Gasarissrum

244 2284 302 2344 locs,
315 2283 355 2332 ubi
365 2283 415 2331 haeo
425 2284 561 2347 pronomina
571 2284 596 2331 in
607 2284 688 2331 eodem
699 2298 761 2341 casu,
793 2282 915 2345 contigisse
930 2282 1036 2341 videtum
1059 2284 1080 2331 is
1095 2282 1166 2349 enim,
1183 2283 1225 2331 ubi
1238 2284 1267 2331 de
1282 2285 1312 2334 iis

242 2358 310 2397 extra
324 2348 500 2412 oppositionem,
512 2357 642 2405 oreurrunt,
659 2355 763 2411 suspects
794 2347 843 2409 agit
860 2348 892 2395 B.
907 2348 939 2395 G.
952 2349 977 2408 4,
1000 2349 1037 2395 10.
1052 2349 1087 2395 nil
1105 2348 1230 2413 adspergit,
1249 2350 1312 2399 unde

244 2412 669 2473 meritoessedebere,utinirac.70.
687 2413 760 2460 Enu.
794 2412 877 2474 nuperi
887 2412 1126 2480 adventursuspicio.
1171 2410 1174 2414 ’
1209 2441 1214 2452 «

245 2475 440 2540 Budteipr'um.
834 2480 944 2525 Insulam
960 2480 1107 2543 intercedo]
1130 2478 1208 2528 Valde
1217 2481 1313 2530 turbant

277 2545 400 2590 Asiaticas
410 2547 473 2591 esim
484 2545 593 2607 libertus]
611 2543 650 2590 Ita
660 2543 722 2592 edidi
733 2557 762 2590 ex
793 2541 853 2590 libri.
882 2543 987 2601 Quidam
995 2546 1097 2590 insulam
1108 2551 1213 2591 oocowm
1222 2547 1311 2593 situme

243 2607 281 2656 ed.
294 2608 368 2671 princ.
386 2607 473 2656 Cetera
480 2621 569 2666 omnes,
579 2616 606 2654 nt
616 2607 670 2656 MS.
681 2607 761 2655 Guelt'.
793 2607 834 2654 alii
844 2609 947 2654 insnum
958 2610 1102 2655 coemitome
1119 2608 1235 2657 Budensis
1246 2613 1313 2658 insu-

244 2673 336 2731 tBud.)
353 2673 476 2720 Asiaticae
488 2675 563 2737 (euim
573 2675 595 2719 ir
606 2670 714 2733 libertus)
726 2671 762 2719 in·
795 2674 843 2719 hm
852 2675 946 2720 Juvoto
957 2676 1036 2720 dmm.
1053 2674 1088 2721 Et
1097 2683 1166 2733 certe,
1177 2674 1236 2722 inter
1244 2677 1312 2735 vada,

245 2747 305 2799 epte,
328 2745 355 2784 ut
373 2737 464 2784 dudum
479 2738 611 2798 judicavere
630 2738 672 2784 viri
691 2737 760 2784 docti.
794 2737 997 2797 autvadosaloca,
1009 2739 1313 2801 propriesitanouesthaec

245 2805 322 2850 Enim
336 2809 425 2848 etnam
441 2802 543 2848 serviunt
557 2801 695 2858 transitioni‚
710 2815 763 2848 cen·
794 2801 879 2849 nobilis
899 2801 991 2850 insula:
1017 2803 1104 2866 quippe
1121 2803 1182 2850 inter
1200 2803 1313 2852 Rhenum

244 2865 764 2992 sm,
795 2863 1343 2981 tud.

247 2993 357 3042 confundi
368 3001 463 3040 constat.
498 2993 523 3042 Si
532 3001 591 3041 esset
599 2994 764 3056 (etentmtslta
793 2993 870 3041 laxius
885 2993 987 3042 stlatius
1004 2994 1099 3042 Tacitus
1113 3011 1169 3042 usus
1185 2948 1313 3060 proiquu

246 3057 335 3118 bertus)
346 3057 400 3105 ferri
409 3066 493 3120 posset.
518 3057 583 3104 Nam
593 3061 678 3106 etenim
686 3059 710 3105 in
722 3073 764 3121 pa·
794 3057 920 3116 Quomodo
931 3058 1038 3106 Catullus
1048 3075 1089 3122 pro
1099 3059 1158 3106 mari
1169 3061 1209 3116 64,
1220 3062 1242 3106 6.
1252 3062 1313 3108 uada

246 3123 391 3171 renthesibus
405 3122 517 3170 usitatum
529 3121 582 3169 niv.
596 3123 620 3182 3,
632 3124 672 3170 24.
686 3131 711 3170 ot
726 3124 764 3169 tut
795 3121 856 3170 ialao
875 3126 923 3170 cita
940 3125 1062 3170 decurrere
1078 3125 1173 3186 prtppi:
1191 3124 1312 3188 Virgilius,

248 3189 486 3249 (cteutmeatremum
502 3187 560 3234 aaut
570 3189 626 3249 jum
642 3187 705 3248 crat)
721 3195 763 3235 etc.
795 3187 1015 3252 Ovidius-aliique.
1047 3188 1101 3236 Etsi
1121 3203 1200 3236 revera
1215 3189 1313 3247 vadant

245 3253 312 3301 etsie
321 3251 382 3299 idem
395 3267 463 3314 saepe.
496 3251 543 3300 Sed
558 3251 631 3299 malui
643 3252 765 3300 lectionem
794 3250 872 3300 breiia
889 3253 966 3301 multa
982 3253 1038 3300 olim
1055 3254 1094 3316 (ut
1111 3253 1204 3316 opinor)
1219 3253 1244 3300 iu
1265 3252 1313 3303 illis

246 3317 328 3365 veteris
341 3317 403 3377 libri,
420 3331 491 3379 quam
507 3317 672 3377 conjecturam,
688 3315 761 3380 sequi.
793 3317 937 3377 fluminibus,
945 3333 999 3365 cum
1007 3317 1208 3380 aggeresnondum
1217 3327 1314 3368 etcertae

246 3383 316 3430 Forte
326 3392 404 3429 tamen
416 3383 493 3429 tttertt
504 3383 600 3429 verbum
611 3390 645 3429 est
658 3381 762 3444 spurium
795 3382 852 3444 ripis
867 3385 1008 3440 coemerent;
1024 3383 1122 3445 ideoque
1136 3382 1183 3428 late
1197 3382 1313 3431 diffunde·

243 3456 271 3496 et
280 3461 326 3494 non
336 3463 352 3494 a
362 3445 454 3504 Tacito,
466 3445 506 3494 sed
517 3462 530 3494 e
541 3454 595 3493 nota
610 3447 730 3510 marginis,
742 3447 764 3492 is
794 3447 885 3494 bantur.
907 3447 948 3494 An
960 3446 1029 3494 alicui
1039 3446 1137 3508 placeat,
1148 3447 1251 3494 insnum
1266 3449 1313 3494 Va.

246 3514 429 3572 catarrhactas,
445 3511 653 3560 intextumvenit.
688 3512 761 3565 Euri.
794 3511 846 3558 ioli
862 3511 982 3560 ascitam?
1015 3512 1089 3560 Iurs.
1124 3510 1229 3574 Vulgata
1244 3511 1313 3561 lectio

246 3577 324 3626 Bosh.
333 3578 465 3641 interpungi
476 3577 509 3625 sio
517 3578 628 3638 jubebat:
641 3571 764 3624 Asiaticus
793 3575 896 3639 primum
912 3577 973 3624 edita
983 3584 1017 3624 est
1027 3591 1042 3623 a
1053 3577 1190 3635 Puteolano,
1202 3591 1273 3640 quam
1289 3585 1313 3625 et

247 3645 310 3690 euim
325 3645 360 3706 (ts
377 3641 486 3704 libertus)
504 3641 570 3703 rap.
606 3641 651 3688 Sed
665 3642 698 3689 sic
713 3643 763 3702 jam
794 3641 855 3689 clare
871 3641 964 3689 exhibet
979 3641 1035 3690 MS.
1048 3640 1126 3688 Guelf.
1138 3650 1165 3688 ut
1179 3655 1227 3688 non
1242 3641 1313 3690 dubi-

247 3707 343 3754 PuteoL‘
352 3716 375 3756 et
385 3707 440 3756 Alo.
451 3716 475 3755 et
485 3706 579 3770 Lipsius
590 3705 614 3752 in
624 3707 705 3769 primis
716 3707 764 3754 edi·
795 3705 893 3753 tandum
910 3706 948 3763 sit,
960 3707 990 3752 'ri
1003 3709 1065 3754 iuter
1076 3722 1124 3754 esse
1138 3721 1151 3752 e
1162 3703 1234 3754 MSS.
1247 3707 1312 3771 Ryc·

246 3771 356 3830 tionibus,
380 3775 441 3820 bono
460 3787 535 3820 sensu.
571 3771 687 3834 Recepere
705 3770 761 3834 Bip.
794 3771 847 3818 liius
858 3771 882 3817 id
893 3771 1010 3834 quomodo
1023 3766 1241 3834 intelligat,'apudi
1269 3788 1312 3822 um

247 3851 306 3900 quos
322 3835 412 3898 sequor,
424 3845 550 3900 rotantque
560 3838 623 3882 enim
634 3852 675 3899 pro
685 3843 764 3884 autem
794 3835 854 3883 vide.
868 3836 923 3885 MS.
939 3836 1007 3883 Flor.¹
1015 3841 1103 3900 juvato
1119 3837 1158 3884 rit
1168 3852 1206 3883 on.
1224 3787 1269 3884 eds
1275 3853 1311 3900 pr.

247 3901 367 3964 positum,
377 3909 404 3946 ut
420 3899 483 3964 apud
494 3901 555 3948 Caes.
568 3899 599 3948 B:
613 3901 645 3948 G.
657 3903 682 3964 5,
700 3901 764 3956 7.ἐι
795 3908 876 3948 vocato
892 3903 925 3948 stt
945 3916 983 3948 aa.
1018 3901 1048 3948 In
1061 3900 1162 3948 'lectione
1179 3902 1312 3950 Florentius

247 3965 279 4016 B·
290 3965 355 4023 G.'2,
365 3965 408 4023 324
421 3965 492 4012 Aduo
501 3965 581 4012 Plauti
589 3965 691 4012 Mostell.
696 3967 726 4024 ’5,
738 3968 763 4024 2,
795 3964 853 4028 quid
863 3965 978 4024 lateat'se
988 3965 1120 4028 pmpediem
1132 3965 1241 4014 daturum
1257 3983 1312 4030 pro-

250 4029 288 4076 12.
316 4032 450 4078 Nouenim
464 4031 515 4076 tto.
543 4028 610 4076 Brot.
623 4027 765 4092 oonJectabst
794 4029 858 4076 misit
868 4029 894 4077 J.
907 4031 1054 4079 Gronovius:
1071 4030 1249 4092 nesciomuaut
1259 4031 1310 4088 ubi,

248 4094 466 4144 aestumatum.
651 4149 654 4152 .
794 4093 890 4142 dederit.
925 4094 1021 4143 Colerus
1048 4096 1182 4158 corrigebat,
1208 4095 1311 4141 tranum

287 4160 420 4220 legionum
432 4158 539 4228 hiberno]
575 4161 661 4208 Castra
676 4159 766 4208 addunt.
796 4162 929 4220 Batavum,¹
946 4159 994 4208 sive
1015 4163 1153 4220 Butuntum,
1181 4166 1208 4205 ut
1229 4157 1312 4206 diserte

249 4219 442 4287 suestanus.)
451 4233 475 4271 et
485 4222 549 4290 se'qq.
559 4223 639 4271 omnes
650 4225 764 4288 usquead
795 4233 878 4272 vocent
889 4225 937 4273 Dio
948 4227 989 4286 55,
1006 4229 1045 4274 24.
1061 4243 1084 4289 p
1097 4226 1152 4272 565.
1165 4232 1188 4270 et
1203 4222 1311 4270 Zosimus

249 4285 391 4334 Pichenamt
408 4288 672 4348 male,etcontraMSS.
690 4291 763 4338 Eun.
794 4289 819 4347 3,
831 4291 854 4336 6.
870 4290 942 4338 Eun.
975 4287 1258 4354 Altiug.l.c.vulgatum
1269 4301 1311 4333 ex-

248 4371 251 4378 *
280 4352 314 4399 Id
325 4352 419 4416 bellum]
448 4351 763 4418 Dequo'Jossphusitur.
794 4353 948 4417 plimtexH.
957 4357 982 4416 5,
990 4357 1028 4402 23.
1038 4351 1224 4412 ιιδὶεαροηΐιιειιι
1234 4352 1311 4398 amnis

249 4415 273 4476 7,
282 4415 298 4463 l
307 4415 373 4481 (23).
407 4417 676 4483 sternutamenta.
791 4421 924 4482 patrumm
939 4419 1096 4480 humilemque
1112 4415 1214 4462 imaum
1230 4414 1257 4462 in
1265 4415 1311 4478 su-
