3059 4975
231 231 374 305 raro]
566 227 968 295 munerarent.
1244 232 1299 293 157

275 393 407 459 XCIX.
432 392 588 471 Tandem,
611 390 956 478 inruptionehostium,
979 391 1135 457 atrocibus
1157 392 1300 480 undique

230 478 348 544 nuntiis
361 478 538 556 extenitus,
556 478 712 543 Caecinam
726 491 758 541 et
777 470 937 541 Valentem
956 478 1101 563 expedire
1120 479 1160 543 ad
1179 479 1298 544 bellurn

227 565 337 651 jubet:
361 565 539 653 praemissus
554 564 695 629 Caecina:
721 562 894 641 Valentem,
909 585 926 625 e
940 563 1028 649 gravi
1037 564 1174 650 corporis
1188 567 1307 630 morbo·

231 665 300 715 tum
313 652 451 737 primum
472 650 703 736 adsurgentem,
724 649 889 713 infirmitas
908 648 1062 716 tardabat.
1108 650 1220 737 Longe
1238 651 1300 715 alia

229 736 449 824 proficiscentis
463 760 503 801 ex
517 736 597 800 urbe
611 734 790 800 Germanici
807 734 959 799 exercitus
976 735 1109 821 species:
1132 760 1195 801 non
1209 736 1299 822 vigor

230 825 422 908 corporibus,
437 845 501 887 non
514 822 607 887 ardor
621 820 747 885 animis:
773 819 893 883 lentum
908 833 939 883 et
955 842 1061 885 rarum
1079 844 1201 908 agmen,
1211 820 1299 887 fluxa

230 931 327 987 arma,
355 933 464 997 segnes
525 908 574 972 ui:
605 906 758 993 inpatiens
780 903 861 983 solis,
884 905 1033 992 pulveriS,
1059 921 1297 995 tempestatum:

252 1008 449 1083 uantmnque
465 995 506 1058 he
546 1019 561 1058 s
581 992 623 1056 ad
640 991 856 1057 sustinendum
874 990 1012 1057 laborem
1031 992 1130 1071 miles,
1148 1007 1236 1059 tanto
1257 993 1299 1058 ad

230 1018 400 1145 discordias
413 1079 597 1178 promptior.
641 1078 820 1143 Accedebat
835 1076 897 1141 huc
910 1076 1044 1143 Caeoinae
1053 1078 1183 1143 ambitio
1191 1076 1311 1159 retur,-

163 1198 166 1202 ⁷
230 1177 339 1252 torpor
352 1189 468 1244 recens,
483 1164 579 1231 nimia
593 1164 729 1229 fortunae
742 1162 939 1251 indulgentia
950 1162 1042 1227 soluti
1053 1164 1086 1227 in
1097 1164 1226 1229 luxum:
1245 1188 1299 1230 seu

231 1251 394 1338 perfidiam
408 1251 585 1317 meditantis
599 1248 767 1337 infringere
781 1249 934 1314 exercitus
947 1247 1108 1327 virtutem,
1123 1250 1205 1315 inter
1219 1263 1301 1315 artes

232 1349 308 1401 erat.
353 1338 521 1403 Credidere
540 1334 692 1424 plerique,
713 1334 816 1399 Flavii
837 1334 944 1398 Sabini
963 1334 1097 1399 consiliis
1119 1358 1313 1401 concussam·

233 1422 367 1488 Caecinae
387 1435 534 1501 mentem,
557 1420 697 1486 ministro
718 1442 896 1485 sermonum
918 1420 1042 1485 Rubrio
1065 1420 1171 1499 Gallo,
1196 1430 1218 1461 ‘⁶
1233 1435 1301 1487 rata
1395 1472 1396 1477 η

232 1508 320 1606 apud
330 1508 559 1597 Vespasianum
571 1507 638 1571 fore
648 1519 740 1593 pacta
750 1505 938 1571 transitionis
947 1508 976 1570 :''
999 1506 1091 1571 simul
1099 1506 1244 1573 odiorum
1254 1508 1302 1571 in-

233 1592 388 1693 mdiaeque
396 1618 471 1681 erga
480 1593 614 1692 Eabium
622 1592 785 1657 Valentem
793 1590 1029 1690 admonebatur,
1041 1598 1064 1689 (ᾖ
1073 1603 1109 1655 ut
1117 1592 1207 1679 inpar
1215 1594 1303 1680 apud

234 1678 409 1759 Vitellium,
424 1692 558 1768 gratiam
572 1696 714 1829 vtresrplre
727 1678 813 1827 {pud
829 1700 946 1741 novum
961 1679 1141 1763 Pnncrpem
1174 1680 1303 1743 araret.''

279 1767 318 1830 C.
342 1766 466 1830 Caecina
479 1763 645 1851 complexu
683 1764 736 1828 -ite
759 1764 781 1827 'i
795 1761 894 1827 multo
909 1786 983 1827 cum
1004 1763 1121 1827 honore
1138 1850 1144 1863 Ι
1159 1780 1303 1850 rgressus,

234 1865 356 1938 partem
369 1851 512 1937 equitum
531 1850 573 1912 ad
592 1848 806 1935 occupandam
828 1848 1015 1913 Cremonam
1036 1851 1206 1934 praemrsit:
1230 1872 1305 1915 mox

235 1934 349 2000 vexilla
359 1949 490 2022 quartae,
502 1933 631 2000 decimae
641 1949 673 2000 et
683 1933 908 1998 sextaedecimae
917 1933 1096 2019 legionum3
1113 1933 1186 1997 dein
1194 1935 1305 2023 quinta

237 2176 340 2225 Flebant
355 2176 523 2238 intelligebant,
611 2177 673 2223 baut.
707 2174 753 2222 Ed.
788 2190 801 2223 e
820 2173 947 2223 veteranis:
964 2174 1006 2237 qui
1021 2173 1140 2237 stipendiis
1157 2174 1264 2238 peractis,
1283 2174 1309 2223 id

237 2258 272 2304 pr.
284 2240 396 2289 consentit
405 2240 526 2289 Vaticano.
563 2254 610 2287 mr.
635 2238 755 2286 Emenda·
789 2247 825 2287 est
834 2238 945 2300 vigesimo
955 2238 1044 2286 militia
1056 2252 1118 2285 anno
1133 2238 1246 2298 absoluto,
1263 2242 1308 2289 sub

238 2306 307 2353 tionis
321 2305 394 2369 gloria
404 2312 472 2354 sarto
485 2305 583 2353 debetur
596 2304 704 2352 Rhenani
718 2303 756 2349 in·
791 2302 881 2351 vexillis
890 2302 1043 2361 habebantur,
1060 2303 1133 2350 donec
1146 2304 1272 2367 premium
1286 2313 1310 2353 et

237 2370 313 2433 genio,
325 2371 367 2419 etsi
377 2370 402 2417 in
412 2378 505 2418 textum
517 2369 616 2433 recipere
629 2384 677 2416 non
687 2368 756 2415 susti-
791 2366 886 2416 emerita
896 2367 1037 2431 acciperent:
1055 2366 1181 2431 dequibus
1192 2368 1225 2415 A.
1238 2368 1261 2429 l,
1269 2370 1309 2418 26.

238 2434 322 2483 nuerit.
355 2434 463 2482 Ceterum
478 2450 509 2482 ex
523 2434 547 2481 b.
561 2434 578 2481 1.
594 2434 692 2498 probare
701 2432 756 2479 niti·
791 2442 815 2481 et
825 2431 881 2479 alibi
895 2430 950 2479 dixi.
983 2431 1106 2491 Alterum,
1115 2447 1144 2480 ex
1155 2432 1273 2493 dectioue,
1284 2434 1310 2481 in

239 2510 278 2546 tar
288 2500 313 2548 J.
326 2500 364 2547 Fr.
377 2500 449 2548 Gron.
457 2501 515 2549 Obs.
525 2500 550 2558 4,
559 2502 582 2546 2.
593 2515 616 2562 p.
627 2499 667 2546 30.
677 2513 758 2546 omnes
792 2497 925 2547 necessitate
939 2497 1018 2561 aliqua
1033 2505 1075 2545 aut
1090 2497 1166 2545 bellot
1184 2513 1237 2546 arm
1254 2498 1310 2563 ipsa

240 2564 295 2612 MS.
312 2564 390 2612 Taciti
408 2563 496 2613 codices
515 2579 545 2612 ex
556 2563 638 2612 eodem
654 2563 755 2611 fluxisse.
791 2563 892 2637 legiones
902 2569 926 2609 et
940 2562 1025 2625 aquilae
1035 2561 1060 2609 in
1070 2562 1149 2610 caenis
1163 2570 1205 2610 aut
1218 2565 1312 2627 provin.

242 2628 279 2676 cf.
291 2637 315 2676 et
325 2629 383 2677 Em.
394 2629 419 2676 in
430 2629 495 2693 prat*-
792 2627 833 2676 cirs
851 2625 1047 2690 relinquebantur,
1067 2634 1128 2674 serta
1142 2641 1214 2675 manu
1231 2627 1311 2677 dener·

272 2696 393 2756 Enpedire
424 2693 462 2742 Sic
477 2695 536 2742 bene
551 2693 620 2741 Actu.
638 2701 666 2740 ut
682 2691 716 2738 H.
735 2693 757 2749 l,
792 2703 841 2755 pta,
859 2691 901 2755 qui
918 2693 962 2738 sub
980 2691 1066 2739 vexillo
1084 2691 1242 2740 mittebantur.
1276 2691 1311 2740 Hi

242 2758 272 2806 lo
283 2767 306 2805 ct
316 2760 355 2806 88.
452 2773 505 2820 pere
515 2767 538 2804 et
549 2759 603 2820 Bip
615 2773 657 2820 pro
668 2756 760 2819 vulgari
793 2757 858 2814 tales,
871 2755 985 2803 vexillarii
996 2764 1019 2802 et
1032 2772 1045 2804 e
1060 2755 1101 2803 tali
1114 2755 1212 2820 legione,
1229 2755 1312 2805 dimn-

240 2824 353 2884 eapedtrt.
386 2821 441 2870 Hoc
456 2831 534 2869 tamen
553 2822 650 2870 occurrit
667 2821 699 2869 A.
720 2822 758 2877 14,
793 2828 846 2867 turs
863 2835 890 2867 ac
906 2819 1046 2883 nimisquam
1064 2821 1169 2868 crebrum
1184 2830 1218 2868 est
1234 2821 1312 2868 iubis

244 2887 283 2934 lo,
792 2884 864 2932 libris.
899 2883 1047 2931 Testimoniis
1058 2883 1108 2931 haec
1118 2885 1209 2932 firmare
1218 2886 1311 2934 liceret:

274 2952 388 3014 Etstaaa
398 2951 479 3014 arma]
493 2949 610 3014 Copulam
620 2949 695 2998 deleri
706 2964 760 2996 cum
794 2948 859 3006 alias,
875 2956 916 2996 aut
930 2949 960 2995 ab
975 2947 1020 2995 alio
1035 2947 1089 2994 liet:
1107 2963 1169 2996 nunc
1182 2950 1237 2998 satis
1251 2950 1313 2998 indi-

243 3015 335 3079 Ryclrio
350 3025 375 3063 et
389 3014 515 3072 (Ironorio,
530 3031 583 3078 qnae
597 3016 686 3062 abesta
697 3013 759 3061 Flor.
794 3027 863 3060 casse.
875 3013 951 3060 Iure.
968 3011 1046 3070 Falso,
1059 3019 1086 3059 ut
1096 3011 1236 3060 docebimus.
1266 3015 1312 3063 Sed

242 3079 330 3144 (uun)
339 3079 417 3127 Gueli.
427 3078 487 3140 Agr.
496 3079 548 3126 edd.
559 3095 594 3142 pr.
603 3079 695 3127 Puteol.
705 3078 760 3126 Ber.
796 3077 850 3126 MS.
857 3076 1011 3124 Florueailla
1019 3079 1044 3123 irs
1051 3079 1226 3138 quatuordecim
1235 3080 1314 3128 XIII

242 3142 368 3207 ceterisque
378 3143 492 3191 veteribus
500 3153 553 3190 ante
564 3143 629 3205 Iaips.
637 3159 695 3206 quas
705 3142 760 3190 vidi.
795 3142 921 3203 legionum.
955 3141 1039 3204 Sicque
1058 3148 1081 3188 et
1099 3141 1134 3188 ed.
1153 3157 1187 3204 pr.
1207 3142 1270 3191 unde
1286 3144 1312 3192 J.

244 3208 306 3256 Mox
317 3207 378 3256 edidi
384 3209 510 3269 perfidiam
518 3208 637 3265 meditato,
649 3217 676 3255 ut
686 3207 762 3268 place
797 3207 869 3254 (Iron.
881 3205 973 3268 corrigit
982 3207 1070 3253 vexillo
1078 3207 1165 3264 tertiae,
1176 3213 1268 3274 querps
1275 3210 1315 3257 de-

243 3274 285 3320 bat
304 3273 329 3320 J.
348 3271 473 3320 Gronovio.
507 3272 572 3319 Nam
588 3273 712 3318 mutuati
727 3279 762 3317 cst
796 3273 924 3318 cimoeetr.
937 3271 1072 3332 legimum:
1090 3271 1315 3322 tertiamlatuissein

244 3352 274 3384 err
284 3337 376 3400 ingenio
387 3336 503 3385 Rhenani.
515 3335 587 3384 MSS.
594 3334 671 3399 (Bud.
679 3333 760 3394 mam)
796 3335 956 3397 praepositione
962 3337 996 3393 to,
1006 3344 1029 3382 et
1036 3335 1196 3384 tenniuatione
1206 3337 1230 3384 in
1240 3341 1314 3386 veell-

243 3411 267 3450 et
277 3401 328 3450 edd,
342 3410 395 3449 vett.
407 3410 461 3450 ante
471 3401 614 3450 Rhenanam
625 3415 706 3449 omnes
713 3413 761 3446 me·
797 3399 870 3446 laetis
888 3399 928 3446 sed
938 3399 972 3446 ita
983 3411 1060 3448 tamen
1071 3413 1118 3448 non
1128 3400 1239 3448 eximitur
1250 3417 1314 3451 scru-

244 3468 335 3516 ditatio.
347 3467 418 3514 Ean.
430 3466 490 3529 Agr.
498 3467 642 3526 meditnatb,
651 3463 761 3528 quodbe·
796 3463 867 3525 pulus
882 3462 911 3510 de
925 3462 1104 3526 quartadecima,
1119 3480 1172 3528 quaa
1182 3465 1228 3512 tirit
1238 3465 1314 3516 Otho-

245 3545 275 3578 ne
290 3531 411 3595 respondet
427 3535 461 3589 τῷ
476 3533 540 3579 tuter
554 3537 617 3578 artes
632 3535 690 3576 erat.
723 3528 763 3577 Sic
797 3528 873 3576 niana.
902 3527 956 3576 Ms.
980 3527 1059 3576 Guelf.
1086 3543 1129 3590 pro
1155 3528 1220 3578 XVI
1245 3531 1331 3580 habet·

245 3595 437 3724 lrp'asperpetrppoque
458 3596 513 3660 Bip
536 3594 646 3642 Rhenani
663 3592 764 3642 rectruda
798 3591 898 3705 XV'IHIlI.
910 3590 1139 3706 {Effig'ffloss}
1146 3595 1326 3708 eutramnus.

344 3696 346 3701 .
374 3677 428 3707 aaa.
798 3672 853 3705 veae
911 3673 918 3704 r
941 3673 955 3703 r
986 3691 994 3717 ,
1034 3672 1102 3705 erma
1150 3673 1190 3705 sca
1248 3676 1316 3710 ormoe

277 3725 351 3786 Apud
367 3726 426 3788 Vra]
444 3726 482 3774 Sic
499 3724 565 3773 Pich.
582 3740 596 3772 e
611 3723 674 3772 Flor.
692 3721 725 3772 sic
740 3730 765 3770 et
797 3723 841 3784 leg.
854 3671 957 3772 scibqsub
968 3724 995 3770 tn
1009 3722 1080 3770 latere
1093 3731 1177 3786 putant
1191 3723 1242 3786 IV,
1252 3727 1316 3790 quod

246 3788 309 3836 Bud.
329 3799 353 3836 ct
370 3789 422 3837 edd.
442 3800 488 3838 ret.
504 3798 529 3838 at
550 3788 628 3837 Rhen.
644 3788 711 3852 Lips.
732 3789 764 3835 ad
798 3787 901 3836 notarius
927 3785 1086 3851 interpolando
1116 3789 1250 3850 expresserit
1263 3807 1317 3854 per

253 3854 331 3901 Vitell.
799 3859 908 3914 quatuor,
920 3858 943 3901 et
951 3853 995 3900 sub
1007 3847 1076 3900 XIII
1086 3852 1157 3900 latere
1167 3853 1240 3914 XVI,
1253 3857 1316 3918 quod

278 3919 344 3966 Mon
354 3917 475 3964 vernarit
485 3918 674 3978 quartadecima»
683 3922 706 3962 et
713 3929 767 3962 rea·
799 3917 824 3964 in
834 3918 929 3980 vulgata
939 3925 1008 3966 extat.
1038 3917 1102 3966 Bud.
1113 3917 1183 3966 habet
1193 3921 1280 3966 remilla
1290 3923 1317 3968 br

247 3984 386 4047 toedeetmae]
403 3981 469 4030 Libri
479 3981 564 4046 scripti,
577 3984 663 4029 ventilo
671 3981 768 4028 XIIII
799 3981 884 4030 XIIII
892 3989 915 4029 et
926 3980 1021 4030 XVIII
1031 3982 1075 4044 leg.
1096 3981 1167 4030 Hanc
1177 3983 1272 4032 XVIII
1283 3984 1317 4032 le.

246 4049 492 4110 etXIIIlegIonnnc
509 4047 638 4094 Seriverius
648 4054 690 4105 est,
702 4045 765 4105 XV,
798 4045 891 4108 gionem
912 4060 959 4094 non
980 4045 1098 4095 admiserit
1122 4048 1249 4107 Broterius,
1276 4048 1317 4112 qui

247 4111 292 4171 (sic
313 4111 423 4173 Savilius)
446 4119 495 4170 aut,
518 4111 581 4174 quod
605 4110 710 4158 Mercero
731 4111 766 4172 (et
798 4110 902 4159 Variana
917 4109 982 4158 clade
998 4109 1099 4174 periisse,
1119 4127 1194 4175 neque
1210 4112 1318 4176 deiudeps

248 4175 418 4240 Brot.)p1acet,
430 4182 538 4238 quarta:
550 4174 767 4224 namdeBritanni·
799 4174 921 4224 memorari
936 4175 1036 4238 amplius
1051 4176 1126 4234 docet,
1141 4177 1204 4224 unde
1219 4185 1242 4224 et
1255 4176 1318 4239 apud

245 4240 770 4363 transmandaret
800 4239 985 4353 lidii?
999 4241 1318 4366 ii⁰‘i⁵.t²{‚it²itr‘²lii

246 4367 315 4434 plicia
321 4368 406 4418 vexilla
413 4368 484 4418 rideri
492 4369 533 4418 illo
539 4386 589 4418 avo
596 4369 674 4418 fnisse.
687 4369 765 4429 Prius,
799 4368 888 4419 dictum
898 4369 936 4428 sit,
945 4319 1132 4416 metretam
1140 4367 1243 4418 restituta
1254 4367 1318 4418 ride.
