3059 4975
425 91 433 174 l

264 289 299 330 s.
312 289 340 329 c.
353 269 416 343 aa]
629 258 707 333 us.
728 262 785 325 111.
807 268 895 330 cnr.
915 272 963 329 aa.
1275 270 1331 330 iss

263 434 341 515 ictu,
363 435 426 501 tela
438 434 581 512 'bostium
599 433 678 497 oltra
696 434 866 513 cadebant:
890 430 1047 497 Vitelliani
1066 432 1196 497 adverso
1214 433 1331 499 lumine

262 520 469 599 conlucentes,
496 520 584 585 velut
610 541 651 597 ex
678 518 801 585 ocurlto
825 516 1046 607 jaculantibus,
1078 518 1196 583 incauti
1223 519 1333 599 offere-j

264 608 448 759 buprkaw·
475 691 582 779 Igitur
595 691 766 769 Antonius,
789 691 845 754 ubi
865 713 990 757 noscere
1012 688 1084 755 suos
1106 690 1254 776 noscique
1274 713 1331 777 pa-

263 786 354 857 terat,
363 778 444 879 ntalias
456 778 579 876 pudore
592 788 624 841 et
636 778 771 863 probris,
785 776 900 847 multos
919 775 1013 841 laude
1026 789 1058 841 et
1071 777 1209 854 hortatu,
1223 784 1330 840 omnes‘

262 888 317 951 spe
326 886 548 951 promlssrsque
557 862 737 940 accendens,
751 868 774 901 “
784 884 841 925 cur
850 884 975 926 rursum
987 862 1187 949 sumpsissent
1197 885 1284 926 arma
1295 862 1330 924 ?”
1402 910 1405 917 .

263 950 458 1014 Pannonicas
483 948 497 1012 l
537 948 622 1013 ’ones
648 948 877 1034 interrogabat:
911 954 933 987 “
953 946 1024 1011 illos
1047 970 1112 1011 essa
1135 958 1271 1035 oam'pos,
1297 946 1331 1011 in'

263 1034 513 1122 quibusabolere
551 1035 624 1100 bem
656 1032 1333 1119 riorisignomiuiae,ubireciperltreglorism

263 1122 419 1209 possent”
460 1121 550 1185 Tum
563 1120 605 1185 ad
660 1118 768 1185 oesicos
782 1140 957 1198 conversus,
974 1118 1164 1206 “principes
1178 1128 1332 1183 auctoresss

265 1226 329 1307 que
349 1205 446 1271 belli”
458 1206 576 1271 ciebat:
601 1213 624 1245 “
637 1206 756 1269 frustra
768 1205 860 1270 minis
874 1218 906 1269 et
918 1203 1021 1269 verbis
1035 1214 1218 1291 provocatas
1232 1204 1332 1270 vitel:

262 1292 372 1372 banos,
395 1293 421 1357 si
442 1314 554 1357 manus
570 1313 679 1356 eorum
693 1290 862 1377 oculosque
875 1312 938 1355 non
952 1290 1147 1355 tolerarent.''
1189 1290 1280 1369 Haec,
1298 1301 1333 1354 ut

263 1400 406 1465 quosque
417 1397 600 1443 accesserat:
645 1378 714 1440 lura
723 1376 764 1440 ad
776 1376 932 1456 tertianas,
944 1388 1086 1441 veterum
1100 1377 1333 1462 recentiumque

264 1464 452 1529 admonens:
483 1474 520 1527 ut
549 1470 572 1500 ‘⁶
593 1401 653 1527 sub
677 1464 727 1527 M.
742 1463 885 1526 Antonio
909 1463 1051 1540 Parthos,
1074 1464 1133 1526 sub
1156 1461 1334 1527 Corbulone

264 1548 444 1628 Armenias,
459 1572 504 1620 nu
544 1570 561 1611 r
576 1550 732 1613 Sarmatas
745 1548 965 1635 pepulissent.''
988 1550 1069 1613 Mox
1084 1548 1233 1613 infensius
1248 1548 1334 1611 Prae-

264 1634 410 1701 tarianis:
436 1641 459 1674 “
478 1572 574 1712 Vires?
597 1634 711 1721 inquit,
737 1640 760 1673 ‘⁶
781 1634 840 1697 nisi
860 1635 992 1713 vincitis,
1037 1634 1139 1721 agani,
1162 1614 1334 1721 quisalius

265 1722 449 1808 Imperator,
469 1744 542 1806 qnae
563 1733 663 1784 castra
686 1718 747 1783 alia
769 1720 942 1807 excipient?
986 1657 1054 1784 Illic
1076 1719 1165 1805 signa
1185 1742 1334 1803 armaque

262 1820 369 1870 ‘vestra
382 1817 466 1883 sunt,
481 1819 513 1870 et
533 1828 618 1869 mors
631 1804 738 1869 victis:
761 1828 832 1869 uam
854 1806 1054 1892 ignominiam
1076 1803 1336 1891 consumpsistis.”

266 1891 420 1980 Undique
438 1890 570 1955 clamor:
597 1904 630 1956 et
647 1889 798 1956 orientem
821 1891 916 1957 solem
937 1892 996 1975 (ita
1017 1890 1050 1954 in
1074 1890 1167 1977 Syria
1187 1912 1254 1954 mos
1274 1892 1334 1975 est)

266 1975 393 2044 tertiani
406 1975 591 2043 salutavere.

267 2148 362 2214 Nempe
379 2160 432 2199 ante
446 2158 494 2202 erat
510 2151 537 2196 la
551 2162 655 2210 corpore,
674 2156 702 2195 ut
716 2148 788 2197 habet
819 2157 882 2205 erat:
900 2148 992 2197 sedhos
1002 2147 1155 2211 compellabat
1169 2146 1336 2195 inclementius.

268 2214 447 2279 (BudiGuelf.
473 2212 595 2262 Acidalius
606 2212 675 2260 mam
685 2212 787 2260 malebat
819 2212 911 2261 usos.
933 2213 1065 2263 verissime.
1090 2210 1293 2274 Tertianisplura,
1303 2210 1339 2258 his

260 2284 338 2344 jactu.
372 2280 453 2329 Etiam
470 2280 499 2327 de
514 2278 567 2326 telis
582 2277 709 2325 missilibus
725 2278 787 2323 ictas
819 2278 933 2340 asperiora
948 2278 1013 2326 dixit.
1033 2278 1105 2325 Eas.
1139 2275 1250 2325 Laudant
1261 2274 1337 2339 Ryclr.

266 2341 788 2405 dicitnr‚sedtum‚cumjactuteliattingitur
820 2340 882 2390 Lali.
910 2343 1072 2407 Recipiocum
1081 2341 1137 2405 Bip.
1254 2382 1256 2387 ,

268 2424 365 2473 carpus:
378 2408 455 2473 quoad
465 2408 600 2464 mittuntur,
606 2409 687 2469 jactas
697 2405 789 2453 dicitur.
853 2410 922 2455 Nam
933 2410 1089 2469 ignominiam
1101 2408 1274 2470 coosumrltta's]
1289 2406 1340 2455 Aa·

267 2472 338 2522 Clare
348 2473 380 2522 sic
389 2472 511 2536 distinguit
522 2471 605 2519 Livius
620 2471 661 2530 30,
673 2470 711 2518 10.
744 2472 788 2518 Ea
820 2470 878 2520 sidet
894 2482 962 2521 acuto
980 2473 1034 2522 huic
1049 2472 1109 2520 dicta
1125 2472 1184 2520 illud
1199 2471 1339 2520 cursianum

268 2541 378 2588 rostratis
397 2540 468 2592 Pani
488 2553 549 2584 vana
566 2537 688 2598 pleraque,
709 2541 788 2598 upote
820 2537 844 2597 6,
857 2539 880 2584 8.
916 2539 1341 2600 Scit,eosquimlseatcardtamaoa-

268 2601 787 2729 :tamillttmtttt
820 2605 1340 2730 333....papsppggpfflg

268 2735 359 2782 oratur
369 2747 470 2794 caparae
481 2747 510 2778 ea
523 2731 639 2777 mterartis
655 2729 716 2776 ictus
727 2735 787 2778 erat.
819 2739 909 2780 mutam
925 2731 1076 2790 contraxistis,
1093 2739 1120 2778 ut
1135 2748 1163 2780 ea
1176 2747 1224 2780 non
1239 2732 1340 2794 amplius

269 2796 580 2861 ltaquejartablplscet.
613 2792 733 2841 confundi
743 2793 789 2841 ista
819 2794 923 2844 timenda
933 2798 971 2856 sit,
983 2813 1051 2846 nemo
1065 2795 1141 2845 iuvas
1156 2796 1192 2846 uti
1208 2797 1286 2860 possit,
1298 2796 1340 2859 qui

196 2864 200 2873 ’
269 2863 340 2911 verba
349 2869 432 2908 notum
443 2867 485 2907 est.
519 2858 551 2907 V.
561 2857 788 2906 Drakenbadhiv.
821 2861 921 2924 affligere
931 2861 995 2921 velit,
1004 2860 1052 2910 sed
1067 2859 1202 2908 nihilnliud
1217 2861 1261 2908 nisi
1277 2875 1340 2908 mors

269 2927 310 2988 26,
333 2925 432 3036 domum
452 2923 538 2989 pariter
555 2938 598 2988 pro
615 2924 678 2970 laun
697 2921 789 2971 mavult
821 2921 994 3045 reptetsspluu.
1027 2925 1084 2974 Iani
1098 2923 1338 2988 huicloeoexffl,

267 2996 353 3040 factus.
395 3003 444 3038 nu.
821 2993 837 3038 4
865 2997 888 3036 et
932 3023 939 3036 .

263 3009 280 3056 J
301 3057 344 3103 Er
356 3055 444 3102 occulto
452 3052 614 3116 jaculantibus
627 3052 719 3099 incauti
734 3052 789 3111 ‹ffl-
854 3055 932 3102 Salem
944 3053 990 3118 (ita
1001 3055 1031 3100 ia
1043 3055 1118 3115 Syria
1129 3052 1248 3118 morato]
1275 3053 1340 3102 Nam

186 3147 192 3156 ·
270 3120 395 3182 rebantur]
429 3117 477 3166 Ed.
487 3133 522 3180 pr.
532 3131 580 3164 nan
595 3115 789 3178 agnascitroaem
820 3117 871 3168 haec
886 3118 970 3182 legiae
986 3119 1002 3168 S
1019 3120 1053 3166 ria
1068 3117 1174 3178 deducta,
1191 3118 1216 3166 in
1232 3134 1279 3183 qua
1295 3119 1340 3168 sub
1385 3123 1387 3126 '

270 3187 370 3244 iuranti,
382 3191 413 3241 et,
426 3197 481 3229 cum
497 3182 633 3245 praecesserit
646 3195 676 3228 aa
692 3181 788 3244 motha,
819 3181 999 3232 Corbulonem
1011 3183 1112 3232 'tavent
1130 3184 1166 3233 At
1177 3183 1206 3231 de
1216 3199 1280 3231 mare
1290 3183 1342 3246 ipsa

269 3251 325 3299 satis
335 3245 435 3310 intelligi
445 3252 512 3310 putat
520 3246 640 3294 Grutems
657 3245 730 3292 Eas.
821 3248 1010 3308 Herodianus,
1027 3249 1067 3296 30.
1076 3248 1106 3296 de
1117 3249 1217 3310 Parthis,
1235 3249 1276 3312 qui
1293 3263 1340 3310 pu·

305 3315 420 3364 Carrari
431 3311 579 3374 sumslaaeat]
607 3309 647 3358 Ex
659 3308 789 3356 historiast
820 3313 1094 3376 gnsmiuituriortojam
1103 3313 1341 3373 salez’Araacdpuu

269 3377 623 3437 sententiacarresamstssent.
652 3373 715 3421 Num
726 3373 789 3420 Pan·
822 3377 1342 3440 diclarihominquitffisribororu'raigalfilp-

269 3443 347 3498 nonici
362 3443 434 3491 semel
450 3441 514 3501 vien,
531 3455 596 3487 arma
611 3447 690 3486 lamen
704 3438 790 3486 iterum
821 3439 890 3508 eugas,
904 3443 999 3506 μεγίστῃ
1011 3443 1101 3508 κλαγγῇ
1110 3439 1241 3500 balanam,
1253 3440 1342 3504 luidpa-

270 3516 406 3557 sumserant.
421 3507 497 3554 Inrs.
530 3503 728 3552 Ferrettusalias:
747 3518 790 3551 cur
821 3523 860 3566 μου
872 3506 1047 3563 τοῖςῬωμαίοις.
1067 3505 1113 3553 Sed
1121 3508 1214 3554 observo
1222 3504 1339 3568 amplius:

210 3591 217 3596 ‘
271 3589 359 3621 rursus
368 3587 440 3619 sams.
466 3571 521 3619 Hoc
530 3569 605 3632 magis
615 3568 696 3632 placet
721 3567 791 3616 Certe
820 3577 867 3616 non
879 3570 954 3618 solum
966 3569 1035 3634 Syros
1043 3579 1084 3618 aut
1094 3570 1223 3618 Orientales
1234 3569 1283 3618 Soli
1291 3571 1341 3618 cul-

272 3639 324 3684 rarl
332 3635 441 3686 vitiosum
449 3646 491 3697 est,
501 3633 611 3700 quicquid
621 3641 721 3696 nugetur
729 3631 791 3680 Sali-
822 3642 874 3682 tum
884 3634 947 3682 hunc
958 3633 1075 3694 detulisse,
1087 3635 1127 3682 sed
1138 3635 1243 3698 gentium
1254 3635 1342 3700 pleras-

271 3703 355 3750 nerius.
379 3699 625 3764 Msngscarnam.
642 3697 715 3745 Bau.
737 3697 791 3746 Hac
821 3715 874 3764 que
900 3699 1253 3763 PlataDeLegib.10.p.887.
1278 3701 1342 3746 Ἀνα-

269 3764 365 3829 Ryckio
380 3764 463 3830 placet.
496 3762 669 3826 Rip-Ferretto
679 3761 792 3809 aoeedunt
823 3764 944 3818 τέλλοντός
958 3783 983 3811 τε
999 3766 1058 3820 ἡλίου
1075 3763 1111 3812 nal
1125 3768 1223 3826 σελήνης,
1236 3763 1272 3822 nal
1288 3763 1343 3830 πρὸξ

271 3828 374 3894 legentes
389 3845 503 3876 rursum:
519 3828 614 3875 finalem
627 3826 740 3891 syllabam
750 3827 792 3874 ab·
824 3826 908 3887 δυσμὰς
921 3827 1001 3886 ἰόντων,
1010 3830 1165 3894 apaustaulaus
1174 3829 1265 3894 οἶμαικαὶ
1274 3845 1344 3898 upra·-

272 3893 791 4020 mildbufflqsliniodilffii
823 3893 1091 4020 &libidini
1106 3894 1273 4023 illidit
1287 3894 1343 4022 tl·

557 3989 564 4002 .
709 3989 716 4002 .
867 3988 874 4003 .
1225 3993 1233 4019 ‚
1333 3987 1344 3997 .

271 4023 380 4088 procedit
399 4028 536 4085 provocatos
554 4027 577 4068 et
593 4027 695 4084 passeat.
718 4019 790 4069 Ean.
823 4019 896 4068 aanda
907 4022 965 4070 verti
981 4021 1011 4070 sd
1025 4023 1155 4074 Orientem.
1187 4024 1298 4087 Hyginus
1313 4022 1343 4070 de

273 4089 454 4138 Budtonrent.
642 4128 652 4148 ,
822 4084 965 4135 Limitibus:
989 4089 1093 4152 Antiqui
1111 4089 1234 4136 architecti
1252 4090 1278 4136 la
1297 4087 1344 4135 Oc·

289 4150 737 4214 1Partlws...Armanios...Sarmatas]
759 4148 793 4198 V.
823 4151 938 4199 edentem
954 4156 1039 4217 templa
1049 4149 1112 4202 reate
1126 4161 1230 4216 spectare
1244 4155 1345 4214 scripse.

271 4215 374 4267 viola.
407 4215 765 4281 SupraA.15‚2t.H.1,79.
824 4223 891 4264 rarat.
908 4218 996 4266 Postea
1002 4221 1095 4282 plicuit
1103 4233 1194 4264 omnem
1205 4218 1344 4278 religiosam

314 4284 377 4331 Max
399 4283 504 4346 infimus
524 4281 695 4344 Proetorianls]
729 4279 794 4327 Puta
825 4295 851 4328 eo
866 4290 1005 4345 conuertere,
1020 4300 1049 4330 ea
1067 4299 1112 4345 qua
1127 4288 1199 4343 parta
1214 4281 1265 4328 coeli
1280 4287 1346 4328 terra

273 4348 408 4460 ¹{pascasium
431 4347 477 4422 boc
493 4345 527 4420 est
543 4345 619 4394 verbis
635 4345 795 4421 apperiaribus.
826 4347 1013 4424 illuminabatur.
1046 4347 1150 4423 Isidorus
1167 4345 1206 4404 155
1223 4345 1346 4409 sumpla
1370 4414 1373 4420 ι

301 4427 333 4462 on
343 4411 453 4461 emmbu
462 4425 538 4476 magis
549 4425 621 4475 quam
632 4411 684 4458 alna
698 4407 796 4458 infestus
826 4417 860 4460 ata
872 4418 960 4461 structa
970 4420 1010 4474 ut,
1027 4417 1055 4462 at
1069 4425 1110 4475 qut
1127 4410 1255 4464 consumet
1268 4425 1296 4458 aa
1303 4411 1346 4461 aaa
