3059 4975
220 267 248 307 c.
260 266 287 305 c.
304 247 366 322 70.]
608 247 684 307 LlB.
701 246 725 305 l.
745 246 832 307 CAP.
855 251 900 307 16.
1250 258 1288 315 23

215 408 282 481 sine
295 422 414 507 rectene
424 422 541 509 pqsset,
554 407 670 559 dffnus
683 431 780 489 mam,
795 433 815 475 a
828 432 893 499 quo
906 408 1002 499 Reep.
1017 412 1183 501 inciperet:
1200 436 1283 482 nune

214 518 253 559 eo
263 508 450 561 necessitatis
455 518 524 581 Jem
554 518 581 559 n
603 518 654 561 em
664 508 794 561 ventum
803 512 860 575 est,
870 509 907 561 ut
917 519 974 563 nec
984 520 1053 563 mec
1064 514 1151 565 senec
1167 523 1203 565 us
1211 525 1283 567 con-

212 579 295 650 ferre
330 579 380 645 lus
394 580 519 667 Populo
563 604 625 645 om.
640 580 747 667 possit,
762 606 857 669 quam
866 583 984 647 bonum
997 607 1213 663 successorem,
1226 610 1282 653 nec

213 678 270 732 tua
283 603 356 753 plirs
369 666 513 752 juventa,
534 689 630 752 quem
648 667 768 731 bouum
787 666 974 753 Principem.
1019 670 1087 733 Sub
1106 670 1235 735 Tiberio
1250 686 1282 739 et

214 750 293 818 Caio
305 765 338 815 et
352 751 487 817 Claudio
507 752 601 817 unius
621 751 746 817 familiae
768 752 858 839 quasi
879 752 1033 820 hereditas
1053 754 1189 821 fuimus:
1212 756 1281 823 loco

212 836 362 903 libertatis
375 837 445 917 erit,
460 836 548 924 quod
561 836 634 923 eligi
647 837 809 925 coepimus.
837 839 894 916 Et,
908 838 996 935 finita
1010 840 1033 903 J
1036 837 1171 905 uliorum
1187 840 1280 909 Clau-

212 921 400 1021 diorumque
409 923 515 1002 domo,
526 922 680 1009 optimum
690 945 848 1010 quemque
862 922 989 1011 adoptio
1003 924 1148 991 inveniet.
1192 927 1279 993 Nam

211 1030 353 1094 generari
363 1020 395 1073 et
405 1006 735 1095 naseiaPrincipibus,
744 1008 922 1087 fortuitum,
929 1032 986 1073 nec
997 1008 1278 1081 ultraaestimatur:

211 1092 383 1180 adoptandi
397 1092 554 1181 judicium
574 1094 752 1243 integrum
775 1107 816 1174 et,
839 1090 865 1159 si
886 1093 961 1159 velis
982 1094 1105 1181 eligere,
1128 1120 1278 1165 consensu

211 1192 413 1245 monstratur.
443 1179 620 1245 Sitanteoc
654 1180 794 1258 osNero‚
807 1179 1188 1267 quem,longeCaesarum
1202 1184 1278 1249 serie

211 1276 393 1344 tumentem,
414 1273 478 1329 bon
492 1264 623 1330 Vindex
644 1287 717 1329 cum
736 1264 847 1329 inermi
868 1264 1037 1351 provincis,
1055 1278 1111 1331 aut
1132 1290 1192 1353 ego
1205 1292 1278 1333 curn

210 1372 276 1415 rnna
288 1349 420 1437 legione,
432 1350 486 1415 sed
496 1374 554 1415 sua
563 1349 737 1429 inmanius,
750 1374 807 1417 sua
817 1349 954 1430 luxuria,
963 1350 1133 1417 cervicibus
1145 1353 1278 1438 publicis
1333 1384 1335 1393 ·

210 1432 378 1521 depulere:
401 1459 504 1523 neque
526 1449 594 1500 erat
618 1435 723 1501 adbuc
747 1434 886 1501 damnati
911 1436 1064 1523 Principis
1089 1438 1278 1526 exemplum.

210 1521 279 1584 Nos
293 1520 375 1585 bello
391 1532 423 1588 et
443 1522 484 1587 ab
505 1520 733 1587 estimantibus
752 1519 873 1600 adsciti,
895 1544 969 1587 cum
987 1522 1114 1599 invidia,
1136 1525 1280 1621 quamvis

210 1606 339 1693 egregii,
354 1606 477 1672 erimus
521 1608 572 1672 Ne
588 1605 692 1672 tamen
706 1606 831 1671 territus
844 1606 951 1687 fueris,
971 1606 996 1673 si
1011 1607 1083 1672 duce
1096 1607 1231 1695 legrones
1245 1611 1278 1675 in

113 1742 121 1763 ,
209 1690 269 1756 hoc
282 1692 424 1758 concussi
437 1692 521 1758 orbis
535 1705 624 1758 motu
638 1692 779 1758 nondum
788 1692 961 1779 quiescunt.
1005 1695 1056 1762 Ne
1069 1692 1135 1778 ipse
1150 1694 1278 1781 quidem

208 1776 251 1844 ad
269 1800 393 1843 securas
411 1798 461 1843 res
478 1775 607 1844 secessi:
630 1792 673 1856 et,
692 1778 802 1845 cudite
823 1778 1000 1864 adoptione,
1018 1778 1156 1845 desinam
1176 1780 1275 1845 videri

207 1885 322 1938 seuexr
345 1863 434 1950 quod
455 1886 539 1929 nunc
562 1862 640 1933 mihi
664 1886 765 1929 unum
787 1863 942 1951 objicitur.
995 1864 1082 1929 Nero
1101 1886 1122 1929 a
1142 1865 1275 1951 pessimo

208 1971 336 2047 quoque
350 1970 415 2016 sem
507 1948 728 2015 ecidernbitur:
749 1948 827 2016 mihi
846 1971 883 2013 cc
900 1947 957 2046 tibi
974 1948 1203 2035 providendum
1218 1967 1275 2031 est,

455 1949 507 2013 rd

207 2055 248 2099 ne
268 2048 395 2105 etiams
412 1970 502 2099 binis
522 2033 725 2101 desideretur.
769 2035 901 2099 Monere
923 2033 1053 2113 diutius,
1075 2056 1179 2122 neque
1200 2050 1277 2101 tem·

206 2119 291 2205 poris
304 2120 421 2207 hujus;
443 2133 476 2186 et
488 2117 641 2206 inpletum
654 2135 702 2183 eet
714 2140 808 2183 omne
821 2115 995 2197 consilium,
1010 2118 1078 2183 site
1091 2119 1171 2185 bene
1185 2120 1273 2208 elegi.

206 2205 462 2291 Utilissimusque
489 2203 573 2269 idem
596 2228 632 2269 ac
655 2204 855 2277 brevissimus
878 2204 1032 2269 bonarum
1057 2204 1273 2305 malarumque

207 2313 313 2373 rerum
327 2290 465 2356 delectus
478 2303 536 2370 est,
553 2290 701 2377 cogitare,
715 2289 795 2377 quid
811 2303 867 2355 eut
885 2288 1019 2355 volueris
1033 2288 1092 2355 sub
1106 2289 1167 2355 alio
1183 2295 1274 2357 Pnu-

205 2375 285 2463 cipe,
296 2389 353 2442 aut
362 2375 506 2442 nolueris
541 2378 655 2462 Neque
663 2376 746 2445 enim
754 2375 814 2453 hic,
827 2374 1022 2441 utiuceteris
1031 2375 1189 2461 gentibus,
1200 2400 1274 2476 quae

206 2476 387 2550 regnantur,
402 2474 486 2528 certa
499 2461 698 2527 dominorum
715 2461 838 2541 domus,
859 2474 891 2526 et
908 2460 1002 2527 ceteri
1020 2460 1117 2526 servi:
1142 2464 1196 2528 sed
1216 2486 1274 2528 rm-

205 2563 372 2636 peraturus
382 2572 414 2613 es
423 2547 610 2628 hominibus,
619 2549 676 2635 qui
686 2571 743 2613 nec
754 2561 851 2612 totam
866 2547 1045 2612 servitutem
1055 2548 1121 2634 pati
1174 2563 1272 2630 ssunt,

206 2656 263 2699 nec
277 2648 374 2710 totam
388 2633 590 2701 libertatem?
632 2637 679 2700 Et
694 2632 799 2699 Galba
812 2632 940 2720 quidem
958 2632 1027 2700 haec
1046 2655 1083 2696 ec
1097 2645 1129 2700 tc
1140 2635 1181 2714 ia,
1195 2649 1273 2702 tem-

205 2743 303 2880 gamm
324 2719 502 2807 Principem
522 2719 655 2800 facerem
675 2720 770 2786 ceteri
791 2733 951 2808 tamquam
972 2741 1044 2784 cum
1065 2717 1149 2784 fecto
1167 2720 1274 2810 loque·

247 2819 332 2874 ntur.

239 3020 378 3066 lumcuemn
386 3020 451 3082 Imp.
462 3017 559 3084 corpus]
570 3016 633 3067 Vide
639 3016 724 3066 Heius.
757 3031 804 3081 que
814 3015 934 3065 commode
944 3024 968 3063 et
977 3015 1091 3078 eleganter
1102 3018 1180 3065 abesse
1189 3026 1273 3080 potest,

205 3080 411 3143 mensure
756 3081 790 3129 its
811 3081 898 3140 tollere,
920 3082 1025 3127 concurri
1044 3089 1192 3129 tentaremus.
1228 3083 1274 3130 Sed

239 3148 363 3222 fumum
373 3147 660 3222 legiondUnctsnnrm?
674 3146 722 3194 At·
756 3145 870 3194 credimus
880 3145 956 3204 facile,
972 3159 1021 3194 esse
1037 3145 1152 3224 st'l'ecito.
1185 3145 1273 3194 Simili-

204 3220 388 3343 ffim
399 3211 724 3338 {mim
755 3210 1171 3338 admittentibus
1186 3211 1273 3324 tlt?

203 3337 317 3404 interpres
331 3339 421 3400 debuit,
437 3353 485 3388 non
497 3341 612 3398 edurtcr)
627 3339 723 3388 collocat
755 3353 803 3388 rue.
820 3339 892 3388 Eun.

203 3405 250 3455 urb
260 3406 371 3467 negem
381 3406 464 3454 Strabo
473 3405 492 3452 1.
500 3406 525 3454 3.
535 3421 559 3469 p.
571 3404 626 3451 166.
640 3403 722 3451 Etiam
788 3402 919 3468 Depnlcrc]
931 3402 988 3452 cort.
998 3403 1062 3451 Bud.
1074 3403 1199 3464 depulerit.
1210 3403 1271 3452 Mox

203 3469 249 3517 ωδ
259 3469 357 3518 Tinctis
365 3479 442 3518 noster
451 3469 485 3518 A.
496 3471 521 3529 4,
532 3473 557 3517 ὅ.
583 3470 720 3530 Hispania,
754 3467 819 3515 Bud.
829 3469 1004 3526 estimantibus,
1021 3467 1053 3516 sic
1068 3476 1091 3516 et
1101 3467 1192 3515 Puteol.
1208 3467 1271 3516 Dein

201 3531 722 3597 inquitnccmperdemtrasrttcetctehan.
753 3532 817 3580 Bud.
833 3539 857 3580 et
872 3531 964 3580 Putecl.
979 3533 1164 3592 conquiescunt.
1198 3531 1271 3581 Porro

201 3602 253 3644 tur.
286 3597 334 3648 Sed
343 3598 372 3647 iic
381 3599 437 3674 ipsis
448 3599 522 3647 verbis
532 3597 684 3661 adsignificat,
695 3599 721 3647 id
752 3597 778 3644 in
789 3596 853 3644 Bud.
863 3597 924 3660 qnod
934 3597 994 3644 milri
1005 3611 1087 3654 ccum,
1096 3596 1180 3644 omisso
1189 3612 1267 3653 nunes

201 3670 331 3721 mmmm,
349 3671 373 3712 et
390 3663 528 3712 imminutus
542 3663 653 3726 legiones,
669 3663 720 3710 ani·
753 3663 904 3724 etobjicitcr,
916 3671 1013 3724 utsaepe
1023 3659 1086 3708 alias.

201 3725 406 3856 fflffili
424 3725 721 3851 iffiffiffllbil
752 3721 1269 3850 ...l‘ll‘ttbttlttldttzttilt·

200 3855 579 3920 fldhcprnfirinnnctunclegic.
595 3856 719 3906 Suetonius
752 3858 828 3903 rimus
844 3857 914 3903 idem.
931 3855 1006 3904 Inrs.
1038 3855 1107 3902 Idem
1122 3855 1191 3902 etiam
1205 3857 1268 3904 Flor.

201 3919 228 3972 iu
238 3920 317 3969 Golbc
327 3921 366 3970 16.
381 3921 490 3983 ostendit,
506 3922 633 3970 exercitum
647 3920 720 3970 fuisse
751 3920 923 3968 undePichens
929 3920 1000 3968 edidit
1006 3921 1190 3980 utilissimusque
1197 3921 1268 3977 idem,

201 3986 302 4045 legionis
318 3988 399 4044 ucles,
414 3987 509 4034 clarem
519 3988 631 4046 derorum,
643 3987 719 4034 trium
751 3986 789 4033 cd.
813 4001 849 4049 pr.
871 3993 894 4033 et
916 3984 956 4032 alii
976 3985 1049 4034 MSS.
1071 3999 1109 4048 ap.
1125 3985 1266 4033 Broterium.

201 4050 719 4114 cohortium-Inessextsmlegionemsnisse
751 4049 825 4100 Eun.

202 4112 312 4163 dicemur
318 4115 353 4163 H.
361 4118 386 4171 6,
396 4116 435 4162 16.
450 4115 513 4163 Mox
520 4123 632 4164 nemmen
639 4115 719 4163 Guelf.
790 4112 1046 4178 Volucri-r—rwlucrir]
1058 4111 1096 4162 sic
1105 4113 1172 4161 Pich.
1182 4130 1194 4161 e
1203 4113 1266 4162 Flor.

202 4175 239 4224 ed.
246 4193 282 4240 pr.
289 4179 368 4228 Rbcn.
379 4179 485 4244 (eBud.)
496 4189 521 4228 ct
531 4196 573 4228 ccc
580 4187 658 4228 mmm
668 4180 718 4227 Pu·
751 4180 832 4244 Vulgo
845 4189 867 4228 et
878 4180 902 4227 in
914 4179 976 4228 Bud.
987 4178 1076 4227 inverso
1087 4177 1173 4226 ordine.
1207 4178 1267 4226 Mox

202 4242 255 4294 leel.
265 4244 322 4294 Ber.
338 4244 439 4307 Deinde,
450 4246 471 4294 si
481 4245 601 4307 vellemus,
612 4253 640 4293 ut
649 4244 718 4309 quid·
752 4245 816 4294 Bud.
829 4247 974 4308 nequeenim
986 4251 1013 4292 ut
1022 4245 1133 4308 gentibue
1144 4261 1166 4304 q.
1177 4259 1200 4291 r.
