3059 4975
227 311 374 385 ram]
570 304 649 369 ur.
671 306 710 369 n.
730 307 823 369 car.
845 309 957 381 rara
1240 313 1295 377 ror

223 447 390 572 ¹parebant.
432 464 550 572 Gratis
573 472 712 559 alloquin
736 468 848 539 seditio
873 486 1039 550 exarserat,
1066 496 1164 562 quam
1186 466 1295 541 altiore

226 560 456 661 imbutusque
474 560 558 624 enirn
578 576 682 623 rerum
696 583 715 624 a
731 557 856 624 Caecina
872 573 1032 647 gestarum
1045 561 1185 625 ordinem
1200 562 1297 627 inum

225 646 1296 818 'dliiipffifflaffiiltgrffilffli'b‘imolffiliii

227 828 379 966 Vterent'
401 756 511 883 addito
533 816 654 883 Vitellii
675 827 777 895 motu,
797 818 831 881 in
852 756 983 881 cgivitate
997 818 1178 906 Lingonum
1195 820 1296 884 Fabio

261 902 356 983 alenti
381 904 545 991 adjunctas
566 902 739 980 retulimus,
762 904 895 990 superbe
916 904 1067 990 agebant3
1090 914 1127 972 ut
1141 904 1296 993 cujusque

228 986 257 1051 le
280 989 358 1054 'onis
371 990 504 1054 tentorIa
515 989 721 1067 accessissent,
738 996 759 1027 “
766 990 914 1053 coercitos
925 1013 944 1052 a
955 1014 986 1052 se
996 988 1294 1075 quartadecimanos,

228 1075 268 1138 ab
280 1084 364 1139 atam
375 1076 496 1140 Neroni
511 1074 754 1161 Italiamratque
769 1093 893 1157 omnem
907 1073 980 1137 belli
994 1075 1153 1139 fortunam
1167 1077 1224 1139 ini
1248 1100 1296 1141 so·

227 1182 300 1223 rum
321 1161 562 1239 manu'sitam,”
582 1163 743 1249 jactantes.
791 1160 1058 1225 Contumeliosum
1077 1161 1111 1224 id
1132 1098 1294 1241 militibus,

229 1246 374 1310 acerbum
390 1248 494 1311 Duci:
517 1257 670 1334 conrupta
682 1246 796 1334 jurgiis
806 1257 861 1311 aut
873 1246 949 1309 rixis
964 1246 1142 1333 disciplina:
1159 1246 1200 1311 ad
1211 1252 1297 1335 post-

228 1347 349 1395 remum
364 1332 482 1398 Valens
496 1344 514 1397 o
527 1332 701 1421 petulantia
715 1333 808 1397 etiam
822 1331 984 1419 perfidiam
999 1333 1204 1419 suspectabat.

271 1418 440 1483 XXVIII.
454 1419 558 1505 igitur
568 1418 680 1482 nuntio
690 1417 804 1496 adlato,
824 1415 977 1505 “pulsam
990 1418 1202 1482 Treverorum
1214 1417 1296 1482 alam

229 1502 443 1590 Tungrosque
469 1527 488 1567 a
505 1504 601 1568 classe
617 1503 751 1568 Othonis
775 1513 806 1567 et
826 1504 1059 1567 Narbonensem
1081 1502 1218 1569 Galliam
1239 1504 1297 1567 'cir-

228 1589 379 1663 cumIri;”
401 1588 493 1653 simul
515 1609 591 1653 cura
617 1589 713 1653 socios
734 1589 845 1667 tuendi
867 1601 899 1653 et
921 1588 1046 1653 militari
1064 1599 1134 1653 astu
1154 1590 1297 1654 cohortes

229 1674 381 1753 turbidas,
397 1698 444 1754 ac,
459 1675 485 1739 si
503 1694 566 1739 una
584 1675 696 1753 forent,
717 1675 913 1762 praevalidas,
936 1674 1040 1762 disper
1062 1674 1153 1739 endi:
1174 1684 1296 1762 partem

230 1758 422 1825 Batavorum
444 1761 523 1825 “ire
543 1762 576 1823 in
598 1760 799 1825 subsidium'’
825 1762 935 1849 jubet:
966 1785 1010 1860 qu
1075 1761 1130 1825 ubi
1151 1761 1296 1825 auditum

229 1844 467 1933 vulgatumque,
497 1868 626 1909 moerere
655 1847 740 1923 socii,
770 1847 901 1911 fremere
921 1846 951 1909 le
984 1868 1075 1910 ones:
1107 1853 1128 1885 ‘⁴
1139 1847 1243 1911 orbari
1264 1866 1298 1910 se

228 1931 470 1997 fortissimorum
486 1931 624 1994 virorum
643 1932 778 1995 auxilio:
800 1944 919 1996 veteres
939 1868 1009 1995 idias
1031 1943 1063 2007 et
1082 1941 1129 1995 tot
1142 1930 1296 1996 bellorum

228 2018 372 2095 victores,
386 2026 553 2104 postquam
567 2017 600 2080 in
619 2028 786 2102 conspectu
802 2017 841 2080 sit
860 2016 967 2094 hostis,
990 2015 1077 2079 velut
1098 2039 1138 2079 ex
1160 2017 1225 2080 acie
1243 2018 1297 2081 ab·

229 2102 321 2166 duci:
352 2104 377 2166 si
401 2102 559 2189 provincia
582 2100 660 2164 urbe
681 2113 712 2165 et
733 2101 832 2165 salute
854 2102 993 2189 Imperii·
1006 2101 1110 2188 potior
1125 2101 1175 2181 sit,
1190 2110 1297 2167 onines

228 2188 304 2252 illuc
315 2200 530 2277 sequerentur:
548 2186 594 2251 siu
605 2187 742 2251 victoriae
753 2188 876 2265 sanitas,
889 2186 1144 2263 sustentaculum,
1155 2186 1297 2253 columen

167 2339 170 2344 ,
228 2274 263 2336 in
277 2274 368 2337 Italia
377 2286 561 2352 verteretur,
571 2295 634 2336 non
645 2272 885 2361 abrumpendos,
898 2285 935 2336 ut
949 2272 1082 2359 corpori,
1093 2273 1297 2342 validissimos

229 2361 347 2423 artua.”
1257 2372 1259 2378 “

273 2445 405 2510 ΧΧΙΧ.
429 2443 509 2510 Haec
520 2443 663 2509 ferociter
677 2442 833 2528 jactando,
846 2458 916 2532 post
940 2466 1024 2523 uam,
1039 2444 1173 2510 inmissis
1183 2444 1297 2510 lictori-

228 2532 300 2610 bus,
323 2530 441 2596 Valens
460 2554 598 2596 coercere
620 2515 802 2595 seditionem
822 2470 987 2618 coeptabat
1010 2531 1114 2618 ipsum
1133 2531 1298 2614 Invadunt,

230 2641 305 2681 saxa
306 2617 441 2715 jaciunt,
451 2616 623 2703 fugientem
635 2630 821 2704 sequuntur,
838 2623 860 2656 “
871 2617 1146 2705 spoliaGalliarum
1158 2629 1191 2681 et
1200 2618 1298 2682 Vien-

228 2721 369 2768 nensrum
385 2725 499 2768 aurum
518 2716 550 2766 et
565 2700 665 2804 pretia
684 2703 827 2767 laborum
847 2727 973 2768 suorum
989 2704 1173 2784 occultare,”
1192 2703 1297 2767 clami-

231 2800 341 2869 tantes,
357 2788 485 2874 direptis
499 2790 635 2867 sarcinis,
651 2789 848 2852 tabernacula
863 2787 974 2868 Ducis,
988 2790 1150 2876 ipsamque
1163 2789 1296 2853 humum

251 2874 301 2938 ilis
322 2887 354 2940 et
374 2873 488 2938 lanceis
508 2874 717 2938 rimabantur:
747 2895 821 2938 nam
841 2874 960 2940 Valens
982 2875 1083 2939 servili
1104 2886 1189 2938 veste
1210 2874 1297 2962 apud

229 2899 440 3024 itecurionem
470 2961 611 3048 equitum
640 2959 811 3042 tegebatur.
867 2962 953 3024 Tum
983 2959 1150 3047 Alphenus
1177 2961 1300 3040 Varus,

231 3047 403 3112 Praefectus
425 3060 607 3130 castrorum,
629 3043 690 3110 dell
768 3059 821 3109 nte
841 3045 1004 3132 paullatim
1027 3044 1186 3120 seditione,
1209 3045 1298 3110 addit

230 3131 404 3210 consilium,
425 3132 529 3196 vetitis
550 3131 636 3196 obire
657 3132 687 3194 ν’
714 3131 779 3195 ’'as
801 3131 1054 3209 Centurionibus‚
1076 3130 1190 3195 omisso
1212 3131 1298 3196 tubae

230 3239 317 3295 sono,
345 3240 411 3304 quo
438 3216 526 3281 miles
559 3217 601 3280 ad
617 3215 702 3281 belh
735 3217 843 3281 munia
875 3219 985 3282 cietur.
1044 3217 1148 3304 igitur
1175 3227 1298 3304 torpere

229 3303 344 3382 cuncti,
381 3301 636 3390 circumspectare
670 3303 750 3365 inter
786 3326 818 3366 se
851 3301 1003 3369 adtoniti:
1047 3314 1088 3379 et¹
1113 3301 1146 3366 id
1182 3302 1297 3390 ipsum,

230 3390 317 3475 quod
350 3410 443 3454 nemo
475 3399 607 3475 regeret,
644 3400 812 3475 paventes:
852 3387 983 3468 silentio,
1041 3387 1177 3464 atientia,
1214 3400 1299 3474 posta

229 3498 316 3539 remo
343 3475 488 3574 precibus
516 3485 563 3539 ac'
580 3473 725 3562 lacrymis
753 3473 876 3538 veniam
905 3413 1097 3562 quaerebant.
1149 3471 1195 3538 Ut
1224 3489 1300 3538 vero

229 3561 377 3626 deforma
405 3572 436 3625 et
464 3560 542 3625 flens
570 3570 602 3624 et
628 3571 743 3647 praeter
772 3583 859 3648 spem
890 3559 1061 3624 incolumis
1080 3557 1199 3626 Valens
1227 3581 1299 3646 pro7

262 3735 398 3781 Retattmm
420 3734 451 3782 V.
459 3734 493 3782 Η.
504 3735 526 3795 l,
536 3735 575 3783 59.
584 3734 623 3780 64
634 3732 697 3781 Mox
703 3749 746 3781 ea.
782 3731 952 3797 elegantiarum
962 3733 1105 3782 cunseudens
1114 3741 1156 3782 ent.
1184 3733 1240 3782 Non
1251 3746 1301 3782 esse

222 3802 270 3861 με
279 3799 378 3860 Quale
418 3814 450 3846 or.
461 3799 525 3847 Bud.
534 3799 594 3861 Agr·
783 3811 837 3846 nse
853 3795 994 3848 divellendae
1008 3793 1117 3860 Batavos,
1135 3797 1198 3862 quod
1213 3799 1233 3847 si
1249 3799 1298 3860 flag

262 3863 439 3927 Epetuioatla]
457 3863 588 3912 aeuum
606 3862 696 3911 eBud.
713 3860 746 3910 sic
782 3862 973 3926 nihilaliudagb
998 3864 1300 3928 uamtiartusaoorpmc

228 3937 253 3976 et
270 3928 363 3976 Puteal.
378 3928 419 3977 aad
435 3927 543 3976 Alanus
560 3927 745 3992 prnpnaidonern
783 3929 958 3990 abrumpamur.
976 3879 1047 3976 lina.

227 3992 342 4042 annuat.
771 4050 775 4056 Ι
818 3993 889 4040 Ootre
904 3991 1013 4058 uigilias]
1037 3993 1135 4043 Dehoc
1151 3991 1299 4056 rimegoIn

262 4060 307 4106 Sta
318 4059 535 4122 nomenoius]
550 4057 589 4105 Sic
597 4055 670 4106 MSS.
681 4055 744 4106 rior.
783 4053 1019 4114 attumulatus.
1043 4059 1118 4108 Ierrs.

228 4121 529 4187 BudReg.cd.pr.Rben.
540 4136 604 4186 seqq·
620 4118 745 4170 neonus
817 4122 925 4182 Silentia,
938 4124 1070 4187 pallentia]
1088 4121 1183 4182 Malim,
1197 4123 1298 4179 nmio,

229 4185 297 4234 Harl.
304 4185 374 4236 Boot
382 4187 435 4236 edd
444 4187 534 4236 Puteal
543 4185 598 4234 Ber.
607 4187 663 4234 Alc.
671 4188 745 4234 noto-
778 4189 925 4248 punitentia
939 4187 1016 4235 ers.
1032 4189 1157 4236 Patientia
1166 4198 1245 4234 omnes
1256 4199 1301 4236 scr..

228 4253 395 4327 qtasaatme
409 4252 468 4300 illud
478 4267 567 4300 veram.
595 4251 657 4301 Mox
668 4248 745 4299 Hein-
783 4250 865 4326 osque
888 4251 1113 4328 Pauenteraeraette
1120 4248 1299 4299 laetaniarum

228 4443 282 4495 farri
295 4454 379 4510 potest,
397 4453 419 4492 et
432 4444 591 4498 osmundus
608 4445 744 4517 scriptorum
784 4446 840 4492 laer.
858 4443 1032 4494 Rbeataflud.
1059 4438 1257 4500 Prius'bgtbatur
1269 4447 1298 4490 tt
