3059 4975
237 268 296 329 ais
627 266 930 328 HIsTOIilAliUM
1134 272 1180 344 [Δ.
1195 286 1225 329 a.
1239 272 1307 330 eat.

284 428 417 495 XLIV.
441 430 590 517 Ifroximo
606 434 734 508 Senatu,
748 431 912 495 inchoante
923 429 1056 507 Caesare,
1072 435 1095 469 “
1105 429 1309 498 deabolendo

240 516 347 596 dolore
363 516 482 603 iraque,
500 532 531 581 et
551 518 692 604 priorum
710 528 886 603 temporum
910 514 1173 594 necessitatibus,''
1189 518 1310 583 censuit

244 602 412 667 Mucianus
426 603 546 688 prolixe
560 625 618 688 pro
632 601 885 667 adcusatoribus:
908 601 1001 666 simul
1015 625 1078 677 eos,
1092 601 1149 686 qui
1162 616 1309 689 emptam,

242 688 315 753 dein
329 687 484 767 omissam
500 686 652 755 actionem
673 701 858 774 repeterent,
878 686 1000 751 monuit
1020 708 1160 752 sermone
1177 688 1264 753 molli
1277 702 1310 755 et

244 788 403 859 tamqnam
428 786 561 862 rogaret.
608 774 719 839 Patres
739 787 907 860 coeptatam
930 772 1116 851 libertatem,
1141 788 1310 861 postquam

243 859 366 924 obviam
376 858 466 938 itum,
476 860 614 925 omisere.
642 858 823 937 Mucianus,
834 858 986 945 resperni
999 861 1131 924 Senatus
1141 859 1309 947 judicium,

242 958 274 1009 et
288 944 408 1009 cunctis
427 947 487 1011 sub
501 948 625 1011 Nerone
640 944 782 1009 admissis
800 944 875 1009 data
889 944 1049 1032 inpunitas
1068 943 1233 1024 videretur,
1249 950 1310 1011 Oe-

242 1030 362 1097 tavium
387 1031 539 1119 Sagittam
562 1045 593 1097 et
613 1029 788 1097 Antistium
811 1030 987 1109 Sosianum,
1010 1030 1161 1101 Senatorii
1182 1031 1309 1113 ordinis,

241 1140 380 1204 egressos
393 1118 547 1197 exsilium,
562 1118 595 1181 in
609 1116 731 1181 easdem
749 1114 866 1179 insulas
884 1116 1015 1214 redegit.
1059 1117 1213 1185 Octavius
1226 1120 1310 1185 Pon·

242 1203 318 1267 tiam
330 1204 536 1282 Postumiam,
552 1217 603 1269 stu
625 1224 661 1267 m
672 1200 828 1288 oognitam
838 1214 870 1265 et
884 1216 1010 1289 nuptias
1024 1225 1096 1268 suas
1109 1202 1308 1282 abnuentem,
1329 1203 1336 1228 ¹

241 1288 385 1376 inpotens
396 1290 508 1353 amoris
517 1226 731 1362 interimerem
749 1286 897 1353 Sosianus
906 1286 1059 1375 pravitate
1068 1310 1192 1353 morum
1205 1289 1312 1355 multis

241 1375 398 1439 exitiosus.
441 1373 549 1446 Ambo
593 1374 659 1438 ravi
683 1374 817 1439 Senatus
836 1372 978 1438 consulto
991 1372 1131 1437 damnati
1152 1374 1309 1461 pulsique,

242 1459 385 1546 quamvis
403 1481 546 1535 concesso
564 1397 632 1524 aiiis
653 1458 768 1537 reditu,
788 1458 821 1523 in
844 1459 952 1523 eadem
1027 1482 1069 1525 na
1091 1460 1204 1523 retenti
1225 1475 1310 1527 sunt.

241 1546 308 1609 Nee
323 1545 393 1609 ideo
408 1544 503 1611 lenita
516 1570 591 1633 erga
606 1544 794 1611 Mucianum
807 1544 935 1610 invidia.
967 1482 1098 1632 diiippe
1114 1545 1261 1612 &danus
1273 1569 1311 1611 ae

242 1630 363 1717 Sagitta
376 1630 462 1712 viles,
476 1634 570 1697 etiam
588 1631 614 1695 si
629 1644 874 1696 reverterentur:
896 1629 1116 1696 adcusatorum
1137 1629 1261 1717 ingenia
1280 1644 1314 1698 et

240 1729 360 1804 opeset
374 1717 509 1783 exercita
522 1716 611 1783 malis
625 1716 745 1782 artibus
759 1716 899 1816 potentia
912 1715 1113 1783 timebantur.
1291 1778 1296 1785 .

292 1804 401 1869 XLV.
425 1802 650 1869 Reconciliavit
673 1802 842 1891 paullisper
864 1801 969 1867 studia
990 1805 1125 1868 Petrum
1146 1802 1256 1871 habita
1275 1804 1310 1872 ia

243 1892 358 1955 Senatu
372 1890 509 1978 cognitio
523 1889 693 1956 secundum
708 1902 843 1955 veterem
857 1910 984 1953 morem.
1029 1888 1170 1955 Manlius
1184 1882 1310 1957 Patrui-

242 1988 304 2056 tus,
320 1976 462 2055 Senator,
479 1984 501 2016 “
516 1976 676 2063 pulsatum
691 1999 723 2041 se
736 1975 769 2040 in
784 1973 904 2039 aolonia
918 1973 1048 2041 Senensi
1061 1988 1147 2043 coetu
1166 1975 1310 2043 multitu-

276 2185 381 2247 cepam
393 2182 534 2250 literana]
568 2182 644 2232 Prisci
655 2184 708 2232 libri
719 2199 763 2233 aar·
792 2183 851 2232 sicia
873 2183 1008 2231 Senatoren
1028 2198 1147 2247 aspergam
1164 2184 1248 2233 licebat
1265 2186 1311 2234 im.

238 2255 351 2311 param.-
369 2249 646 2313 eanovelimeeptarn
659 2255 761 2299 tamam.
791 2263 872 2310 pune.¹
893 2247 1015 2298 Amabius
1028 2248 1045 2295 1.
1058 2250 1082 2298 4.
1094 2264 1118 2311 p.
1135 2248 1189 2297 lea
1222 2251 1310 2312 Magi-

242 2314 317 2363 lrrse.
353 2314 484 2375 Captatam
502 2314 574 2362 lllSS.
593 2313 655 2363 Flor.
673 2314 759 2375 (Bud.)
790 2314 1310 2375 sentententiamreitgae,seratam

242 2378 323 2427 Gnell'.
333 2378 384 2426 edd.
395 2377 487 2426 Puteal.
497 2378 550 2427 Ber.
560 2377 615 2426 Alc.
625 2394 675 2443 sqq.
687 2394 761 2444 usque
791 2384 833 2425 aat
843 2379 947 2425 eonomio
954 2380 1075 2440 prosequi,
1086 2380 1137 2425 sair
1147 2392 1194 2425 esre
1201 2379 1311 2428 demerita

240 2443 271 2492 sd
289 2443 398 2493 Rhenani
419 2442 554 2504 secundam,
576 2442 602 2492 in
620 2458 669 2508 qua
687 2458 760 2494 esrom
787 2443 1105 2505 periculosissimarum
1128 2442 1310 2493 saumata

238 2523 362 2571 operarum
381 2516 471 2570 ceptam
488 2508 586 2564 editum,
603 2507 665 2556 unde
680 2509 705 2556 in
718 2510 760 2558 ni.
790 2509 915 2556 Illestrern
934 2522 963 2553 ae
978 2514 1148 2569 praepotentem
1167 2511 1250 2558 airam
1270 2524 1310 2558 ns-

240 2573 333 2637 psisnas
352 2573 414 2620 venit
436 2582 459 2620 et
477 2573 540 2620 alias.
575 2572 677 2620 Picheua
695 2582 761 2620 vetris
792 2587 909 2632 quaquam
924 2573 1065 2619 exinterari
1080 2589 1096 2618 a
1106 2587 1222 2635 qnisquam
1237 2576 1309 2632 iicet,-

241 2633 349 2684 rsddidit.
382 2635 429 2685 Sed
445 2635 480 2684 ed.
492 2652 527 2700 pr.
539 2643 636 2698 ceptam
654 2637 760 2684 aalaata-
791 2642 813 2682 et
831 2638 853 2682 si
869 2638 993 2696 qaisquam
1008 2637 1197 2697 exhonoraverit,
1212 2638 1311 2688 deeretis

240 2707 296 2750 iem.
313 2701 386 2750 Eun.
410 2701 504 2748 lunata
514 2699 681 2763 Lipsiiiterum
692 2713 762 2762 greve
791 2699 904 2761 agarum
921 2711 977 2746 reas
999 2701 1103 2758 sistitur,
1120 2707 1144 2748 et
1162 2703 1311 2765 infirmarem

239 2766 362 2827 ruendam,
378 2765 472 2830 utrique
483 2764 636 2813 Grmorisao
650 2773 675 2814 et
686 2765 760 2814 Erne-
791 2765 1080 2828 aactmjaredamsetw.
1096 2765 1171 2814 lass
1197 2767 1264 2825 Quid
1274 2769 1310 2815 in.

240 2831 308 2880 atina
320 2830 415 2880 editiora
424 2830 546 2888 inherens,
558 2828 647 2878 sustuli.
791 2829 856 2877 tersit
871 2829 931 2877 inter
943 2830 1042 2891 paleare
1059 2837 1083 2878 et
1099 2833 1230 2892 verberare,
1243 2832 1310 2882 donst

276 2897 403 2945 Octaviam
415 2895 548 2959 Sagittam]
581 2893 705 2956 Adjiciunt
716 2897 761 2943 Sa·
792 2893 909 2955 Ulpianus
919 2893 951 2940 D.
962 2894 1001 2948 47.
1013 2901 1030 2942 t.
1043 2893 1081 2943 la.
1091 2895 1144 2944 lsi.

242 2962 323 3010 imam
334 2960 396 3010 rior.
409 2960 497 3027 (Bud.)
510 2959 589 3008 (laeli.
601 2961 669 3009 Harl.
681 2959 759 3008 Oxon.
826 2960 924 3007 Colorria
937 2960 1047 3023 Senensi]
1075 2961 1183 3008 Seniensi
1197 2959 1309 3010 inviae

241 3025 302 3089 Agr.
315 3034 359 3075 etc.
375 3025 411 3076 ed.
423 3041 458 3090 pr.
473 3024 564 3073 Puteal.
575 3025 630 3072 Ber.
644 3023 700 3072 Alc.
713 3025 760 3073 Oe·
791 3036 888 3086 semper.
913 3022 989 3071 lars.
1023 3024 1085 3072 Item
1098 3025 1135 3072 st
1152 3023 1212 3088 Agr.
1229 3027 1311 3075 Guelf.

241 3093 335 3150 maiam
350 3093 466 3140 Sabinam
479 3090 608 3150 Sagittam.
640 3089 718 3152 Supra
728 3089 759 3138 A.
790 3087 972 3137 abiSerriienri.
1003 3087 1051 3136 Ed.
1062 3091 1219 3152 ansmeasi,
1231 3089 1312 3140 vitiose

243 3155 282 3215 13,
294 3157 335 3204 44.
346 3153 518 3212 diciturrnodo,
532 3155 647 3202 Octaviae
656 3155 762 3214 Sagitta.
790 3151 1007 3216 siveproSeaenri‚
1018 3153 1067 3202 sive
1090 3157 1247 3204 asanaa.-
1265 3156 1311 3206 Ge-

241 3219 297 3279 Sed,
307 3219 333 3266 iu
343 3227 408 3268 tanto
418 3219 531 3266 librorum
541 3231 662 3277 consensu,
673 3217 761 3268 adden·
790 3223 845 3264 tera
855 3216 908 3264 edd.
918 3231 1000 3266 amnes
1007 3227 1061 3266 ante
1093 3218 1135 3282 'ps
1152 3222 1266 3272 &meris
1283 3229 1312 3269 ut

240 3283 299 3332 dum
317 3283 406 3348 putari.
430 3283 503 3332 Ean.
536 3281 582 3330 Sed
600 3283 621 3332 is
639 3297 761 3336 mnsensas
792 3279 866 3330 MSS.
877 3290 977 3357 putarer
986 3298 1024 3345 sp.
1035 3283 1176 3332 Broteeium.
1207 3285 1312 3334 asinis

240 3349 761 3476 trisitatfflsttitmltt
791 3345 1312 3484 trititiiyzttffiittttt

240 3494 293 3526 enm
304 3491 390 3527 nomen
401 3477 467 3538 ejecit
478 3485 500 3524 et
512 3475 573 3524 Irall.
792 3489 867 3538 ipsam
882 3477 967 3536 arbem
979 3478 1076 3524 &niam
1086 3475 1181 3534 dictam,
1192 3477 1266 3527 soluit
1280 3494 1311 3527 ex

280 3545 392 3592 Manliae
404 3542 541 3606 Patricius]
565 3540 642 3589 Vatia
656 3541 759 3590 etliom.
790 3539 1240 3604 inscr.antiqus'dooereJ.Gronosius=
1258 3543 1312 3605 qui.

242 3610 379 3656 Patruitus.
411 3608 517 3656 Fortasse
528 3607 680 3654 Patauinae.-
698 3606 760 3668 qaod
790 3605 835 3652 bas
851 3614 874 3651 ei
888 3604 947 3652 adsti
989 3612 1043 3651 atur
1053 3603 1167 3653 cellarius
1182 3605 1208 3654 in
1224 3605 1312 3671 Geagr.

239 3669 760 3734 nomeninSymmschiepistolisplussemel
790 3670 909 3726 satzi.
974 3669 979 3679 '
999 3668 1091 3716 'tutius
1107 3669 1183 3718 ristun
1200 3679 1311 3730 astrum

239 3737 309 3798 leges.
343 3737 420 3786 lass.
453 3737 584 3783 Patraitar
605 3735 675 3784 etiarn
696 3734 758 3784 Flor.
792 3731 1086 3796 Broteriosequiasitsmm
1094 3734 1232 3798 scripturam
1239 3736 1311 3798 huius

238 3801 326 3862 (Bud.)
341 3801 401 3862 Agr.
419 3799 456 3849 ed.
476 3815 510 3862 pr.
531 3809 554 3846 st
572 3798 642 3846 simul
659 3807 758 3847 serrator.
789 3796 1311 3864 nominiseiMSSquimmretinmaqusm

239 3865 305 3912 Illud
327 3865 437 3923 Pichena,
460 3865 505 3912 hoc
522 3863 549 3911 J.
569 3864 641 3912 Gran.
664 3863 756 3928 recepit.
789 3862 1309 3926 quiabessbeuntrpmertimcumsdrem,

239 3929 320 3992 Vulgo
336 3931 449 3977 serrator-ii
464 3930 564 4004 ordinis,
579 3928 643 3992 quod
657 3944 670 3976 e
685 3943 704 3976 c.
718 3931 756 3976 44.
789 3941 861 3989 quem
872 3941 934 3991 sepe
944 3937 967 3974 et
975 3927 1038 3976 varie
1048 3929 1144 3976 nomina
1153 3929 1275 3978 hominnm
1286 3939 1310 3978 et

238 4003 322 4044 natum
339 3994 437 4042 videtur.
456 3993 536 4042 Guelf-
558 3995 649 4042 ordinis
668 4000 759 4042 sermio-
788 3991 892 4038 locorum
906 3993 932 4040 in
948 3992 1013 4041 libris
1027 3993 1117 4056 scriptis
1129 4001 1154 4041 et
1166 3992 1218 4041 edd.
1228 3994 1310 4043 sitista

238 4075 302 4107 ram
333 4060 430 4108 Veteres
448 4058 501 4106 libri
518 4074 560 4108 scr.
579 4058 757 4108 stoddenstat
788 4055 848 4112 sint3
871 4056 978 4120 inprimis
993 4057 1020 4104 in
1036 4058 1102 4105 libris
1119 4057 1192 4106 Plinii
1206 4058 1311 4121 majoris.

237 4126 333 4176 Melias
349 4124 508 4182 velMallias‚
525 4124 609 4172 usitata
625 4122 758 4172 inseitli-
788 4121 863 4171 lias.
895 4121 958 4170 Bnd
969 4122 1009 4170 hie
1019 4123 1134 4185 Seniensi,
1145 4136 1203 4170 max
1213 4124 1310 4172 Senten-

237 4190 284 4238 bris
305 4189 418 4254 scriptura
438 4189 463 4236 in
484 4188 529 4234 hac
552 4189 652 4235 nomiae
681 4187 754 4236 Ena.
787 4186 858 4233 aare
891 4185 1009 4250 Equidem
1029 4185 1136 4234 Broterio
1155 4195 1179 4234 et
1200 4186 1309 4238 amano

236 4256 338 4304 Senator
353 4253 391 4302 vel
409 4253 499 4300 ordinis
519 4253 638 4299 Senatorii
653 4253 716 4300 deest
731 4252 756 4300 in
787 4251 922 4313 adstipulm.
957 4250 1068 4298 Utenim
1084 4251 1203 4300 svesona
1218 4253 1308 4301 sentit
1371 4303 1387 4327 Ι

236 4319 300 4376 Bud.
328 4318 397 4367 Idem
408 4317 527 4376 Manliae,
539 4317 604 4364 bene.
788 4314 944 4376 veroniensis,
963 4314 996 4362 sic
1013 4330 1056 4364 nec
1071 4331 1087 4364 a
1102 4317 1165 4366 sana
1181 4318 1308 4367 raama

268 4385 396 4431 Peltatam
406 4397 431 4430 se
442 4383 469 4428 ia
478 4381 580 4444 comm]
601 4379 695 4428 Grande
706 4381 754 4444 pri·
787 4380 881 4428 Dicam
892 4389 970 4428 auten
982 4382 1068 4430 Senam
1078 4380 1201 4440 salernem,
1213 4382 1308 4432 edane

235 4446 279 4496 sais
288 4447 335 4499 illie
345 4447 448 4498 moribus
458 4445 545 4495 crirnen
555 4463 562 4494 =
580 4461 634 4496 nam
646 4461 688 4493 nec
700 4460 754 4494 aon·
787 4447 900 4496 Strabone
915 4455 987 4511 patet,
1007 4446 1048 4510 qui
1062 4446 1079 4495 l.
1092 4449 1115 4496 t.
1125 4462 1149 4511 p.
1165 4446 1222 4505 227·
1239 4450 1307 4502 iiras
