3059 4975
263 267 333 312 ac.
348 252 411 327 7a]
635 250 715 309 LIB.
735 253 775 311 ΙΙ.
797 252 886 312 CAP.
907 255 955 312 86.
1272 258 1327 316 147

255 417 351 494 siam,
362 438 436 503 quar
446 415 532 503 apud
547 415 701 481 Vitellium
717 416 894 480 excusanda
908 417 1023 481 erant.''
1046 417 1099 480 Ita
1109 428 1171 481 tres
1182 416 1325 483 Moesicae

254 501 391 588 legiones
404 525 461 589 per
475 501 621 588 epistolas
634 501 822 566 adliciebant
836 502 1051 567 Pannonicum
1073 505 1253 584 exercitum,
1270 518 1327 569 aut

164 586 168 593 ’
254 588 404 652 abnuenti
427 587 492 650 vim
520 588 682 675 parabant.
727 591 768 654 Iu
790 612 827 652 eo
849 602 937 653 motu
958 588 1103 675 Aponius
1126 592 1323 670 Saturninus,

255 674 381 738 Moesiae
395 690 506 753 rector,
528 673 697 761 pessimum
718 675 839 739 i'acinus
854 676 958 753 audet,
973 674 1066 739 misso
1081 677 1270 741 Centurione
1284 679 1326 741 ad

254 758 502 823 interficiendum
517 760 664 824 Tertium
672 759 849 839 Iulianum,
863 761 1002 847 septimae
1016 760 1045 824 le
1068 760 1145 825 'onis
1155 764 1203 826 Le
1224 777 1322 842 atum,

252 846 765 931 obsimultates,quibuscaussam
776 848 914 933 partium
924 784 1145 933 praetendibat.
1166 786 1324 927 Julianus,

253 946 414 1018 comperto
425 931 613 1009 discrimine,
628 944 659 996 et
672 932 777 1019 gnaris
789 933 929 996 locorum·
942 932 1076 1011 adscitis,
1088 956 1146 1081 per
1156 935 1227 999 avia
1241 938 1326 998 Moe·

254 1018 318 1097 siae,
337 1019 423 1083 ultra
435 1029 574 1083 montem
589 1017 740 1083 Haemum
760 1018 921 1105 profugit:
945 1041 1002 1082 nec
1014 1018 1086 1082 dein
1110 1042 1128 1081 e
1141 1020 1223 1083 civili
1241 1020 1324 1085 bello

253 1102 405 1183 interfuit,
430 1128 487 1192 per
507 1104 609 1168 varias
628 1126 732 1168 moras
756 1116 934 1191 susceptum
956 1105 997 1169 ad
1011 1103 1239 1190 Vespasianum
1265 1107 1324 1171 iter

255 1190 390 1268 trahens,
405 1205 490 1255 etex
503 1189 622 1255 nuntiis
636 1190 885 1269 cunctabundus,
900 1203 956 1255 aut
969 1212 1147 1277 properans.

298 1276 494 1340 LXXXVI.
519 1278 568 1340 At
590 1276 624 1340 in
638 1265 811 1341 Pannonia¹
824 1278 919 1341 XIII
934 1275 1016 1363 legio
1037 1300 1073 1341 ac
1088 1275 1159 1342 VII
1176 1276 1322 1355 Galbina,

252 1360 391 1425 dolorem
411 1362 553 1460 iramque
569 1361 780 1426 Bedriacensis
802 1384 919 1449 pugnae
939 1362 1116 1441 retinentes,
1138 1362 1225 1427 haud
1247 1386 1323 1427 cun-

253 1459 374 1511 ctanter
387 1449 576 1536 Vespasiano
589 1471 751 1525 accessere,
765 1448 798 1511 vi
817 1448 912 1535 praeci
934 1472 976 1512 ua
990 1448 1088 1512 Primi
1103 1448 1244 1513 Antonii.
1290 1451 1324 1513 Is

253 1532 265 1595 l
305 1534 376 1598 'bus
397 1556 511 1599 nocens
531 1546 563 1597 et
577 1546 716 1621 tempore
730 1534 864 1597 Neronis
885 1471 953 1598 frisi
972 1535 1148 1613 damnatus,
1170 1535 1251 1598 inter
1264 1534 1324 1599 alia

252 1619 293 1683 be
319 1619 433 1699 'mala,
449 1620 648 1684 Senatorium
662 1620 802 1684 ordinem
822 1620 1054 1707 reciperaverat.
1099 1621 1291 1707 Praepositae
1305 1646 1324 1685 a

254 1705 359 1769 Galba
368 1706 509 1794 septimae
519 1705 644 1793 legioni,
659 1706 845 1793 scriptitasse
859 1707 979 1773 Othoni
994 1706 1187 1784 credebatur,
1200 1709 1322 1771 Ducem

254 1813 287 1854 se
299 1793 442 1878 partibus
452 1792 603 1856 offerens:
627 1815 721 1879 aquo
736 1791 905 1878 neglectus,
919 1793 953 1856 in
967 1792 1054 1857 nullo
1067 1792 1239 1857 Othoniani
1250 1794 1323 1857 belli

253 1899 315 1941 usu
343 1877 422 1942 fuitt
435 1904 439 1912 ·
453 1877 632 1941 labantibus
657 1876 773 1941 Vitellii
803 1878 906 1955 rebuS,
934 1879 1158 1965 Vespasianum
1188 1890 1320 1956 secutus,

253 1962 375 2049 mande
388 1976 582 2028 momentum
603 1962 746 2036 addidit3
771 1977 916 2027 strenuus
938 1986 1045 2041 manu,
1062 1986 1201 2028 sermone
1218 1986 1323 2051 prom-

253 2060 339 2135 ptus,
355 2048 493 2112 serendae
500 2048 532 2112 in
542 2048 618 2112 alios
631 2047 757 2113 invidiae
765 2048 889 2127 artifex,
900 2047 1060 2113 discordiis
1075 2062 1107 2113 et
1121 2049 1322 2114 seditionibus

296 2147 374 2212 tens,
388 2158 424 2198 ra
447 2147 505 2212 tor,
519 2134 659 2220 largitor,
674 2157 750 2221 pace
763 2134 926 2221 pessimuS,
940 2134 1023 2199 bello
1037 2158 1100 2198 non
1120 2135 1322 2221 spernendus.

279 2219 366 2284 uncti
383 2158 457 2284 iude
472 2219 596 2283 Moesici
615 2243 651 2283 ac
666 2220 838 2285 Pannonici
853 2221 1017 2300 exercitus,
1033 2220 1244 2285 Dalmaticum
1263 2221 1322 2284 rni-

252 2304 339 2371 litem
353 2319 485 2384 traxere,
496 2328 689 2392 quamquam
701 2306 926 2371 consularibus
938 2306 1065 2394 Legatis
1079 2306 1153 2369 nihil
1169 2306 1323 2370 turbanti-

252 2391 323 2455 bus.
355 2392 451 2457 Titus
462 2395 526 2457 Am
550 2392 600 2457 ius
610 2391 780 2457 Flavianus
791 2392 997 2471 Pannoniam,
1009 2396 1168 2479 Poppaeus
1179 2392 1323 2457 Silvanus

253 2476 446 2544 Dalmatiam
467 2492 538 2543 tene
599 2489 626 2558 t,
647 2476 759 2544 divites
783 2501 877 2545 senes
922 2478 984 2544 Sed
1006 2482 1195 2544 Procurator
1215 2478 1322 2544 aderat

284 2700 326 2745 Ita
337 2704 385 2746 tres
396 2699 437 2746 M.
451 2692 563 2762 legiones]
588 2697 710 2749 Acidaliae
720 2715 771 2748 eor-
835 2701 980 2764 Flavianus]
1013 2700 1092 2749 Malui
1108 2715 1179 2765 quam
1191 2701 1319 2748 Fabianus.

252 2761 307 2824 tigit
319 2765 390 2826 ιφάκηις
406 2763 470 2826 quod
479 2777 526 2810 non
541 2765 693 2827 necessarium
703 2774 769 2828 puto.
803 2765 970 2813 Famesianum
981 2765 1082 2812 codicem
1097 2765 1166 2813 audio
1176 2773 1200 2812 et
1209 2765 1320 2813 Tacitum

252 2829 294 2873 ito
312 2835 356 2883 est,
375 2826 420 2873 hoc
437 2826 506 2885 facto,
526 2827 563 2874 his
581 2827 611 2875 de
628 2830 721 2887 caussis,
742 2836 770 2876 ut
802 2829 889 2892 ipsum,
902 2829 943 2892 qui
956 2843 1002 2876 non
1016 2829 1082 2876 aliter
1093 2845 1139 2893 seq.
1149 2830 1208 2877 libro
1220 2832 1251 2894 (c.
1262 2833 1284 2876 4.
1297 2839 1320 2878 et

252 2890 316 2950 alibi,
327 2905 369 2954 pro
378 2889 416 2938 his
426 2890 500 2948 dictis,
512 2890 602 2939 dicitur.
630 2893 691 2940 Mox
700 2894 771 2940 verba
805 2894 855 2953 10.)
865 2893 973 2956 appellat.
990 2893 1065 2940 Inrs.
1082 2894 1120 2942 Sic
1132 2903 1154 2941 et
1165 2893 1226 2942 Flor.
1236 2895 1271 2942 ed.
1283 2910 1319 2958 pr.

252 2957 418 3002 Pannonicum
428 2957 557 3003 exercitam
567 2971 589 3003 a.
596 2972 647 3004 av.
653 2959 771 3019 parabant
801 2957 842 3004 Ex
852 2958 932 3006 eodem
944 2957 1005 3004 Flor.
1018 2956 1121 3005 Pichena
1128 2958 1223 3022 insuper
1232 2959 1321 3006 addidit

253 3019 323 3082 (duce
333 3017 408 3081 Bud)
422 3019 506 3068 delevit
516 3021 645 3069 Rhenanus
655 3021 721 3070 etsie
733 3021 770 3068 in·
802 3023 914 3084 Ampiae,
922 3020 1098 3085 qnomodoetii,
1106 3023 1128 3069 4.
1136 3031 1235 3071 vocabar·
1247 3024 1319 3072 Eun.

251 3084 387 3146 terpunxit:
404 3088 440 3130 ita
452 3091 499 3133 trec
510 3087 617 3134 Moesicoe
627 3089 729 3148 legiones
741 3103 768 3148 p.
801 3085 863 3134 Bud.
879 3087 949 3134 Titus
960 3086 1091 3133 Fabianae.

251 3162 287 3209 ep.
298 3149 437 3196 adtendant.
469 3150 546 3198 Vetus
561 3150 769 3214 restituitlaipaius.
834 3153 964 3214 Pompeias
978 3151 1103 3214 Sullanas]
1128 3150 1182 3199 Imo
1198 3151 1318 3200 Siluanus.

252 3211 326 3260 Ean.
802 3216 841 3263 Ita
851 3216 914 3264 enim
930 3216 955 3276 3,
967 3217 1007 3264 tu.
1039 3215 1087 3262 Sca
1104 3217 1180 3262 millia
1191 3217 1317 3265 Dahaeta·

283 3280 317 3325 Ia
328 3291 355 3325 eo
362 3285 427 3326 mota
433 3277 553 3343 Aponius]
571 3278 610 3326 Sic
618 3279 680 3327 mor.
690 3279 770 3327 Guelf.
801 3295 857 3327 ram
873 3281 968 3328 ducebat
980 3281 1106 3342 Pompam
1123 3281 1244 3339 Silvanus,
1258 3283 1318 3330 Coa-

251 3342 340 3406 (Bud)
350 3341 387 3390 edi
395 3358 430 3407 pr.
441 3342 505 3406 quod
515 3343 615 3391 restituit
626 3343 771 3401 Pichenaet
801 3347 890 3391 amoris
906 3359 981 3392 renea.
999 3344 1075 3391 ers.
1109 3346 1181 3393 Recte
1196 3347 1317 3407 Silvanus,

251 3407 277 3454 in
298 3407 405 3470 margine
423 3406 542 3470 scripserat
561 3407 662 3472 Lipsius.
696 3409 770 3456 Metu
801 3409 864 3472 quod
884 3417 956 3456 estet
973 3409 997 3456 in
1013 3409 1077 3456 Flor.
1093 3410 1152 3473 Reg.
1171 3410 1207 3457 ed.
1224 3426 1259 3473 pr.
1278 3411 1318 3458 sed

251 3471 341 3536 primus
354 3471 425 3520 edidit
436 3472 527 3519 Puteal.
539 3471 584 3519 nisi
600 3487 723 3534 operarum
734 3473 769 3520 vi-
800 3471 896 3536 insuper
913 3473 983 3521 etiam
1001 3475 1118 3535 Poppaea
1136 3489 1149 3522 e
1165 3474 1227 3521 Flor.
1247 3475 1318 3524 edidit

251 3536 311 3585 tium
326 3545 369 3595 aet,
385 3545 463 3585 ortum
479 3551 493 3584 e
507 3551 565 3585 mox
580 3537 768 3600 praecedentibus.
800 3535 909 3584 Pichena.
943 3537 1033 3586 Omnes
1053 3537 1093 3584 alii
1111 3538 1164 3586 libri
1181 3539 1317 3601 Pompeiae,

252 3601 324 3648 Ean.
357 3601 435 3651 Seeuti
445 3601 500 3648 Alc.
511 3601 589 3648 Rhea.
801 3601 864 3664 quod
879 3617 960 3650 verum
971 3601 1062 3650 videtur
1073 3601 1173 3666 Ryckio,
1185 3619 1255 3666 quem
1266 3605 1318 3652 vide

285 3666 367 3713 Primi
374 3666 489 3730 Antonii]
507 3666 636 3730 Hegesippi
646 3682 715 3730 super
724 3667 769 3715 hoc
800 3665 872 3728 2113,
890 3669 930 3715 5⁰.
949 3667 971 3725 l,
989 3667 1071 3732 7724,
1090 3667 1130 3721 47.
1146 3668 1216 3732 idque
1233 3670 1318 3731 recepit

252 3730 324 3777 nobili
334 3730 402 3778 Duce
415 3746 516 3778 onorem
531 3745 579 3778 non
595 3731 652 3792 celo,
670 3733 717 3780 eive
732 3748 768 3779 er-
801 3731 929 3780 Broterius.
952 3733 1024 3780 Ean.
1058 3731 1121 3780 Bud.
1133 3735 1261 3797 Pompeius
1278 3737 1319 3782 St.

252 3808 313 3841 rores
329 3795 412 3856 potius.
445 3796 472 3842 Is
483 3795 544 3842 enim
556 3797 581 3854 4,
597 3799 637 3846 29.
648 3796 768 3844 faciteum
801 3797 877 3844 ianua.

252 3859 400 3920 Proficiunt
416 3861 487 3906 tertio
505 3861 585 3908 ordini
602 3862 720 3908 mtlttarie
744 3860 769 3908 id
834 3863 881 3912 Sed
897 3863 1046 3910 Procurator
1063 3863 1156 3928 aderat]
1189 3863 1318 3913 Rhenanus

253 3922 481 3985 esaiegionitertia.
508 3925 586 3988 Atqui
596 3925 769 3989 septimaeprae-
799 3925 884 3974 frustra
904 3935 977 3974 tentat
997 3934 1028 3974 et.
1060 3927 1144 3990 Legati
1165 3928 1200 3976 illi
1221 3929 1256 3977 nil
1275 3945 1318 4005 pro

253 3987 319 4050 ponit
329 4003 384 4034 eum
394 3987 474 4034 statim
483 3996 567 4037 amter.
582 3990 644 4038 Item
655 3990 680 4038 iu
690 3990 771 4054 Mysia
802 3990 955 4054 Vespasiano,
966 3991 1007 4040 sed
1018 3991 1162 4042 Procurator.
1188 3994 1252 4054 Quia
1262 4010 1318 4042 srm-

253 4067 308 4099 eum
317 4052 429 4100 collocat:
447 4061 523 4100 noster
533 4053 594 4102 dare
602 4054 628 4101 in
639 4054 768 4103 Pannonia.
802 4054 893 4118 pliciter
915 4055 1052 4105 Procuratnr
1071 4066 1173 4118 vocabu,
1198 4060 1319 4122 utriusque

251 4115 405 4174 Quisautem
419 4117 592 4180 praeponderare
602 4119 673 4167 fidem
683 4119 770 4167 Gorne-
801 4119 924 4184 provinciae
935 4119 1109 4170 Procuratorem
1119 4123 1190 4172 fuisse
1200 4131 1267 4187 putat
1278 4121 1319 4169 Pi-

251 4179 341 4229 lienam
350 4182 454 4230 nescim?
472 4182 546 4231 Iura
578 4183 656 4232 cade
666 4183 771 4232 Antonio
802 4184 883 4232 chene.
900 4185 972 4235 Ena.
1004 4187 1081 4236 Rhea.
1093 4203 1123 4236 ex
1138 4187 1230 4251 ingenio
1241 4199 1319 4235 emen-

254 4245 293 4304 14,
306 4247 344 4293 40.
802 4251 857 4298 dare
867 4253 980 4314 parabat3
998 4267 1053 4302 nam
1060 4253 1124 4301 Bud.
1133 4251 1203 4300 habet
1212 4253 1268 4300 scd.-
1286 4251 1318 4298 sic

292 4311 487 4375 Reciperaverat]
521 4311 588 4360 Bene
610 4313 643 4362 sic
665 4313 772 4363 distinxit
804 4322 826 4363 et
837 4314 898 4379 Agr.

253 4372 319 4421 Pich.
329 4377 440 4440 probante
450 4375 565 4424 Acidalio.

1096 4446 1152 4506 aa
