3059 4975
237 232 271 288 ts
622 230 927 294 msroamnusr
1156 244 1327 320 [uasta

230 392 264 456 in
285 405 437 459 secretum
459 394 547 459 Asiae
569 418 604 461 re
660 397 733 477 itus,
756 412 820 463 tam
838 420 936 487 prope
953 398 995 463 ab
1014 399 1120 466 exsule
1138 399 1211 481 fuit,
1230 426 1326 491 quam

229 491 339 577 postea
357 503 377 543 a
396 478 549 568 Principe.
591 418 747 562 Iiiiiruria,
770 483 932 563 industria,
954 484 1109 565 comitate,
1131 487 1325 576 admgarttia,

216 565 319 629 malis
329 564 482 653 bonisque
491 566 611 632 artibus
624 569 758 634 mixtus:
775 569 879 635 nimioe
893 568 968 634 volu
991 583 1079 652 tates,
1094 594 1164 639 cum
1181 588 1322 651 vacarem

229 651 351 738 quoties
361 651 552 738 expedierat,
563 676 688 741 magnae
698 654 846 720 virtutes:
968 592 1102 737 iaudes3
1118 672 1233 724 secreta
1244 661 1325 726 male

228 736 409 804 audiebant.
445 737 507 801 Sed
517 740 604 825 apud
616 742 781 828 subjectos,
793 764 856 829 apu
890 740 1059 829 proximos,
1070 743 1157 830 apud
1168 744 1322 833 conlegae,

227 823 321 887 variis
334 823 495 888 inleceb1is
508 838 636 911 potens3
659 843 691 891 et
709 827 761 891 cui
783 826 959 979 expeditius
972 826 1068 893 fuerit
1081 827 1204 895 tradere
1218 832 1326 921 lmpe·

227 910 321 989 rium,
336 934 431 998 quam
446 910 595 975 obtinere.
632 913 757 977 Bellum
772 914 795 976 J
797 935 818 977 u
842 912 944 978 alcum
959 910 1089 979 Flavius
1103 916 1322 1002 Vespasianus,

227 1002 352 1065 Ducem
372 1020 447 1062 eum
466 999 552 1068 Nero
572 996 740 1083 delegerat,
763 998 863 1065 tribus
884 997 1058 1086 legionibus
1078 1000 1321 1069 administrabat.

227 1089 295 1151 Nec
309 1084 497 1171 Vespasiano
510 1081 659 1147 adversus
675 1083 811 1148 Galbam
827 1098 935 1150 votum
949 1098 1006 1149 aut
1019 1086 1151 1151 animus.
1196 1088 1322 1179 Quippe

227 1172 352 1250 Titum,
367 1170 478 1247 filium,
493 1168 534 1232 ad
548 1169 776 1233 venerationem
790 1168 973 1258 cultumque
983 1170 1053 1259 ejus
1063 1172 1198 1253 miserat,
1213 1186 1250 1239 ut
1264 1198 1322 1241 suo

224 1257 293 1324 loco
312 1255 561 1321 memorabimus.
605 1254 738 1320 Occulta
754 1254 824 1343 lege
842 1255 900 1321 fati
919 1270 951 1322 et
966 1257 1094 1323 ostentis
1111 1282 1147 1323 ac
1167 1261 1322 1347 responsis

225 1342 417 1494 deeeprpittum
427 1338 616 1430 Vespasiano
625 1339 792 1428 liberisque
803 1342 871 1429 ejus
884 1342 1066 1431 Imperium,
1080 1344 1152 1431 post
1162 1344 1320 1412 fortunam

225 1452 259 1496 cr
299 1452 309 1492 1
343 1452 423 1494 mus.

267 1515 332 1580 ΧΙ.
365 1515 544 1600 AEgyptum
570 1511 749 1599 copiasque,
783 1513 898 1601 quibus
922 1526 1125 1594 coerceretur,
1150 1516 1216 1603 jam
1246 1516 1320 1584 iude

223 1626 244 1667 a
268 1602 313 1666 D.
340 1603 499 1685 Augusto,
522 1596 657 1684 Equites
678 1598 815 1664 Romam
836 1599 977 1665 obtinent
996 1599 1064 1665 loco
1084 1600 1222 1688 Regum.
1267 1604 1320 1669 Ita

223 1688 326 1752 visum
347 1684 505 1772 expedire,
534 1683 724 1771 provinciam
745 1684 834 1749 aditu
856 1684 1020 1764 difficilem,
1051 1706 1183 1751 annonae
1209 1688 1319 1753 fecun-

222 1774 308 1852 dam,
329 1770 546 1857 superstitione
565 1792 601 1833 ac
619 1768 744 1834 lascivia
760 1768 934 1835 discordem
957 1792 993 1835 aa
1008 1770 1164 1851 mobilem,
1190 1772 1318 1839 insciam

221 1860 337 1948 legum,
353 1858 492 1945 ignaram
516 1854 774 1943 Magistratuum,
795 1855 881 1925 domi
901 1855 1043 1923 retinere.
1087 1858 1232 1943 Regebat
1248 1871 1317 1926 tum

253 2066 494 2130 IasecretumAsie]
512 2062 752 2127 Iabyciam,utopi·
784 2058 874 2122 (Bnd.)
890 2060 968 2109 ousta
984 2061 1021 2110 ed.
1036 2078 1071 2125 pr.
1093 2062 1185 2112 Puteol.
1208 2064 1317 2116 Beroald.

220 2148 272 2192 nor,
289 2133 363 2196 specie
378 2130 519 2193 Legationie.
546 2127 637 2188 Collige
651 2142 664 2174 e
678 2125 751 2173 Plinii
784 2126 838 2173 Alc
850 2126 1042 2174 Memorauimus
1051 2126 1179 2175 Rhenanus
1190 2130 1257 2178 tacite
1268 2130 1317 2178 adi·

223 2199 287 2255 12,l
309 2199 357 2260 (a)
372 2198 485 2244 Licinias
496 2193 628 2239 Marianus
639 2197 676 2238 ter
689 2191 751 2237 Coa-
783 2189 830 2238 dits
850 2189 980 2249 utneecies,
992 2206 1022 2239 aa
1033 2192 1236 2242 consultabitur.
1269 2194 1317 2245 Vi.

220 2264 266 2319 sal,
278 2269 300 2309 et
312 2275 386 2323 rrupcr
393 2259 525 2320 provincia
536 2259 585 2317 ejas
593 2253 695 2317 (byciae)
703 2256 751 2302 Le·
783 2253 851 2302 detur
861 2254 943 2301 vitium
954 2270 1002 2303 esse
1013 2254 1159 2319 typographi.

217 2334 298 2386 gatus.
316 2326 391 2372 hirs.
416 2322 462 2369 Pro
470 2323 594 2383 repositus,
606 2318 669 2383 quod
680 2318 750 2367 ertia
818 2317 932 2381 Osteatis]
950 2318 987 2367 Of.
995 2320 1056 2368 infra
1066 2322 1091 2380 2,
1103 2320 1143 2376 78.

217 2391 284 2439 libris
299 2389 416 2447 omnibus,
433 2384 555 2433 Acidabus
571 2384 673 2431 malebat
684 2399 751 2446 sepo·
816 2384 876 2431 Post
885 2384 948 2447 sort.
960 2382 1115 2446 credidimus]
1132 2384 1177 2434 ie.
1189 2394 1314 2451 postquam

219 2458 288 2515 situs,
306 2452 369 2518 quod
384 2460 418 2500 est
431 2464 487 2500 sane
500 2450 596 2498 verbum
606 2447 749 2498 ordinarium
782 2448 932 2512 cognovimus
951 2448 1069 2498 fortunam
1086 2449 1230 2515 Vespasiani,
1248 2460 1314 2516 post-

218 2521 341 2568 inhacre.
358 2519 431 2566 Etru.
782 2528 853 2577 quam
866 2514 996 2577 Imperator
1005 2515 1080 2563 faetus
1091 2523 1132 2564 est.
1159 2517 1313 2565 Credidimus
1351 2525 1354 2532 '

253 2586 350 2641 Quoties
360 2578 505 2645 expedierat]
528 2580 650 2641 Expedire
664 2577 702 2626 hic
717 2577 749 2626 ei-
782 2585 816 2625 est
832 2578 921 2627 medere
937 2579 1056 2644 coepirnus.
1080 2579 1120 2627 Ita
1135 2579 1262 2642 perfectum
1275 2582 1314 2630 di-

217 2649 313 2713 gnificat
327 2647 352 2695 in
366 2646 545 2710 expeditionem,
562 2642 748 2692 siveadbellum
781 2641 855 2701 citur3
883 2643 971 2709 alioqui
992 2658 1040 2693 esse
1066 2642 1159 2693 deberet
1184 2647 1311 2695 credimus.

217 2712 338 2778 proficisci,
355 2720 382 2760 ut
391 2711 452 2759 infre
465 2727 485 2759 a
497 2711 538 2758 88.
554 2711 589 2764 (et
600 2709 639 2769 15,
652 2707 705 2772 lb.)
720 2716 749 2756 ut
780 2705 854 2756 Eure.

214 2779 266 2840 jam
277 2779 317 2826 alii
327 2785 443 2826 notarunt.
459 2775 532 2824 Ean.
813 2772 957 2834 AEgyptum,
966 2775 1021 2838 J'um
1037 2775 1091 2821 iude
1107 2788 1122 2820 a
1138 2776 1173 2823 D.
1187 2773 1312 2838 aimaro]

250 2845 339 2892 Palam
354 2842 472 2900 laudares,
489 2844 577 2888 serrem
593 2838 653 2886 male
668 2838 748 2886 audic-
781 2837 858 2900 Supra
867 2838 935 2896 M,
946 2839 986 2887 bb.
1012 2839 1081 2887 Nam
1096 2839 1231 2902 Augustus,
1247 2841 1311 2889 inter

217 2910 282 2969 baut]
302 2906 360 2956 Coa
371 2905 437 2954 Bud.
446 2905 556 2964 habebat,
571 2903 654 2966 polam
668 2904 747 2950 bures
779 2903 828 2948 alio
848 2903 1016 2950 decolorationis
1034 2917 1131 2962 areana,
1153 2905 1241 2964 uetitis,
1261 2906 1310 2954 siri

217 2981 305 3021 acerem
320 2972 381 3019 male
397 2971 512 3017 audiebat.
545 2966 694 3024 Graecismus,
710 2982 746 3015 se-
775 2968 904 3029 permissu,
913 2968 1010 3030 ingredi
1019 2968 1171 3016 Senatoribus
1181 2975 1223 3016 aut
1232 2971 1310 3031 Equi-

217 3045 281 3086 creta
291 3038 352 3085 maie
362 3037 479 3094 audiebat,
495 3047 542 3080 non
556 3031 692 3095 displicebm
703 3045 745 3079 nec
779 3031 841 3078 tibus
849 3032 981 3079 illustribus
990 3033 1113 3091 Romanis,
1123 3034 1310 3096 seposuitAEgy.

216 3102 394 3162 Rhenano,uea
404 3099 504 3162 Ryckio,
520 3097 563 3161 qui
575 3095 745 3159 etipseinsuo
773 3101 854 3157 ptum.
885 3095 1002 3144 Arrianus
1019 3095 1044 3144 id
1060 3094 1148 3144 consilii
1161 3098 1309 3162 exmnplique

216 3167 272 3216 Ms.
288 3167 389 3215 habehat
404 3165 519 3212 audiebrd.
539 3162 561 3211 E
578 3161 657 3208 loures
671 3159 745 3222 possis
758 3186 762 3190 Α
776 3161 807 3208 ab
822 3159 959 3209 Alexandro
980 3160 1071 3224 Magno
1092 3175 1139 3209 esse
1160 3170 1244 3221 mutet,
1266 3161 1308 3227 qui

215 3230 399 3292 mnneobigere
403 3231 485 3290 palam
492 3228 580 3284 bader,
587 3223 742 3275 substantive:
776 3223 1013 3285 (utbaurans)
1037 3226 1063 3272 ia
1081 3227 1166 3287 pheres
1203 3228 1308 3290 resectos

215 3295 335 3361 quodnon
346 3293 447 3343 dubitari
457 3299 540 3356 potest,
553 3289 612 3355 quin
621 3288 744 3338 sitmelius
777 3290 912 3352 AEgyptum
934 3291 1057 3339 distribuit
1082 3297 1125 3338 etc.
1192 3291 1256 3338 autin
1277 3292 1307 3339 sb

215 3362 318 3424 vulgato.
361 3358 407 3407 Sed
428 3357 499 3407 etiam
520 3355 599 3405 libea-
623 3355 742 3402 tentabam
776 3353 913 3402 Alexandro
926 3368 975 3402 csse
989 3353 1080 3417 potuit3
1098 3362 1240 3403 nontamen
1253 3354 1307 3403 imi-

210 3429 294 3490 palam
304 3426 400 3472 bullari
413 3431 526 3479 naamam,
541 3428 569 3469 ut
582 3427 639 3483 puto
651 3418 743 3467 melius.
776 3417 848 3466 tutior
867 3418 923 3482 qnia
932 3417 973 3466 ille
984 3417 1010 3465 in
1019 3417 1106 3482 plures,
1118 3418 1156 3467 isti
1167 3418 1208 3467 uui
1220 3419 1308 3483 parmi.

215 3492 262 3540 Sed
277 3500 355 3539 tamen
371 3489 493 3553 vulgatum
508 3485 578 3534 etiam
594 3483 650 3532 ferri
659 3490 743 3546 potest,
776 3490 871 3540 serantt
888 3482 1038 3531 sediaflrmo.
1057 3482 1134 3532 Iure.
1155 3483 1210 3532 MS.
1226 3483 1307 3533 (tuuf.

215 3557 279 3620 quod
294 3555 319 3603 in
333 3554 442 3603 omnibus
457 3550 522 3600 libris
536 3549 624 3614 κριτής
641 3557 665 3596 et
679 3547 744 3594 illius
776 3548 956 3610 AEgyptumque
971 3549 1100 3611 capiasque.
1135 3547 1197 3597 Mox
1215 3546 1307 3597 videtur

215 3620 358 3683 corruptela,
369 3616 599 3672 laureseiaudares,
612 3614 663 3674 jam
673 3625 744 3673 supm
775 3626 825 3659 esse
850 3610 933 3661 debere
958 3619 1086 3671 coercetur,
1103 3613 1139 3661 vel
1164 3619 1305 3660 coerceatur.

214 3686 361 3734 simillimum
376 3682 511 3746 exemplum
526 3695 540 3728 e
554 3679 616 3726 Flor-
633 3676 741 3725 vidimus·
775 3675 840 3724 Ferri
856 3676 951 3740 quidem
964 3684 1039 3740 potest
1055 3685 1198 3725 comedetur
1231 3686 1307 3740 ropter

215 3751 277 3799 Mox
289 3750 370 3812 suerit
386 3747 461 3796 MSS.
477 3745 540 3794 utor.
557 3741 646 3808 (Bud.)
663 3739 744 3788 Guelf-
775 3743 852 3801 verbs,
863 3744 918 3804 jam
929 3743 983 3789 inde
993 3742 1021 3788 ab
1031 3743 1160 3804 Augusto.-
1183 3742 1200 3790 S
1242 3755 1308 3789 coer·

215 3816 296 3880 edpr.
315 3812 479 3877 OetenJ‘arrat
487 3804 742 3874 usquesdl'ichenam.
776 3811 842 3852 cetur
860 3805 944 3854 melius
963 3815 987 3854 et
1003 3806 1078 3854 verius
1096 3815 1137 3854 est.
1172 3806 1211 3854 Sic
1227 3805 1307 3869 paullo

215 3881 287 3928 Eau.
323 3878 400 3926 Rhea.
422 3875 556 3937 conjiciebat
575 3877 663 3920 serrae
682 3871 744 3917 mata
775 3869 848 3932 postr'
863 3871 975 3930 Tiresia,
991 3876 1014 3918 et
1030 3885 1082 3932 que
1095 3873 1149 3920 atto
1160 3872 1308 3919 Procurato.

214 3947 336 3994 audebat:
353 3951 376 3990 et
386 3942 419 3990 sic
433 3941 483 3988 eod.
499 3939 559 4001 Agr.
575 3952 617 3985 nee
630 3935 663 3984 ita
673 3933 742 3983 male.
775 3935 842 3981 ribus
853 3934 987 3983 cohibeatur
997 3942 1040 3983 etc
1073 3935 1137 3984 Loro
1150 3937 1246 3997 Regum
1262 3942 1305 3994 est,

216 4009 285 4058 Prius
300 4010 381 4056 bader
396 4005 487 4069 reposui
502 4017 557 4051 cnm
578 4002 634 4064 Bip.
651 3999 700 4049 aad
719 4001 743 4047 ei
775 3998 838 4062 iique
854 4007 946 4047 tantum
960 3998 1078 4062 dignitatis
1091 3999 1186 4059 habent,
1202 4007 1230 4048 ut
1246 3998 1307 4046 aihu

214 4072 385 4124 tribuebantur.
416 4071 445 4116 Ti
454 4069 536 4133 fuerit
553 4067 590 4116 vel
598 4067 686 4132 suerat
701 4079 742 4114 ex·
774 4079 817 4126 pro
872 4062 916 4112 nisi
931 4077 1015 4112 nomen
1034 4065 1133 4128 regium,
1150 4063 1216 4114 desit·
1232 4063 1306 4112 Etru.

214 4149 329 4204 puuctum
339 4135 509 4186 volebatGrut.
585 4130 590 4138 ’
747 4166 749 4170 -
776 4127 814 4175 Bu
833 4129 1101 4191 .eiiamirrdeab1iug.

248 4207 298 4254 Suo
313 4205 361 4251 loeo
376 4195 567 4262 numerabimus]
584 4195 651 4245 Male
665 4201 743 4253 antea,
808 4194 926 4254 Igrtarum
942 4195 1145 4256 Magistrotauru,
1168 4194 1232 4241 domi
1248 4194 1308 4240 rati·

215 4270 404 4317 summovimus.
431 4263 495 4310 Nam
503 4263 553 4310 huc
561 4260 654 4325 quidem
665 4267 744 4307 narrat
776 4257 841 4318 aare]
866 4258 941 4305 Domi
958 4256 1012 4306 lieet
1032 4257 1115 4306 referre
1135 4257 1166 4305 ad
1187 4258 1307 4320 Magisir.

214 4333 429 4398 infiammat-
455 4322 742 4376 MemorabimusetMS.
776 4323 828 4371 Nec
844 4322 906 4385 leges
922 4336 984 4383 suas,
1002 4337 1043 4371 nec
1054 4322 1206 4386 Magistratus
1216 4336 1269 4372 mos
1279 4331 1307 4371 te
