3059 4975
264 282 297 324 r.
311 286 339 327 c.
354 268 421 345 ra]
631 264 708 323 mn.
728 262 782 321 iv.
803 264 895 325 cnr.
919 268 963 323 ιιι.
1275 270 1333 328 aar

264 430 365 495 multo
379 446 495 495 ceteros
508 428 675 493 anteibant.
720 428 870 493 Paullum
885 428 1036 493 Fonteius
1050 428 1175 517 Capito,
1189 430 1269 495 falso
1284 456 1334 499 re-

264 514 406 581 bellionis
420 514 556 593 crimine,
570 513 733 581 interfecit.
762 516 894 601 Iujectae
906 514 1000 578 Civili
1014 527 1143 594 catenae‚
1158 516 1333 667 missusgp:

264 603 306 667 ad
329 604 486 667 Neronem
506 614 538 665 et
558 600 695 665 aGalba
714 600 886 679 absolutus,
910 602 969 665 sub
988 600 1119 665 Vitellio
1138 624 1248 667 rursus
1293 604 1299 616 '

264 688 381 753 crimen
395 688 482 766 adiit,
495 687 654 774 flagitante
666 686 855 773 supplicium
865 688 933 773 ejus
944 685 1093 752 exercitu.
1125 688 1207 752 Inde
1217 712 1335 753 caussis

264 775 392 852 irarum,
417 796 548 861 spesque
567 796 608 837 ex
632 772 721 837 malis
742 772 863 836 nostris.
910 772 972 837 Sed
994 772 1113 850 Civilis,
1134 774 1334 861 ultraquam

264 860 405 925 barbaris
433 858 569 937 solitum,
597 857 723 944 ingenio
751 857 867 936 sollers,
891 870 923 921 et
948 866 970 897 ‘⁴
995 860 1167 923 Sertorium
1190 862 1253 937 se‚”
1278 874 1335 925 aut

266 952 288 985 “
300 946 538 1011 Hannibalem''
552 945 663 1021 serena,
679 942 771 1007 simili
783 944 846 1008 oris
856 943 1140 1024 dehonestamento,
1152 968 1191 1009 ne
1201 961 1239 1010 ut
1252 946 1335 1011 hosti

265 1034 391 1099 obviam
413 1032 522 1109 iretur,
545 1030 571 1095 si
593 1054 612 1094 a
631 1030 680 1094 Po
702 1030 755 1094 ulo
776 1029 922 1094 Romano
942 1030 1047 1116 palam
1066 1030 1255 1112 descivisset,
1270 1033 1336 1098 Ve-

266 1119 400 1205 spasiani
425 1116 591 1182 amicitiam
621 1052 760 1180 studium
784 1139 824 1179 ue
852 1116 991 1213 partium
1017 1116 1202 1204 praetendit:
1235 1118 1337 1183 missis

266 1226 339 1269 sane
353 1204 396 1269 ad
416 1226 488 1268 eum
503 1202 602 1267 Primi
616 1202 750 1266 Antonii
784 1203 892 1281 ‘ttens,
907 1202 1034 1287 quibus,
1050 1210 1073 1241 “
1087 1216 1226 1268 avertere
1239 1204 1338 1268 accita

265 1289 396 1356 ViteHic
412 1289 529 1355 auxilia
547 1304 588 1368 et,
611 1288 768 1353 tumultus
783 1288 962 1353 Germanici
983 1288 1094 1376 specie,
1118 1302 1274 1355 retentare
1293 1290 1337 1354 le-

265 1376 403 1463 giones‚'’
423 1376 605 1463 jubebatur.
656 1374 781 1438 Eadem
807 1374 1011 1439 Hordeonius
1039 1375 1172 1440 Flaccus
1198 1398 1336 1463 praesens

265 1476 440 1539 monuerat,
469 1460 616 1525 inclinato
640 1460 673 1522 in
695 1460 920 1546 Vespasianum
944 1462 1059 1539 animo,
1085 1475 1117 1525 et
1140 1462 1200 1526 Rei
1225 1461 1336 1527 ublicae

267 1570 360 1629 ctua3
383 1546 434 1610 cui
455 1546 612 1610 excidium
633 1545 832 1623 adventabat,
853 1547 879 1608 si
899 1546 1145 1633 redintegratum
1166 1486 1285 1613 beilum
1302 1561 1337 1613 et

266 1644 314 1697 tot
328 1645 518 1696 armatorum
532 1630 628 1696 millia
644 1630 766 1695 Italiam
780 1630 852 1693 inru
874 1631 977 1695 issent.

320 1718 416 1783 XIV.
440 1718 543 1815 Igitur
559 1716 679 1796 Civilia,
694 1654 882 1781 desciscendi
904 1730 1018 1796 certus,
1032 1716 1187 1781 occultato
1209 1718 1336 1785 interim

267 1803 376 1869 altiore
390 1803 527 1880 consilio,
542 1816 642 1867 cetera
656 1826 696 1865 ex
710 1814 825 1866 eventu
843 1802 1052 1889 judicaturus,
1075 1826 1190 1866 novare
1207 1827 1258 1867 res
1277 1805 1338 1870 hoc

267 1890 362 1953 modo
372 1888 475 1975 coepit.
514 1890 537 1951 J
539 1912 614 1951 ussu
624 1887 749 1966 Vitellii,
762 1890 954 1951 Batavorum
964 1889 1117 1975 juventus
1131 1889 1172 1952 ad
1182 1890 1338 1954 delectum

268 1975 457 2049 vocabatur3
481 1996 586 2061 quern,
607 1988 716 2060 suapte
736 1987 849 2037 natura
862 1997 1001 2059 gravem,
1016 1976 1187 2039 onerabant
1205 1975 1339 2041 ministri

269 2060 398 2125 avaritia
411 2084 447 2124 ac
461 2060 553 2138 luxu,
569 2083 655 2123 senes
672 2072 728 2123 aut
740 2058 894 2123 invalidos
907 2059 1129 2146 conquirendo,
1144 2084 1226 2146 quos
1237 2062 1340 2147 pretio

269 2146 477 2212 dimitterent:
500 2168 610 2210 rursus
629 2146 773 2232 inpubes,
794 2145 849 2209 sed
862 2144 964 2209 forma
976 2145 1134 2232 conspicui
1153 2150 1198 2226 (et
1212 2159 1259 2210 est
1271 2147 1339 2235 ple-

269 2232 374 2331 risque
393 2256 522 2319 procera
540 2231 687 2319 pueritia)
702 2230 744 2295 ad
763 2241 909 2318 stuprum
927 2231 1139 2298 trahebantur.
1184 2233 1271 2302 Hinc
1292 2233 1340 2298 in·

268 2318 370 2383 vidra:
386 2332 418 2383 et
427 2318 606 2405 compositae
620 2317 779 2382 seditionis
791 2331 933 2382 auctores
945 2316 1121 2405 perpulere,
1137 2331 1174 2383 ut
1183 2318 1339 2384 delectum

269 2599 321 2646 lurn
332 2605 356 2645 et
366 2596 465 2646 Civilem
475 2596 556 2646 fratres
566 2597 638 2646 titisse
647 2603 721 2662 putat.
751 2597 789 2646 Sia
818 2599 878 2645 bene
888 2596 1024 2658 Rhenanus,
1040 2597 1104 2662 quod
1121 2613 1165 2662 pro
1174 2599 1341 2661 redintegrass-

270 2663 375 2722 milaest,
384 2663 447 2727 quod
455 2662 788 2722 reltarroanstorrudaeae,
819 2663 877 2709 dum
899 2662 971 2710 edidit
989 2665 1014 2728 (e
1032 2661 1109 2724 Bud.)
1131 2666 1339 2726 redintegratam:

270 2727 341 2776 modo
348 2728 477 2786 Antonias,
488 2727 559 2774 modo
571 2730 686 2776 Claudias
697 2729 790 2776 dicitur.
820 2727 884 2790 quod
901 2728 1022 2776 asteriam
1041 2727 1066 2774 in
1085 2729 1141 2776 MS.
1155 2729 1234 2776 Guelt'.
1250 2729 1286 2776 sd.
1303 2743 1341 2792 pr.

271 2791 334 2838 Mox
351 2793 412 2838 adiit
426 2791 498 2838 edidit
509 2791 587 2838 Rhsn.
598 2793 624 2854 (e
634 2791 710 2851 Bud.)
744 2793 791 2839 Su·
819 2791 893 2838 Ean.

271 2869 371 2966 W
385 2855 584 2967 Vliddeeiirniaiiiliis
592 2855 790 2982 idpiitAliilffi
821 2857 1342 2982 ,wgtdgngnrstgegtmdmllrppngeffiffl'

271 2984 339 3032 Eur.
374 2983 436 3032 Mox
446 2983 510 3032 Bud.
522 2985 559 3030 illi
569 2984 619 3032 loco
633 2987 714 3033 Ciuili.
821 2983 898 3030 Isrrs.
932 2985 1083 3033 Desciscendi
1105 2985 1175 3033 etism
1196 2987 1259 3034 Flor.
1278 2987 1340 3048 Agr.

310 3051 393 3097 Simili
414 3050 463 3096 oris
484 3047 695 3114 ἀεὶιοηθειαηιεπιο]
729 3047 793 3096 Cum
822 3047 901 3096 ouen
912 3047 964 3096 edd.
971 3065 1008 3112 pr.
1017 3051 1108 3098 Puteal.
1117 3051 1173 3098 Ber.
1181 3051 1236 3098 Ale.
1254 3051 1291 3097 At
1298 3066 1342 3099 nec

271 3113 336 3174 item,
354 3121 382 3160 ut
392 3113 523 3170 Hannibal,
540 3113 612 3161 altero
626 3115 694 3162 oculo
710 3122 793 3176 captus
821 3112 945 3175 spreverim
955 3113 1078 3163 lectionem
1089 3114 1144 3162 MS.
1155 3115 1260 3163 Budens.
1269 3116 1341 3162 duca

272 3177 456 3236 emathiassz
469 3180 492 3224 2.
509 3178 581 3226 Ean.
607 3177 644 3226 Cf.
657 3179 792 3226 etPlutin
822 3179 865 3238 dii,
887 3176 950 3224 unde
968 3179 1039 3239 male,
1061 3189 1089 3228 ut
1106 3179 1170 3239 alibi,
1188 3180 1277 3228 factum
1299 3197 1342 3243 per

272 3243 373 3292 Sertorio
384 3243 414 3290 ab
424 3243 505 3290 initio:
524 3249 547 3290 et
558 3258 628 3305 supra
637 3242 671 3290 A.
682 3245 706 3300 2,
719 3245 742 3291 9.
821 3257 901 3306 operas
910 3244 1011 3304 dissidii,
1020 3246 1071 3307 jam
1081 3246 1106 3292 in
1114 3245 1191 3307 prima
1197 3245 1277 3293 Rhsn.
1286 3261 1343 3293 urm

305 3308 452 3370 Praeteodit]
469 3307 578 3366 Simulat,
590 3307 729 3370 adtegenda
738 3322 793 3356 oon-
821 3306 847 3353 in
866 3306 926 3355 notis
942 3308 1025 3358 diserte
1038 3312 1134 3357 discidii
1149 3310 1241 3358 habeat.
1276 3309 1342 3358 Illud

272 3372 324 3420 silla
344 3372 425 3420 utitur.
459 3371 657 3435 Intelligendum:
681 3374 792 3419 caralita
834 3373 985 3432 damnandi)
1006 3375 1106 3422 restituit
1128 3374 1237 3422 Pichena.
1267 3375 1343 3423 Ean.-

272 3437 311 3485 Es
329 3437 446 3486 simulata
467 3437 530 3484 unde
551 3437 651 3502 speciem
672 3434 792 3500 acceperit,
865 3435 971 3485 notised
983 3453 1026 3486 sea
1038 3439 1195 3502 malelegitur
1206 3441 1307 3488 Monuit.

272 3502 351 3550 statim
361 3503 465 3550 traditur.
482 3501 556 3550 Eure.
860 3502 986 3549 Delectata
1007 3510 1091 3566 suopte
1113 3510 1201 3551 natura
1225 3507 1342 3569 gravem}

306 3568 421 3616 Avertere
431 3569 506 3614 acrba
517 3565 622 3632 casilia]
640 3566 714 3616 MSS.
727 3567 791 3614 Hor.
822 3564 954 3630 Quippsin
970 3567 1066 3631 longam
1076 3577 1099 3615 et
1109 3568 1262 3633 longinquam
1278 3570 1342 3616 mili.

273 3633 334 3694 Agr.
352 3631 442 3695 (But)
456 3640 480 3680 et
496 3631 577 3680 (ineis.
595 3633 631 3694 (in
650 3647 697 3696 quo
713 3639 792 3679 tamen
821 3631 886 3677 tiam.
920 3630 1027 3680 Velleius
1045 3632 1070 3679 in
1089 3633 1197 3681 laudibus
1215 3633 1304 3682 Trberii
1320 3650 1342 3683 c.

273 3696 357 3745 nidmu
366 3697 432 3744 litera
440 3713 455 3744 a
464 3711 507 3746 sec.
516 3711 549 3744 m.
559 3695 648 3758 addita)
659 3703 791 3744 avemarets
822 3695 878 3743 las.
898 3697 993 3752 Quanta
1002 3711 1056 3744 cam
1065 3700 1141 3760 quiete
1150 3699 1281 3758 hominum,
1290 3715 1342 3747 ress

273 3760 442 3824 quodestetin
452 3761 487 3811 sd.
497 3761 658 3825 padeficiente
666 3777 722 3808 mox
733 3775 792 3824 prae-
816 3763 929 3822 perpetui
944 3764 1108 3824 prosuntque
1126 3765 1228 3825 rasas,
1248 3767 1341 3828 supple.

273 3824 396 3888 positione,
413 3839 465 3888 quae
478 3835 502 3874 et
516 3827 603 3874 sFlor.
616 3827 651 3890 (et
661 3823 738 3886 Bud.)
749 3829 792 3874 ab.
820 3833 935 3885 matam,
944 3829 995 3874 sim
1005 3829 1168 3891 trepidatione,
1175 3829 1276 3878 deleam
1281 3844 1342 3893 pro·

273 3897 315 3938 est.
349 3890 482 3953 Utrumque
497 3899 599 3954 repetere
611 3891 685 3940 voluit
696 3891 792 3939 Rhene·
822 3891 906 3939 nam?
924 3891 999 3940 Lars.

272 3967 327 4015 nus,
350 3954 390 4002 sed
411 3967 486 4016 opera
504 3969 551 4002 non
568 3963 703 4019 penserunt,
720 3969 751 4004 ne
767 3956 792 4004 in
854 3957 978 4004 Iavoltdos
988 3959 1156 4024 mautrendo]
1190 3959 1340 4008 Mamur.

273 4019 375 4068 saunas
385 4017 481 4083 quidem
497 4019 551 4067 edit.
584 4019 655 4068 Unde
671 4021 743 4068 altera
758 4021 792 4068 le·
822 4019 903 4068 vitiose
912 4024 1089 4083 conquirendos.
1109 4023 1242 4072 MoxFlor.
1253 4023 1340 4087 (Buta)

273 4084 334 4132 ctist
351 4091 456 4132 auertere
467 4083 542 4132 matu
552 4099 567 4130 a
582 4087 631 4132 Vit.
641 4086 667 4132 in
684 4086 793 4133 ornnibns
823 4083 860 4132 sd.
877 4100 913 4148 pr.
926 4089 1039 4150 inspatcs,
1057 4102 1105 4136 non
1122 4091 1260 4150 imatores,
1277 4088 1342 4150 quod

275 4149 423 4212 sequentibus
441 4163 562 4214 expressa:
587 4165 658 4213 quam
674 4158 697 4198 at
713 4165 792 4198 veram
822 4151 889 4210 bens,
900 4152 1001 4211 uraithi,
1013 4153 1293 4202 aPichenarestimtumz
1311 4153 1342 4200 ds

274 4225 348 4276 putor
359 4215 641 4276 qniastmoxretentaro.
660 4213 736 4278 Igitur
744 4229 791 4262 non
823 4229 977 4279 eoquesupra
987 4217 1083 4264 dictum.
1112 4218 1169 4264 Post
1179 4223 1242 4263 etse
1253 4217 1341 4277 pleris-

275 4277 377 4342 iuspects
384 4279 435 4342 ipso
440 4287 506 4328 textu
514 4278 632 4339 ahenam,
642 4279 681 4328 sed
691 4279 793 4326 anotula
823 4293 867 4340 quc
877 4280 959 4329 itidem
969 4283 1032 4329 male
1042 4282 1096 4330 MS„
1109 4280 1169 4344 Agr.
1182 4281 1260 4327 Guelf.
1272 4280 1312 4326 ssd
1326 4297 1342 4328 a

275 4342 326 4403 ejus
335 4343 406 4391 tradit
417 4343 529 4407 Bythias,
542 4343 684 4392 Rhenanam
695 4343 793 4392 edidisse
822 4358 895 4392 manu
911 4361 956 4393 sec.
970 4346 1006 4393 ed.
1021 4362 1056 4408 pr.
1079 4345 1150 4392 Bau.
1183 4344 1245 4392 Bnd.
1256 4351 1280 4392 ot
1295 4353 1339 4394 est.

276 4413 392 4456 oseam
401 4411 476 4456 accita
491 4410 591 4456 Vitellio.
614 4409 723 4458 Ceterum
734 4423 794 4472 prae-
822 4408 906 4457 Hsins.
918 4411 1009 4457 volebat
1019 4417 1047 4457 at
1056 4415 1092 4456 cst
1096 4411 1133 4472 pl.

275 4471 413 4536 mmisnm
426 4473 600 4528 munducat.
633 4473 794 4523 illudentem
857 4475 990 4539 emutat
1002 4474 1255 4537 salmanasaro]
1281 4475 1342 4523 Ver·
