3059 4975
181 249 239 306 sm
566 241 869 306 mstomnnum
1082 248 1253 321 [susm.

182 407 404 496 nectensque
425 407 607 496 llngmntem
622 408 777 486 retineret,
800 430 840 474 ue
852 408 966 474 ferocis
987 409 1087 474 stetis
1099 424 1132 476 et
1144 411 1250 498 pravis

184 497 217 564 in
274 494 406 574 soribus,
422 494 447 564 si
462 493 822 576 exercitum-invasisset,
836 493 906 581 paci
924 493 986 560 bell
1028 518 1070 560 ue
1082 495 1164 562 mele
1176 519 1249 561 oon-

186 605 222 650 su
235 594 310 648 eret.
354 579 510 668 Legiones
530 579 679 658 victrices,
702 593 789 645 sexte
810 594 842 644 et
864 593 984 659 octova,
1041 581 1249 647 itellisnerum

185 665 434 744 unoetvicesimo,
453 689 471 730 e
492 687 598 730 recens
610 665 793 752 conscriptis
805 666 952 744 secunda,
968 667 1117 732 Penninis
1131 668 1251 732 Cottia-

92 769 95 776 '
185 754 296 840 nisque
306 751 454 839 Alpibus,
467 774 539 840 pnrs
552 763 658 824 monte
673 751 782 829 Graio,
797 751 1024 817 traducuntur:
1047 753 1128 818 XIV
1139 752 1221 838 legio
1231 778 1250 816 e

187 838 359 917 Britannia,
375 851 462 904 sexte
475 859 512 902 sc
525 836 646 902 decime
663 860 703 902 ex
718 837 874 924 Hispanis
885 838 1003 906 ecoitae.
1046 839 1152 939 Igitur
1164 839 1249 902 veni-

185 925 265 992 entis
277 924 432 990 exercitus
444 923 539 1002 famu,
553 935 586 987 et
599 935 709 1010 suopte
723 922 859 1011 ingenio,
873 923 915 988 sd
928 924 1053 990 mitiore
1068 924 1249 990 inclinantes

187 1009 363 1078 Galliarum
376 1008 527 1089 civitates,
541 1010 573 1074 iu
589 1009 705 1074 Remos
718 1031 899 1074 convenere.
943 1011 1154 1075 Treverorum
1167 1011 1251 1096 lege-

186 1097 233 1164 tio
245 1096 308 1162 illio
321 1095 551 1184 opperiebatur,
571 1092 720 1162 acerrimo
732 1094 912 1159 instinctore
924 1093 998 1158 belli
1012 1096 1123 1160 Tullio
1135 1097 1251 1161 Valen-

189 1181 267 1250 tino.
310 1183 344 1250 ls
356 1180 506 1248 meditatu
518 1179 656 1246 cretione
677 1191 800 1258 cuncta,
815 1180 937 1266 mugnis
949 1179 1087 1266 imperiis
1099 1182 1253 1269 objectari

152 1315 155 1324 ,
189 1267 290 1347 solite,
304 1266 568 1352 contumeliasque
581 1278 612 1330 et
626 1263 774 1330 invidiam
788 1264 822 1328 in
836 1263 997 1351 Populum
1011 1267 1193 1332 Romanum
1206 1267 1252 1330 ef-

189 1353 294 1421 fudit:
325 1351 472 1420 turbidus
492 1349 656 1416 miscendis
676 1349 891 1430 seditionibus,
912 1364 945 1416 et
967 1349 1123 1438 plerisque
1143 1365 1254 1439 gratus

189 1436 314 1504 veoordi
327 1436 485 1502 facundia.

233 1523 367 1590 LXIX.
389 1523 438 1588 At
450 1522 558 1588 Julius
568 1520 714 1608 Auspex,
726 1545 743 1586 e
753 1522 943 1610 primoribus
956 1524 1142 1602 Remorum,
1154 1522 1253 1587 “rim

190 1609 368 1678 Romanum
381 1609 528 1696 pacisque
540 1607 639 1674 bone”
649 1607 827 1688 dissertans,
840 1621 873 1673 et
893 1615 915 1648 “
928 1609 1009 1672 sumi
1029 1609 1146 1674 bellum
1159 1608 1253 1674 etism

190 1695 232 1760 ab
241 1694 373 1782 ignavis,
389 1693 589 1760 strenuissimi
603 1694 756 1780 cujusque
775 1694 913 1781 periculo
926 1693 1004 1780 geri,
1014 1694 1145 1781 jamque
1159 1717 1253 1780 super

191 1793 287 1868 onput
303 1780 468 1868 legiones,''
489 1779 748 1867 sapientissimum
762 1801 920 1867 quemque
932 1779 1105 1844 reverentis
1116 1779 1253 1866 fideque,
1343 1862 1345 1867 Ι

194 1867 330 1932 'uniores
350 1863 489 1954 periculo
507 1889 544 1932 uc
562 1876 660 1944 metu,
682 1865 845 1931 continuit.
888 1868 935 1949 Et
950 1865 1104 1930 Valentini
1114 1867 1255 1930 animum

188 1890 373 2032 laudabam,
395 1951 557 2018 eonsilium
571 1952 719 2040 Auspicis
741 1952 960 2039 sequebantur.
1004 1953 1146 2029 Constat,
1159 1951 1254 2016 obsti-

192 2037 265 2103 tisse
286 2037 434 2104 Treveris
459 2038 718 2126 Lingonibusque
740 2037 829 2124 apud
853 2037 984 2117 Gallias,
1004 2037 1101 2124 quod,
1117 2037 1255 2102 Vindicis

192 2135 291 2199 motu,
304 2147 377 2190 cum
392 2125 546 2212 Verginio
559 2137 716 2190 steterunt.
749 2124 913 2189 Deterruit
925 2123 1089 2210 plerosque
1103 2122 1256 2209 provinci-

192 2232 283 2274 arum
293 2209 470 2276 aemulatio:
495 2211 613 2298 “quod
627 2209 836 2298 belloceput?
858 2209 942 2274 unde
955 2211 1009 2296 jus
1018 2209 1254 2296 auspiciumque

191 2301 372 2384 peteretur?
418 2317 501 2375 uam,
514 2297 539 2360 si
551 2309 663 2362 cuncta
676 2296 898 2382 provenissent,
907 2295 1010 2359 sedem
1026 2294 1161 2382 Imperio
1174 2293 1255 2380 lege·

191 2394 262 2445 rent
271 2383 303 2443 ?''
325 2319 479 2446 Noddum
491 2381 627 2462 victorie,
636 2381 703 2470 jam
714 2381 867 2447 discordia
875 2394 958 2446 orat:
971 2379 1038 2445 aliis
1047 2379 1176 2457 foedera,
1186 2379 1255 2466 qui-

191 2465 325 2535 busdam
338 2492 413 2556 opes
427 2467 580 2557 viresque,
592 2479 648 2536 aut
659 2480 844 2534 vetustatem
859 2466 997 2555 originis,
1019 2465 1189 2554 perjurgia
1208 2465 1257 2553 ja-

193 2734 196 2741 ·
224 2701 253 2749 Si
269 2712 345 2749 suern
361 2700 498 2764 tueamur]
515 2699 564 2749 ie.
580 2700 606 2749 Si
622 2700 711 2749 exerci-
742 2700 781 2748 13.
813 2698 996 2756 Decims5,19.
1021 2697 1153 2747 Priuslibri
1163 2699 1257 2747 Coctia-

191 2773 245 2814 tum
254 2779 333 2828 regere
345 2764 465 2813 etbellum
476 2778 554 2829 gerere
564 2780 606 2830 per
615 2764 710 2813 festius·
741 2766 787 2811 nis.
812 2764 906 2812 Nomm
920 2762 1044 2813 Terttorin
1056 2762 1259 2828 Hispanisindec

193 2830 281 2879 donetn
291 2828 400 2891 cepisset
418 2829 491 2878 Eur.
743 2828 898 2879 Philvmon
908 2828 1259 2892 empliuseosensnumrpcmr.

227 2896 301 2943 Sento
313 2896 439 2959 cimona]
467 2894 540 2945 MSS.
552 2892 614 2943 l'lcr.
627 2895 673 2943 XI
688 2902 711 2943 et
777 2895 876 2943 omar
895 2895 1022 2958 obstitisse]
1044 2894 1168 2942 Oletdtm
1185 2892 1258 2941 MSS

191 2961 278 3009 IIII.
295 2957 374 3006 ouelt.
386 2958 439 3007 edd.
455 2959 548 3008 Puteol.
564 2974 627 3023 seqq
638 2974 712 3023 usqne
742 2959 803 3023 Agr.
823 2958 911 3024 (But)
931 2958 1010 3007 onem
1032 2957 1084 3006 edd.
1105 2966 1160 3005 ente
1181 2957 1258 3005 Rben.

192 3024 227 3073 nd
235 3023 364 3072 Pithemm
379 3026 418 3072 VI
426 3027 490 3074 etX
492 3026 569 3075 VIII.
581 3023 636 3073 Ms.
651 3024 712 3087 Agr.
742 3038 832 3071 omnes.
858 3021 1260 3084 RbmmugnonPidreruutprr·

195 3090 268 3137 tertio
278 3089 561 3153 decimortoonredpr.
573 3090 712 3137 XXVIII.
742 3096 780 3135 tut
797 3087 911 3152 Ryrkius,
933 3087 1024 3151 primus
1040 3085 1113 3135 edidit
1128 3088 1259 3142 steterim

195 3152 369 3203 BeneSevilius
379 3154 477 3201 eorrexit
492 3156 532 3202 VI
539 3160 562 3201 et
578 3154 653 3202 VIII.
665 3154 713 3201 Re-
743 3152 807 3217 quod
817 3166 906 3212 omnes,
917 3166 976 3216 quos
985 3152 1043 3212 ridi,
1054 3152 1126 3201 semu
1136 3158 1191 3199 tunt
1200 3166 1261 3215 pre-

195 3216 258 3279 eepit
278 3214 387 3263 Pinnem
410 3216 444 3263 Η.
466 3220 491 3275 2,
513 3218 553 3265 83.
575 3218 615 3264 85.
640 3216 712 3265 Eum
739 3216 1069 3281 terldpsiumetRyekium.
1092 3216 1156 3265 Aliis
1182 3216 1260 3263 uidem

195 3278 714 3331 Flor.vrmxi.V111.nud.cmxivur.
742 3281 800 3330 locis
815 3281 891 3329 editur
905 3282 1002 3342 obstitit,
1018 3282 1139 3329 olentium.
1192 3288 1260 3343 teque

195 3344 229 3393 Id
243 3343 527 3410 suterrrsigniinecdptis
537 3344 661 3395 mediieri
675 3347 715 3395 de-
745 3344 1130 3411 hecscriptureethitencnde.
1152 3342 1260 3392 Added

191 3416 264 3459 motat
276 3410 389 3457 uidelicet.
416 3409 505 3459 Forsan
515 3412 539 3459 in
554 3410 617 3459 Flor.
633 3410 714 3459 similis
744 3412 769 3470 3,
778 3410 819 3458 31.
836 3411 909 3459 Eun.
935 3409 1015 3459 littori
1022 3409 1187 3474 typogrrphieo
1197 3406 1260 3455 vide

198 3482 261 3523 note.
285 3473 343 3537 Bip.
352 3473 479 3538 punierunt
488 3476 528 3524 XI
543 3484 566 3525 et
578 3476 653 3525 VIII.
669 3476 715 3524 Sed
744 3484 784 3523 tur
793 3475 871 3523 deberi
878 3475 956 3523 Rben.
967 3476 1089 3524 suumn.

192 3538 224 3587 in
234 3538 557 3604 lapidibusdisetteleginvl
572 3543 661 3589 virttis
672 3540 714 3588 nd·
781 3540 904 3603 Undejus
918 3542 1095 3602 moptctcmqw
1122 3540 1168 3588 ,hu
1186 3536 1259 3584 MSS.

198 3602 306 3667 pelletur,
314 3604 409 3653 etVIII
419 3604 445 3653 in
455 3607 558 3655 nummis
565 3605 669 3655 carausii
677 3608 715 3656 trt-
745 3605 809 3653 Flor-
827 3604 891 3653 But
904 3604 964 3667 Agr.
981 3604 1062 3652 (iucif.
1130 3617 1166 3666 pr.
1182 3600 1261 3649 Rben.

191 3670 270 3716 nelma.
295 3667 333 3715 ot.
344 3668 411 3718 Brot.
428 3669 458 3717 sd
469 3670 504 3719 Η.
520 3674 545 3731 2,
557 3671 581 3719 6.
615 3671 665 3719 Pro
675 3670 716 3719 XI
740 3684 796 3733 sqq.
824 3669 912 3717 Cetera
920 3676 974 3715 ente
982 3666 1059 3715 Rhen.
1070 3669 1116 3726 vlt,
1130 3666 1198 3714 solita
1208 3680 1262 3713 eorr-

193 3740 255 3788 ..ut
266 3732 330 3795 qnod
340 3733 365 3793 3,
376 3734 556 3784 obviantibus
566 3751 591 3784 se
601 3734 715 3797 adjunxit.
739 3731 1109 3795 taedereque-spedicunt
1132 3731 1263 3779 Utinlm.

193 3831 196 3841 .
237 3798 637 3863 TerttuucprImaJSaviliuslegite
649 3805 716 3847 eom
742 3807 848 3863 perstare
858 3798 999 3858 tnmnmJ'ns
1009 3811 1028 3844 s.
1040 3796 1262 3861 potestnsettmspi-

199 3875 228 3908 ιω
238 3861 335 3908 decium
367 3864 432 3911 Nem
443 3878 515 3929 siprc
527 3866 564 3928 (s,
575 3864 629 3923 tt.)
644 3864 676 3911 sie
691 3864 716 3911 in
744 3864 782 3911 cin
791 3872 815 3911 et
822 3864 862 3925 jos
875 3869 1021 3925 potestasque
1030 3862 1080 3911 tine
1093 3861 1201 3926 cuspidis
1215 3874 1264 3907 esse

193 3926 316 3989 Hispanis
331 3927 457 3976 collocarit.
491 3930 583 3978 Temen
597 3937 621 3977 et
637 3928 718 3977 'l'ertis
746 3927 877 3991 potuitsnb
888 3926 1028 3986 Cesaribus,
1039 3927 1071 3975 sie
1084 3927 1109 3976 b.
1120 3927 1137 3975 l.
1150 3924 1263 3988 sptehoe

190 3990 233 4039 -ibi
243 3990 294 4045 brit,
306 3998 330 4040 et
340 3990 464 4040 diummer
481 4008 524 4042 nec
534 3994 717 4045 monument
746 3992 795 4041 duo
815 3993 1003 4055 conjunguntur:
1028 3991 1107 4052 Quem
1129 3990 1197 4037 illum
1213 3987 1263 4035 Iore

190 4056 307 4115 -srbitror,
318 4071 360 4104 cur
376 4055 478 4120 Hispani
491 4058 606 4123 hodieque
615 4059 717 4121 legiones
748 4057 880 4116 Gsssonnm
893 4056 935 4121 qui
950 4065 1086 4121 potestatem
1100 4054 1156 4104 beili
1169 4052 1264 4117 gerendi

190 4135 254 4168 -surs
268 4123 361 4169 Τιτῆσι
370 4120 495 4185 adpellem.
517 4122 592 4171 Iurs.
620 4123 717 4187 Recepit
747 4122 821 4180 deret,
831 4136 904 4186 penes
913 4137 984 4186 quens
995 4129 1069 4170 essent
1079 4118 1193 4183 strepitis:
1212 4132 1263 4166 ver-

200 4193 225 4231 et
234 4184 278 4233 hoc
289 4185 399 4233 Piehene.
419 4185 476 4233 MS.
495 4186 589 4250 quidem
600 4188 664 4236 Flor.
678 4190 719 4236 VI
747 4189 787 4247 bo,
801 4202 872 4251 quem
887 4186 1053 4251 Imperatorem
1068 4185 1094 4231 iu
1110 4183 1189 4232 Gallie
1203 4182 1259 4231 tore.

191 4251 326 4310 mrprtma.
344 4250 415 4299 Etru.
442 4250 506 4303 Bud.
527 4251 570 4309 111
586 4266 614 4299 ac
626 4254 717 4315 primo.
747 4252 786 4300 Sic
800 4249 910 4314 uphir.
931 4252 972 4310 22,
992 4251 1013 4297 l.
1028 4252 1160 4312 junguntur
1166 4252 1263 4312 justum

201 4311 241 4358 De
267 4313 396 4375 legionibus
420 4330 544 4379 eammque
573 4316 670 4365 statione
695 4332 716 4363 v.
740 4318 876 4378 imperium
887 4322 911 4363 ct
921 4317 1062 4378 omptclum·
1078 4315 1150 4362 Enit-

202 4373 268 4423 Brot.
280 4377 295 4423 l
305 4392 324 4425 c.
350 4378 458 4427 Sermud
470 4380 582 4428 Cerialem
589 4381 681 4430 advenit
692 4383 716 4440 5,
779 4383 830 4429 Per
839 4383 929 4445 jurgio
938 4378 1096 4445 medios]
1120 4379 1215 4444 Sumpsi
1231 4379 1265 4426 le
