3059 4975
237 259 271 302 u.
286 257 313 297 c.
328 238 390 312 71.]
566 239 645 297 LIB.
664 237 717 297 IV.
739 237 828 298 CAP.
848 238 896 308 78,
916 237 965 300 79.
1238 242 1295 297 311

234 402 421 470 numerabar
439 401 593 468 Numisiis
613 416 646 468 et
664 403 849 468 Herenniis:
876 414 918 466 ιιι·
931 420 1039 465 omnes
1058 397 1171 485 Legati
1188 400 1294 479 vestri,

235 501 291 554 aut
304 488 437 553 militum
458 487 612 567 manibus,
626 489 842 567 anthonium,
856 484 1032 552 ceciderint.
1075 488 1137 563 Ite,
1151 483 1293 550 nuntiate

235 574 432 660 Vespasiano,
447 573 506 652 vel,
521 573 608 660 quod
626 575 755 661 propius
768 587 825 652 est,
841 572 934 637 Civili
947 581 979 635 et
993 569 1139 649 Classico,
1151 571 1295 636 relictum

234 683 254 724 a
274 660 363 724 vobis
388 661 422 724 in
436 659 513 724 ,acie
532 660 675 724 Ducem:
702 660 829 724 venient
852 658 1000 744 legiones,
1022 679 1096 742 quae
1117 678 1219 744 neque
1241 679 1293 721 mc

211 744 377 823 inultum,
393 769 414 810 n
454 769 494 810 ue
507 768 564 808 vos
577 743 746 831 inpunitos,
761 743 947 832 patiantur.”
1383 776 1388 787 ¹

277 831 435 898 LXXVI
455 833 480 898 1.
502 833 585 895 Vera
598 842 687 894 erant
705 842 736 894 et
750 853 770 894 a
782 829 933 894 Tribunis
947 829 1171 914 Praefectisque
1184 827 1292 893 eadem

232 917 461 1014 ingerebantur.
507 915 690 980 Consistunt
707 939 764 1002 per
777 915 918 980 cohortes
931 928 964 978 et
976 913 1167 1013 manipulos:
1190 937 1293 999 neque

232 1025 315 1066 emm
335 1014 457 1100 poterat
479 1013 635 1100 patescere
655 1001 745 1080 acies,
767 1001 868 1066 effuso
889 1001 988 1079 hoste,
1010 1013 1042 1064 et
1063 999 1294 1086 rupedientibus

232 1088 371 1152 tentoriis
384 1088 580 1184 sarcimsqne,
596 1109 668 1151 cum
681 1087 763 1152 intra
776 1086 894 1151 vallum
907 1098 1111 1172 pugnaretur.
1143 1085 1249 1149 'sutor
1261 1097 1295 1150 et

234 1173 388 1236 Classicus
398 1187 429 1238 ct
439 1172 557 1250 Civihs,
570 1171 633 1236 suis
643 1172 776 1260 quisque
785 1171 869 1250 locis,
880 1194 1020 1259 pugnam
1029 1170 1167 1236 ciebant:
1185 1168 1294 1234 Gallos

235 1265 257 1296 ‘⁴
271 1281 330 1344 pro
342 1258 512 1337 libertate?
526 1260 664 1322 Batavos
679 1266 700 1298 “
714 1281 773 1346 pro
786 1257 914 1346 gloria,''
929 1258 1101 1331 Germanos
1121 1263 1143 1294 “
1157 1255 1199 1318 ad
1235 1279 1294 1320 rse-

232 1343 328 1408 dam''
340 1343 530 1430 instigantes.
576 1344 623 1407 Et
633 1357 744 1408 cuncta
753 1367 813 1431 pro
824 1343 966 1408 hostibus
978 1354 1085 1417 erant;
1101 1342 1199 1406 donec
1211 1278 1295 1427 ligio

231 1429 479 1506 unoetvicesima,
503 1427 686 1516 patentiore,
712 1451 808 1516 quam
831 1442 952 1508 oeterae,
974 1428 1075 1515 spatio
1097 1427 1293 1514 conglobata,

233 1513 379 1580 sustinuit
403 1528 545 1590 ruentcs;
576 1537 650 1579 mox
672 1514 796 1602 inpulit.
839 1515 907 1579 Nec
928 1515 993 1578 sine
1010 1537 1070 1600 ope
1088 1512 1204 1593 dimna,
1225 1535 1295 1577 mu·

231 1600 305 1664 tatis
326 1614 453 1686 repente
470 1600 589 1678 animis,
605 1614 693 1686 terga
705 1601 837 1665 victores
854 1611 983 1665 vertere.
1027 1597 1105 1685 Ipsi,
1118 1597 1241 1662 territos
1262 1621 1295 1662 se

231 1685 407 1750 cohortium
428 1685 588 1772 adspectu,
610 1687 761 1765 ferebant,
788 1709 860 1773 quae
886 1686 988 1774 primo
1011 1685 1120 1771 inpetu
1144 1683 1293 1770 disjectae,

232 1771 360 1836 summis
373 1795 483 1835 rursus
502 1772 589 1872 jug's
602 1773 882 1870 congregabantur,
896 1794 933 1836 ac
953 1769 1085 1858 speciem
1100 1769 1173 1834 novi
1187 1768 1295 1832 auxilii

232 1857 378 1920 fecerant.
400 1857 462 1921 Sed
472 1857 593 1920 obstitit
602 1858 797 1922 vincentibus
806 1880 940 1944 pravum
950 1856 1030 1920 inter
1039 1855 1121 1942 ipsos
1128 1868 1294 1932 certamen,

231 1941 319 2006 hoste
332 1943 454 2023 omiss0,
475 1941 574 2028 spolia
594 1943 797 2018 consectandi.
842 1942 981 2021 Cerialis,
1003 1954 1041 2004 ut
1060 1940 1180 2004 incuria
1196 1962 1295 2026 prope

231 2050 297 2091 rem
320 2027 451 2106 adflixit,
474 2029 519 2092 ita
541 2029 711 2094 constantia
733 2028 884 2093 restituit:
919 2043 1103 2114 secutusque
1121 2025 1293 2104 fortunam,

230 2123 331 2177 castra
343 2114 480 2178 hostium
494 2113 603 2178 eodem
616 2115 667 2178 die
680 2113 763 2200 capit
777 2113 998 2200 exscinditque.

284 2201 461 2264 LXXIX.
490 2203 559 2264 Nec
582 2200 616 2263 in
641 2199 771 2287 longum
795 2200 883 2287 quies
911 2199 1002 2263 militi
1026 2198 1109 2263 data.
1153 2197 1295 2261 Orabant

229 2285 383 2351 auxilium
403 2285 667 2373 Agrippinenses3
695 2287 928 2372 offerebantque
948 2306 1079 2349 uxorem
1100 2306 1137 2347 ac
1160 2305 1296 2346 sororem

232 2371 340 2436 Civilis
355 2385 386 2436 et
399 2371 495 2435 filiam
506 2372 643 2452 Classici,
659 2372 765 2437 relicta
778 2372 837 2437 sibi
850 2373 981 2459 pignora
995 2369 1157 2435 societatis.
1186 2367 1296 2454 Atque

229 2457 354 2523 interim
368 2457 521 2545 dispersos
532 2458 566 2522 in
579 2457 724 2524 domibus
739 2459 913 2524 Germanos
926 2457 1164 2523 trucidaverant.
1201 2452 1296 2519 Unde

229 2555 333 2608 metus
343 2558 374 2611 et
385 2546 481 2631 justae
490 2566 596 2631 preces
609 2544 831 2624 invocantium,
842 2542 1009 2632 antequam
1022 2543 1136 2619 hostes,
1147 2541 1297 2628 reparatis

229 2630 359 2710 viribus,
375 2630 415 2695 ad
431 2654 517 2719 spem
532 2631 580 2695 vel
594 2631 635 2696 ad
654 2630 805 2696 ultionem
818 2630 1060 2718 accingerentur.
1103 2630 1250 2713 Namque
1264 2636 1296 2690 et

232 2715 341 2779 Civilis
353 2716 428 2781 illuc
436 2718 620 2793 intenderat,
631 2740 694 2780 non
703 2716 869 2794 invalidus,
878 2715 1114 2803 flagrantissima
1121 2711 1298 2777 cohortium

232 2823 360 2864 suarum
379 2800 520 2886 integra3
544 2805 617 2886 quae
631 2824 671 2865 ex
686 2802 822 2866 Chaucis
834 2803 1005 2887 Frisiisque
1019 2798 1196 2899 composita,
1216 2796 1295 2861 Toi-

230 2885 321 2963 biaci,
336 2884 370 2948 in
383 2884 498 2949 finibus
511 2886 801 2974 Agrippinensium,
816 2888 936 2973 agebat.
981 2885 1045 2949 Sed
1058 2885 1154 2947 tristis
1167 2882 1297 2947 nuntius
1371 2932 1376 2944 ,

231 2971 353 3049 avertit,
370 2977 393 3009 “
403 2968 536 3039 deletam
547 2971 704 3037 cohortem
716 2970 789 3037 dolo
798 2970 1077 3060 Agrippinensium
1085 2971 1113 3033 :”
1134 2970 1191 3055 qui
1203 2968 1298 3055 largis

264 3176 312 3235 Ite,
323 3174 430 3221 nuntiate
441 3176 594 3240 Vespasiano]
608 3166 696 3227 Similis
711 3179 750 3226 in·
778 3178 820 3241 qui
834 3176 958 3241 inpietatis
968 3186 1048 3226 notam
1058 3169 1136 3227 nostro
1144 3176 1236 3226 inurere
1246 3188 1297 3224 sus·

232 3238 300 3287 vidia
321 3248 411 3287 metum
433 3240 480 3287 suis
502 3240 615 3289 militibus
640 3242 690 3303 jam
711 3244 749 3291 fu·
776 3244 860 3290 tinem.
876 3242 976 3291 (lietu
989 3244 1029 3290 81.

229 3302 519 3367 gimnbussrrnainjnit:
532 3307 749 3367 squameam.
817 3310 881 3357 Rem
897 3309 994 3372 afflieit]
1022 3304 1300 3373 IuMs.(Buu)1t:-g.

231 3375 273 3427 ter,
284 3370 413 3429 rogaverit,
425 3370 465 3415 ubi
475 3370 568 3417 Sullam
578 3373 749 3431 Imperatorem
777 3371 831 3421 edd.
843 3387 878 3435 pr.
887 3372 965 3421 Rhea.
976 3388 1026 3436 sqq.
1035 3381 1060 3420 at
1070 3373 1161 3434 media,
1172 3374 1229 3421 item
1239 3376 1296 3425 MS.

233 3438 337 3480 nestrum
355 3432 507 3495 reliqueritis,
525 3436 666 3497 respondete,
686 3437 750 3498 upari
781 3436 860 3484 Gueit'.
872 3453 915 3485 res.
931 3435 1004 3484 Ean.

233 3496 406 3543 Orchomenum
423 3504 578 3560 pugnantem.
610 3499 692 3563 Atque
711 3501 756 3549 ille,
812 3504 914 3563 Integra
928 3502 1102 3567 eructuare]
1130 3502 1298 3553 Rom.cod.et

231 3559 275 3608 hac
284 3560 438 3625 increpatione
449 3576 498 3610 rem
508 3564 624 3612 labentem
636 3565 751 3613 sustinuit.
780 3564 891 3613 οᾱὶιὶοιιαι
897 3566 948 3614 aliae
955 3567 1110 3627 (anteRhen.)
1117 3568 1298 3628 integramente,

233 3620 371 3699 Plutarchus
381 3626 447 3673 Sulla
457 3627 497 3675 21.
508 3644 532 3691 p.
542 3628 580 3683 75.
593 3637 616 3676 et
626 3630 751 3692 Appianas
780 3636 803 3677 et
811 3646 824 3676 a
833 3632 943 3679 Chaucis.
969 3632 1069 3695 Legem,
1078 3634 1172 3693 integra
1182 3641 1298 3695 mouente,

233 3686 400 3739 Mimante.
423 3691 499 3741 lars.
532 3693 592 3741 Mox
602 3692 666 3741 Bud.
677 3696 750 3756 uobis,
781 3696 915 3743 aeuum.
942 3696 1004 3743 Flor.
1015 3712 1091 3759 porro,
1103 3699 1242 3759 integ-raquo
1251 3713 1298 3747 eur

233 3765 283 3801 uos.
781 3760 893 3823 sipiene,
911 3760 981 3809 facias
999 3776 1053 3809 cnm
1068 3760 1178 3820 Piehena,
1195 3765 1298 3825 integra,

266 3818 524 3893 quiricusett'iviiis]
541 3820 749 3887 SupplevitRhen.
782 3826 939 3885 quoe.111as.
971 3825 1026 3874 Vox
1043 3840 1116 3872 muru
1132 3828 1195 3874 abest
1211 3843 1226 3875 a
1242 3829 1300 3878 MS.

232 3885 511 3943 anuncnonemeBud.
781 3888 861 3937 Guelf.
884 3891 957 3938 Ean.
989 3891 1023 3937 Et
1033 3890 1132 3938 Badio
1147 3906 1194 3954 quo
1205 3894 1300 3954 integra

264 3948 342 4009 Legio
360 3951 552 4016 uaomviceeimo]
580 3953 619 4001 Sic
637 3952 751 4003 Latinitas
781 3956 939 4001 mecouchir.
971 3954 1050 4003 Rhen.
1065 3956 1173 4003 subaudit
1187 3959 1299 4005 existente

230 4012 298 4073 jubet
314 4010 367 4075 legi.
401 4012 469 4061 Male
486 4013 510 4063 in
528 4016 670 4072 edAlciati,
689 4018 752 4081 qnod
781 4020 883 4078 integra.

233 4084 288 4124 ante
299 4085 347 4124 erat
357 4076 433 4136 XXI,
445 4094 575 4141 expressere
585 4096 659 4145 opera
668 4084 753 4129 vicesi-
819 4084 935 4147 Tolbiaci]
961 4082 1057 4133 Fames.
1072 4086 1191 4133 Colbiocir
1207 4083 1232 4129 in
1243 4082 1300 4132 ltin·

233 4152 274 4187 ma
286 4143 369 4203 prima
376 4160 386 4200 ‚·
403 4140 476 4206 idque
486 4154 640 4209 propagatum
656 4146 685 4195 ad
701 4162 752 4194 om·
782 4146 899 4195 Antonini
923 4150 1025 4197 Tobioci.
1057 4149 1132 4198 lars.
1165 4147 1238 4195 MSS.
1258 4149 1297 4195 Fl.

234 4218 275 4253 nes
283 4214 336 4253 ante
343 4206 478 4255 Pichenam.
496 4212 617 4257 Uamtcie.
631 4210 685 4260 MS.
692 4212 753 4274 Agr.
782 4211 843 4275 Agr.
858 4212 895 4261 ed.
905 4225 941 4276 pr.
959 4216 1080 4262 Tolbiaeir
1101 4222 1126 4260 at
1143 4212 1199 4259 MS.
1210 4212 1301 4274 (Bnd.)

234 4268 283 4319 Ed.
292 4284 327 4334 pr.
335 4270 447 4320 hicvalde
454 4282 558 4338 corrupte
565 4276 626 4337 legio
634 4290 663 4323 ea
668 4278 751 4337 prima
782 4277 863 4328 Guelf.
879 4278 915 4325 ed.
930 4279 1022 4326 Puteol.
1038 4277 1151 4327 Caibioci.
1177 4275 1231 4323 Ber.
1244 4277 1300 4323 Alc.

231 4336 363 4398 potentiore
382 4344 425 4385 etc.
457 4338 565 4387 Added
580 4340 601 4401 l,
615 4340 654 4387 61.
679 4340 752 4388 Eun.
788 4343 904 4402 Galbiaci,
926 4342 989 4407 quod
1010 4341 1148 4389 castritium
1170 4355 1301 4415 operarum.

237 4398 301 4449 Buri.
312 4398 385 4448 XXI.
392 4405 532 4463 potentiore.
790 4408 894 4454 Tolbiaci
909 4406 1096 4454 restituitlthen.
1129 4403 1207 4451 Hodie
1217 4404 1301 4454 dicimr

271 4466 534 4533 Nectiaeosudioiaa]
560 4467 753 4533 Facessantergo,
789 4472 890 4520 Zuliici.
917 4470 990 4520 Ean.
1022 4470 1083 4519 Item
1096 4470 1205 4531 launa.
