<?xml version="1.0" encoding="UTF-8"?>
<!DOCTYPE html PUBLIC "-//W3C//DTD XHTML 1.0 Transitional//EN"
    "http://www.w3.org/TR/xhtml1/DTD/xhtml1-transitional.dtd">
<html xmlns="http://www.w3.org/1999/xhtml" xml:lang="en" lang="en">
 <head>
  <title>
</title>
<meta http-equiv="Content-Type" content="text/html;charset=utf-8" />
  <meta name='ocr-system' content='tesseract 3.04.00' />
  <meta name='ocr-capabilities' content='ocr_page ocr_carea ocr_par ocr_line ocrx_word'/>
</head>
<body>
  <div class='ocr_page' id='page_1' title='image "./ccorneliitaciti00grongoog/ccorneliitaciti00grongoog_0104.png"; bbox 0 0 3059 4975; ppageno 0'>
   <div class='ocr_carea' id='block_1_1' title="bbox 234 265 1299 343">
    <p class='ocr_par' dir='ltr' id='par_1_1' title="bbox 234 265 1299 343">
     <span class='ocr_line' id='line_1_1' title="bbox 234 265 1299 343; baseline -0.005 -15"><span class='ocrx_word' id='word_1_1' title='bbox 234 269 270 328; x_wconf 81' lang='lat' dir='ltr'><strong>aa</strong></span> <span class='ocrx_word' id='word_1_2' title='bbox 618 265 920 327; x_wconf 76' lang='lat' dir='ltr'><strong>maronianum</strong></span> <span class='ocrx_word' id='word_1_3' title='bbox 1127 268 1299 343; x_wconf 61' lang='lat' dir='ltr'><strong>[nasas.</strong></span> 
     </span>
    </p>
   </div>
   <div class='ocr_carea' id='block_1_2' title="bbox 164 428 1369 2833">
    <p class='ocr_par' dir='ltr' id='par_1_2' title="bbox 164 428 1369 2833">
     <span class='ocr_line' id='line_1_2' title="bbox 228 428 1295 518; baseline 0 -25"><span class='ocrx_word' id='word_1_4' title='bbox 228 428 393 493; x_wconf 80' lang='lat' dir='ltr'><strong>AEmilium</strong></span> <span class='ocrx_word' id='word_1_5' title='bbox 417 430 584 495; x_wconf 74' lang='lat' dir='ltr'><strong>Pacensem</strong></span> <span class='ocrx_word' id='word_1_6' title='bbox 608 431 715 495; x_wconf 84' lang='lat' dir='ltr'>Duces</span> <span class='ocrx_word' id='word_1_7' title='bbox 737 430 875 497; x_wconf 78' lang='lat' dir='ltr'><strong>dederat.</strong></span> <span class='ocrx_word' id='word_1_8' title='bbox 922 428 984 495; x_wconf 88' lang='lat' dir='ltr'><strong>Sed</strong></span> <span class='ocrx_word' id='word_1_9' title='bbox 1009 428 1153 495; x_wconf 72' lang='lat' dir='ltr'><strong>Pacensis</strong></span> <span class='ocrx_word' id='word_1_10' title='bbox 1178 454 1234 518; x_wconf 91' lang='lat' dir='ltr'><strong>per</strong></span> <span class='ocrx_word' id='word_1_11' title='bbox 1258 430 1295 494; x_wconf 82' lang='lat' dir='ltr'><strong>li·</strong></span> 
     </span>
     <span class='ocr_line' id='line_1_3' title="bbox 224 515 1293 591; baseline 0 -12"><span class='ocrx_word' id='word_1_12' title='bbox 224 516 357 579; x_wconf 86' lang='lat' dir='ltr'><strong>centiam</strong></span> <span class='ocrx_word' id='word_1_13' title='bbox 380 515 514 580; x_wconf 91' lang='lat' dir='ltr'><strong>militum</strong></span> <span class='ocrx_word' id='word_1_14' title='bbox 533 516 673 580; x_wconf 88' lang='lat' dir='ltr'><strong>vinctus:</strong></span> <span class='ocrx_word' id='word_1_15' title='bbox 698 516 839 581; x_wconf 89' lang='lat' dir='ltr'><strong>Antonio</strong></span> <span class='ocrx_word' id='word_1_16' title='bbox 853 516 986 591; x_wconf 85' lang='lat' dir='ltr'><strong>Novello</strong></span> <span class='ocrx_word' id='word_1_17' title='bbox 1005 515 1090 579; x_wconf 91' lang='lat' dir='ltr'><strong>nulla</strong></span> <span class='ocrx_word' id='word_1_18' title='bbox 1108 516 1293 581; x_wconf 83' lang='lat' dir='ltr'><strong>auctoritas:</strong></span> 
     </span>
     <span class='ocr_line' id='line_1_4' title="bbox 227 600 1294 689; baseline 0 -25"><span class='ocrx_word' id='word_1_19' title='bbox 227 600 364 665; x_wconf 88' lang='lat' dir='ltr'><strong>Suedius</strong></span> <span class='ocrx_word' id='word_1_20' title='bbox 379 600 523 666; x_wconf 87' lang='lat' dir='ltr'><strong>Clemens</strong></span> <span class='ocrx_word' id='word_1_21' title='bbox 535 601 697 667; x_wconf 88' lang='lat' dir='ltr'><strong>ambitioso</strong></span> <span class='ocrx_word' id='word_1_22' title='bbox 710 602 841 689; x_wconf 87' lang='lat' dir='ltr'><strong>imperio</strong></span> <span class='ocrx_word' id='word_1_23' title='bbox 855 604 992 687; x_wconf 87' lang='lat' dir='ltr'><strong>regebat,</strong></span> <span class='ocrx_word' id='word_1_24' title='bbox 1007 619 1044 665; x_wconf 87' lang='lat' dir='ltr'><strong>ut</strong></span> <span class='ocrx_word' id='word_1_25' title='bbox 1060 601 1209 667; x_wconf 84' lang='lat' dir='ltr'><strong>adversus</strong></span> <span class='ocrx_word' id='word_1_26' title='bbox 1230 624 1294 664; x_wconf 90' lang='lat' dir='ltr'><strong>mo-</strong></span> 
     </span>
     <span class='ocr_line' id='line_1_5' title="bbox 224 685 1293 785; baseline -0.001 -35"><span class='ocrx_word' id='word_1_27' title='bbox 224 685 355 751; x_wconf 85' lang='lat' dir='ltr'><strong>destiam</strong></span> <span class='ocrx_word' id='word_1_28' title='bbox 379 686 548 773; x_wconf 79' lang='lat' dir='ltr'><strong>disciplima</strong></span> <span class='ocrx_word' id='word_1_29' title='bbox 573 702 755 774; x_wconf 87' lang='lat' dir='ltr'><strong>conruptus,</strong></span> <span class='ocrx_word' id='word_1_30' title='bbox 780 688 824 752; x_wconf 86' lang='lat' dir='ltr'><strong>ita</strong></span> <span class='ocrx_word' id='word_1_31' title='bbox 849 688 1030 785; x_wconf 83' lang='lat' dir='ltr'><strong>proeliorum</strong></span> <span class='ocrx_word' id='word_1_32' title='bbox 1055 687 1174 753; x_wconf 88' lang='lat' dir='ltr'><strong>avidus.</strong></span> <span class='ocrx_word' id='word_1_33' title='bbox 1220 689 1293 752; x_wconf 92' lang='lat' dir='ltr'><strong>Non</strong></span> 
     </span>
     <span class='ocr_line' id='line_1_6' title="bbox 226 772 1293 859; baseline 0 -23"><span class='ocrx_word' id='word_1_34' title='bbox 226 772 318 836; x_wconf 87' lang='lat' dir='ltr'><strong>ltalia</strong></span> <span class='ocrx_word' id='word_1_35' title='bbox 336 772 425 850; x_wconf 88' lang='lat' dir='ltr'><strong>adiri,</strong></span> <span class='ocrx_word' id='word_1_36' title='bbox 449 796 505 837; x_wconf 91' lang='lat' dir='ltr'><strong>nec</strong></span> <span class='ocrx_word' id='word_1_37' title='bbox 525 772 593 837; x_wconf 87' lang='lat' dir='ltr'><strong>loca</strong></span> <span class='ocrx_word' id='word_1_38' title='bbox 612 772 761 859; x_wconf 88' lang='lat' dir='ltr'><strong>sedesque</strong></span> <span class='ocrx_word' id='word_1_39' title='bbox 780 787 889 859; x_wconf 73' lang='lat' dir='ltr'><strong>patna</strong></span> <span class='ocrx_word' id='word_1_40' title='bbox 906 772 1108 845; x_wconf 86' lang='lat' dir='ltr'><strong>videbantur:</strong></span> <span class='ocrx_word' id='word_1_41' title='bbox 1132 788 1293 859; x_wconf 83' lang='lat' dir='ltr'><strong>tamquam</strong></span> 
     </span>
     <span class='ocr_line' id='line_1_7' title="bbox 223 858 1292 945; baseline 0.002 -25"><span class='ocrx_word' id='word_1_42' title='bbox 223 872 352 921; x_wconf 82' lang='lat' dir='ltr'><strong>externa</strong></span> <span class='ocrx_word' id='word_1_43' title='bbox 374 858 464 922; x_wconf 91' lang='lat' dir='ltr'><strong>litora</strong></span> <span class='ocrx_word' id='word_1_44' title='bbox 486 871 518 922; x_wconf 93' lang='lat' dir='ltr'><strong>et</strong></span> <span class='ocrx_word' id='word_1_45' title='bbox 540 858 634 922; x_wconf 90' lang='lat' dir='ltr'><strong>urbes</strong></span> <span class='ocrx_word' id='word_1_46' title='bbox 656 858 794 923; x_wconf 91' lang='lat' dir='ltr'><strong>hostium</strong></span> <span class='ocrx_word' id='word_1_47' title='bbox 819 882 919 936; x_wconf 86' lang='lat' dir='ltr'><strong>urere,</strong></span> <span class='ocrx_word' id='word_1_48' title='bbox 943 874 1074 936; x_wconf 88' lang='lat' dir='ltr'><strong>vastare,</strong></span> <span class='ocrx_word' id='word_1_49' title='bbox 1098 881 1223 945; x_wconf 89' lang='lat' dir='ltr'><strong>rapere:</strong></span> <span class='ocrx_word' id='word_1_50' title='bbox 1254 882 1292 922; x_wconf 89' lang='lat' dir='ltr'><strong>eo</strong></span> 
     </span>
     <span class='ocr_line' id='line_1_8' title="bbox 164 943 1293 1031; baseline 0.003 -25"><span class='ocrx_word' id='word_1_51' title='bbox 164 960 167 965; x_wconf 88' lang='grc'><em>·</em></span> <span class='ocrx_word' id='word_1_52' title='bbox 223 944 368 1021; x_wconf 63' lang='lat' dir='ltr'><strong>atrocius</strong></span> <span class='ocrx_word' id='word_1_53' title='bbox 380 944 465 1030; x_wconf 93' lang='lat' dir='ltr'><strong>quod</strong></span> <span class='ocrx_word' id='word_1_54' title='bbox 481 944 556 1007; x_wconf 90' lang='lat' dir='ltr'><strong>nihil</strong></span> <span class='ocrx_word' id='word_1_55' title='bbox 572 967 703 1030; x_wconf 83' lang='lat' dir='ltr'><strong>usquam</strong></span> <span class='ocrx_word' id='word_1_56' title='bbox 716 944 876 1031; x_wconf 81' lang='lat' dir='ltr'><strong>provisum</strong></span> <span class='ocrx_word' id='word_1_57' title='bbox 890 945 1055 1007; x_wconf 86' lang='lat' dir='ltr'><strong>adversum</strong></span> <span class='ocrx_word' id='word_1_58' title='bbox 1070 958 1180 1009; x_wconf 88' lang='lat' dir='ltr'><strong>metus.</strong></span> <span class='ocrx_word' id='word_1_59' title='bbox 1204 943 1293 1009; x_wconf 89' lang='lat' dir='ltr'><strong>Pleni</strong></span> 
     </span>
     <span class='ocr_line' id='line_1_9' title="bbox 223 1028 1291 1117; baseline 0.002 -26"><span class='ocrx_word' id='word_1_60' title='bbox 223 1028 301 1113; x_wconf 84' lang='lat' dir='ltr'><strong>agri,</strong></span> <span class='ocrx_word' id='word_1_61' title='bbox 321 1045 439 1117; x_wconf 87' lang='lat' dir='ltr'><strong>apertae</strong></span> <span class='ocrx_word' id='word_1_62' title='bbox 461 1028 589 1093; x_wconf 89' lang='lat' dir='ltr'><strong>domus:</strong></span> <span class='ocrx_word' id='word_1_63' title='bbox 616 1044 812 1095; x_wconf 81' lang='lat' dir='ltr'><strong>occursantes</strong></span> <span class='ocrx_word' id='word_1_64' title='bbox 837 1028 955 1093; x_wconf 92' lang='lat' dir='ltr'><strong>domini</strong></span> <span class='ocrx_word' id='word_1_65' title='bbox 976 1031 1071 1116; x_wconf 86' lang='lat' dir='ltr'><strong>juxta</strong></span> <span class='ocrx_word' id='word_1_66' title='bbox 1090 1030 1240 1117; x_wconf 85' lang='lat' dir='ltr'><strong>conjuges</strong></span> <span class='ocrx_word' id='word_1_67' title='bbox 1260 1042 1291 1093; x_wconf 92' lang='lat' dir='ltr'><strong>et</strong></span> 
     </span>
     <span class='ocr_line' id='line_1_10' title="bbox 223 1112 1369 1202; baseline 0.003 -26"><span class='ocrx_word' id='word_1_68' title='bbox 223 1112 336 1179; x_wconf 89' lang='lat' dir='ltr'><strong>liberos</strong></span> <span class='ocrx_word' id='word_1_69' title='bbox 350 1114 512 1179; x_wconf 80' lang='lat' dir='ltr'><strong>securitate</strong></span> <span class='ocrx_word' id='word_1_70' title='bbox 525 1116 609 1202; x_wconf 82' lang='lat' dir='ltr'><strong>pacis</strong></span> <span class='ocrx_word' id='word_1_71' title='bbox 623 1130 654 1179; x_wconf 91' lang='lat' dir='ltr'><strong>et</strong></span> <span class='ocrx_word' id='word_1_72' title='bbox 668 1114 741 1179; x_wconf 92' lang='lat' dir='ltr'><strong>belli</strong></span> <span class='ocrx_word' id='word_1_73' title='bbox 755 1115 837 1179; x_wconf 92' lang='lat' dir='ltr'><strong>malo</strong></span> <span class='ocrx_word' id='word_1_74' title='bbox 850 1114 1181 1181; x_wconf 85' lang='lat' dir='ltr'><strong>circumveniebantur.</strong></span> <span class='ocrx_word' id='word_1_75' title='bbox 1221 1115 1292 1179; x_wconf 91' lang='lat' dir='ltr'><strong>Ma·</strong></span> <span class='ocrx_word' id='word_1_76' title='bbox 1365 1155 1369 1160; x_wconf 83' lang='lat'>.</span> 
     </span>
     <span class='ocr_line' id='line_1_11' title="bbox 223 1199 1292 1287; baseline 0.002 -24"><span class='ocrx_word' id='word_1_77' title='bbox 223 1199 341 1265; x_wconf 87' lang='lat' dir='ltr'><strong>ritimas</strong></span> <span class='ocrx_word' id='word_1_78' title='bbox 361 1216 430 1267; x_wconf 92' lang='lat' dir='ltr'><strong>tum</strong></span> <span class='ocrx_word' id='word_1_79' title='bbox 446 1200 545 1287; x_wconf 86' lang='lat' dir='ltr'><strong>Alpes</strong></span> <span class='ocrx_word' id='word_1_80' title='bbox 567 1202 691 1265; x_wconf 88' lang='lat' dir='ltr'><strong>tenebat</strong></span> <span class='ocrx_word' id='word_1_81' title='bbox 706 1203 896 1265; x_wconf 84' lang='lat' dir='ltr'><strong>Procurator</strong></span> <span class='ocrx_word' id='word_1_82' title='bbox 918 1200 1041 1265; x_wconf 88' lang='lat' dir='ltr'><strong>Marius</strong></span> <span class='ocrx_word' id='word_1_83' title='bbox 1061 1202 1216 1267; x_wconf 85' lang='lat' dir='ltr'><strong>Maturus</strong></span> <span class='ocrx_word' id='word_1_84' title='bbox 1260 1202 1292 1265; x_wconf 90' lang='lat' dir='ltr'><strong>ls</strong></span> 
     </span>
     <span class='ocr_line' id='line_1_12' title="bbox 223 1285 1293 1374; baseline 0.001 -25"><span class='ocrx_word' id='word_1_85' title='bbox 223 1286 342 1351; x_wconf 88' lang='lat' dir='ltr'><strong>concita</strong></span> <span class='ocrx_word' id='word_1_86' title='bbox 364 1302 457 1373; x_wconf 88' lang='lat' dir='ltr'><strong>gente</strong></span> <span class='ocrx_word' id='word_1_87' title='bbox 482 1293 550 1371; x_wconf 90' lang='lat' dir='ltr'><strong>(nec</strong></span> <span class='ocrx_word' id='word_1_88' title='bbox 574 1286 660 1350; x_wconf 83' lang='lat' dir='ltr'><strong>deest</strong></span> <span class='ocrx_word' id='word_1_89' title='bbox 682 1287 846 1373; x_wconf 89' lang='lat' dir='ltr'><strong>juventus)</strong></span> <span class='ocrx_word' id='word_1_90' title='bbox 866 1310 969 1350; x_wconf 88' lang='lat' dir='ltr'><strong>arcere</strong></span> <span class='ocrx_word' id='word_1_91' title='bbox 992 1285 1158 1374; x_wconf 86' lang='lat' dir='ltr'><strong>provinciae</strong></span> <span class='ocrx_word' id='word_1_92' title='bbox 1179 1287 1293 1351; x_wconf 88' lang='lat' dir='ltr'><strong>finibus</strong></span> 
     </span>
     <span class='ocr_line' id='line_1_13' title="bbox 224 1370 1291 1459; baseline -0.001 -22"><span class='ocrx_word' id='word_1_93' title='bbox 224 1373 416 1437; x_wconf 85' lang='lat' dir='ltr'><strong>Othonianos</strong></span> <span class='ocrx_word' id='word_1_94' title='bbox 450 1372 591 1436; x_wconf 83' lang='lat' dir='ltr'><strong>intendit</strong></span> <span class='ocrx_word' id='word_1_95' title='bbox 640 1372 702 1435; x_wconf 92' lang='lat' dir='ltr'><strong>Sed</strong></span> <span class='ocrx_word' id='word_1_96' title='bbox 737 1373 839 1458; x_wconf 92' lang='lat' dir='ltr'><strong>primo</strong></span> <span class='ocrx_word' id='word_1_97' title='bbox 869 1372 978 1459; x_wconf 87' lang='lat' dir='ltr'><strong>inpetu</strong></span> <span class='ocrx_word' id='word_1_98' title='bbox 1011 1370 1082 1436; x_wconf 85' lang='lat' dir='ltr'><strong>caesi</strong></span> <span class='ocrx_word' id='word_1_99' title='bbox 1109 1371 1291 1459; x_wconf 89' lang='lat' dir='ltr'><strong>disjectique</strong></span> 
     </span>
     <span class='ocr_line' id='line_1_14' title="bbox 222 1457 1290 1544; baseline 0.002 -25"><span class='ocrx_word' id='word_1_100' title='bbox 222 1457 371 1536; x_wconf 88' lang='lat' dir='ltr'><strong>montani,</strong></span> <span class='ocrx_word' id='word_1_101' title='bbox 387 1457 563 1544; x_wconf 86' lang='lat' dir='ltr'><strong>atquibus,</strong></span> <span class='ocrx_word' id='word_1_102' title='bbox 579 1471 692 1522; x_wconf 89' lang='lat' dir='ltr'><strong>temere</strong></span> <span class='ocrx_word' id='word_1_103' title='bbox 707 1458 861 1536; x_wconf 89' lang='lat' dir='ltr'><strong>conlectis,</strong></span> <span class='ocrx_word' id='word_1_104' title='bbox 883 1482 944 1521; x_wconf 90' lang='lat' dir='ltr'><strong>non</strong></span> <span class='ocrx_word' id='word_1_105' title='bbox 959 1471 1079 1535; x_wconf 55' lang='lat' dir='ltr'><strong>castra„</strong></span> <span class='ocrx_word' id='word_1_106' title='bbox 1089 1479 1151 1521; x_wconf 89' lang='lat' dir='ltr'><strong>non</strong></span> <span class='ocrx_word' id='word_1_107' title='bbox 1167 1460 1290 1523; x_wconf 85' lang='lat' dir='ltr'><strong>Ducem</strong></span> 
     </span>
     <span class='ocr_line' id='line_1_15' title="bbox 222 1542 1291 1691; baseline 0.002 -86"><span class='ocrx_word' id='word_1_108' title='bbox 222 1542 455 1691; x_wconf 59' lang='lat' dir='ltr'><strong>poscitantibua</strong></span> <span class='ocrx_word' id='word_1_109' title='bbox 479 1566 580 1629; x_wconf 91' lang='lat' dir='ltr'><strong>neque</strong></span> <span class='ocrx_word' id='word_1_110' title='bbox 601 1542 634 1605; x_wconf 91' lang='lat' dir='ltr'><strong>in</strong></span> <span class='ocrx_word' id='word_1_111' title='bbox 656 1542 784 1607; x_wconf 86' lang='lat' dir='ltr'><strong>victoria</strong></span> <span class='ocrx_word' id='word_1_112' title='bbox 805 1542 900 1609; x_wconf 90' lang='lat' dir='ltr'><strong>decus</strong></span> <span class='ocrx_word' id='word_1_113' title='bbox 925 1557 1015 1622; x_wconf 89' lang='lat' dir='ltr'><strong>esset,</strong></span> <span class='ocrx_word' id='word_1_114' title='bbox 1037 1564 1138 1629; x_wconf 89' lang='lat' dir='ltr'><strong>neque</strong></span> <span class='ocrx_word' id='word_1_115' title='bbox 1159 1542 1190 1608; x_wconf 93' lang='lat' dir='ltr'><strong>in</strong></span> <span class='ocrx_word' id='word_1_116' title='bbox 1213 1544 1291 1631; x_wconf 85' lang='lat' dir='ltr'><strong>fuga</strong></span> 
     </span>
     <span class='ocr_line' id='line_1_16' title="bbox 299 1630 387 1694; baseline 0.011 -1"><span class='ocrx_word' id='word_1_117' title='bbox 299 1630 387 1694; x_wconf 87' lang='lat' dir='ltr'><strong>tium.</strong></span> 
     </span>
     <span class='ocr_line' id='line_1_17' title="bbox 247 1652 1289 1802; baseline 0.002 -24"><span class='ocrx_word' id='word_1_118' title='bbox 247 1652 383 1780; x_wconf 54' lang='grc' dir='ltr'><strong>δέ’ΞΙζΙΙᾙ</strong></span> <span class='ocrx_word' id='word_1_119' title='bbox 407 1715 558 1780; x_wconf 86' lang='lat' dir='ltr'><strong>Inritatus</strong></span> <span class='ocrx_word' id='word_1_120' title='bbox 582 1740 619 1779; x_wconf 89' lang='lat' dir='ltr'><strong>eo</strong></span> <span class='ocrx_word' id='word_1_121' title='bbox 644 1715 755 1802; x_wconf 88' lang='lat' dir='ltr'><strong>proelio</strong></span> <span class='ocrx_word' id='word_1_122' title='bbox 783 1715 917 1781; x_wconf 90' lang='lat' dir='ltr'><strong>Othonis</strong></span> <span class='ocrx_word' id='word_1_123' title='bbox 942 1716 1029 1781; x_wconf 85' lang='lat' dir='ltr'><strong>miles</strong></span> <span class='ocrx_word' id='word_1_124' title='bbox 1053 1715 1146 1781; x_wconf 88' lang='lat' dir='ltr'><strong>vertit</strong></span> <span class='ocrx_word' id='word_1_125' title='bbox 1171 1714 1231 1781; x_wconf 90' lang='lat' dir='ltr'><strong>iras</strong></span> <span class='ocrx_word' id='word_1_126' title='bbox 1256 1715 1289 1780; x_wconf 90' lang='lat' dir='ltr'><strong>in</strong></span> 
     </span>
     <span class='ocr_line' id='line_1_18' title="bbox 223 1795 1288 1890; baseline 0.003 -27"><span class='ocrx_word' id='word_1_127' title='bbox 223 1800 425 1888; x_wconf 91' lang='lat' dir='ltr'><strong>municipium</strong></span> <span class='ocrx_word' id='word_1_128' title='bbox 438 1801 569 1867; x_wconf 90' lang='lat' dir='ltr'><strong>Albium</strong></span> <span class='ocrx_word' id='word_1_129' title='bbox 580 1801 794 1866; x_wconf 91' lang='lat' dir='ltr'><strong>Intemelium:</strong></span> <span class='ocrx_word' id='word_1_130' title='bbox 811 1801 928 1888; x_wconf 90' lang='lat' dir='ltr'><strong>quippe</strong></span> <span class='ocrx_word' id='word_1_131' title='bbox 942 1801 974 1865; x_wconf 93' lang='lat' dir='ltr'><strong>in</strong></span> <span class='ocrx_word' id='word_1_132' title='bbox 989 1801 1053 1867; x_wconf 87' lang='lat' dir='ltr'><strong>acie</strong></span> <span class='ocrx_word' id='word_1_133' title='bbox 1064 1802 1142 1865; x_wconf 87' lang='lat' dir='ltr'><strong>nihil</strong></span> <span class='ocrx_word' id='word_1_134' title='bbox 1156 1795 1288 1890; x_wconf 83' lang='lat' dir='ltr'><strong>praedae:</strong></span> 
     </span>
     <span class='ocr_line' id='line_1_19' title="bbox 222 1886 1290 1975; baseline 0.003 -26"><span class='ocrx_word' id='word_1_135' title='bbox 222 1886 329 1973; x_wconf 88' lang='lat' dir='ltr'><strong>inopes</strong></span> <span class='ocrx_word' id='word_1_136' title='bbox 356 1902 492 1975; x_wconf 85' lang='lat' dir='ltr'><strong>agrestes</strong></span> <span class='ocrx_word' id='word_1_137' title='bbox 520 1905 551 1953; x_wconf 90' lang='lat' dir='ltr'><strong>et</strong></span> <span class='ocrx_word' id='word_1_138' title='bbox 576 1888 649 1951; x_wconf 88' lang='lat' dir='ltr'><strong>vilia</strong></span> <span class='ocrx_word' id='word_1_139' title='bbox 677 1910 782 1952; x_wconf 85' lang='lat' dir='ltr'><strong>arma:</strong></span> <span class='ocrx_word' id='word_1_140' title='bbox 819 1910 876 1951; x_wconf 90' lang='lat' dir='ltr'><strong>nec</strong></span> <span class='ocrx_word' id='word_1_141' title='bbox 901 1886 969 1973; x_wconf 87' lang='lat' dir='ltr'><strong>capi</strong></span> <span class='ocrx_word' id='word_1_142' title='bbox 997 1901 1150 1974; x_wconf 89' lang='lat' dir='ltr'><strong>poterant,</strong></span> <span class='ocrx_word' id='word_1_143' title='bbox 1180 1888 1290 1975; x_wconf 84' lang='lat' dir='ltr'><strong>pernix</strong></span> 
     </span>
     <span class='ocr_line' id='line_1_20' title="bbox 221 1969 1290 2072; baseline 0.001 -36"><span class='ocrx_word' id='word_1_144' title='bbox 221 1996 322 2058; x_wconf 82' lang='lat' dir='ltr'><strong>genus</strong></span> <span class='ocrx_word' id='word_1_145' title='bbox 335 1988 366 2037; x_wconf 91' lang='lat' dir='ltr'><strong>et</strong></span> <span class='ocrx_word' id='word_1_146' title='bbox 378 1973 468 2061; x_wconf 88' lang='lat' dir='ltr'><strong>gnari</strong></span> <span class='ocrx_word' id='word_1_147' title='bbox 490 1974 645 2039; x_wconf 90' lang='lat' dir='ltr'><strong>locorum:</strong></span> <span class='ocrx_word' id='word_1_148' title='bbox 670 1972 723 2037; x_wconf 88' lang='lat' dir='ltr'><strong>sed</strong></span> <span class='ocrx_word' id='word_1_149' title='bbox 738 1972 964 2037; x_wconf 83' lang='lat' dir='ltr'><strong>calamitatibus</strong></span> <span class='ocrx_word' id='word_1_150' title='bbox 985 1969 1151 2037; x_wconf 91' lang='lat' dir='ltr'><strong>insontium</strong></span> <span class='ocrx_word' id='word_1_151' title='bbox 1168 1973 1290 2072; x_wconf 87' lang='lat' dir='ltr'><strong>expleta</strong></span> 
     </span>
     <span class='ocr_line' id='line_1_21' title="bbox 222 2058 1289 2147; baseline 0.003 -27"><span class='ocrx_word' id='word_1_152' title='bbox 222 2058 359 2123; x_wconf 85' lang='lat' dir='ltr'><strong>avaritia</strong></span> <span class='ocrx_word' id='word_1_153' title='bbox 405 2060 508 2125; x_wconf 85' lang='lat' dir='ltr'><strong>Auxit</strong></span> <span class='ocrx_word' id='word_1_154' title='bbox 530 2059 679 2123; x_wconf 89' lang='lat' dir='ltr'><strong>invidiam</strong></span> <span class='ocrx_word' id='word_1_155' title='bbox 708 2058 857 2144; x_wconf 85' lang='lat' dir='ltr'><strong>praeclaro</strong></span> <span class='ocrx_word' id='word_1_156' title='bbox 879 2058 1021 2146; x_wconf 86' lang='lat' dir='ltr'><strong>exemplo</strong></span> <span class='ocrx_word' id='word_1_157' title='bbox 1040 2059 1156 2123; x_wconf 85' lang='lat' dir='ltr'><strong>femina</strong></span> <span class='ocrx_word' id='word_1_158' title='bbox 1177 2061 1289 2147; x_wconf 76' lang='lat' dir='ltr'><strong>Ligus,</strong></span> 
     </span>
     <span class='ocr_line' id='line_1_22' title="bbox 165 2144 1291 2230; baseline 0.002 -23"><span class='ocrx_word' id='word_1_159' title='bbox 165 2147 168 2151; x_wconf 72' lang='grc'><em>’</em></span> <span class='ocrx_word' id='word_1_160' title='bbox 245 2167 296 2208; x_wconf 81' lang='lat' dir='ltr'><strong>uae</strong></span> <span class='ocrx_word' id='word_1_161' title='bbox 311 2145 375 2209; x_wconf 88' lang='lat' dir='ltr'><strong>filio</strong></span> <span class='ocrx_word' id='word_1_162' title='bbox 388 2145 506 2224; x_wconf 88' lang='lat' dir='ltr'><strong>abdito,</strong></span> <span class='ocrx_word' id='word_1_163' title='bbox 528 2168 601 2210; x_wconf 88' lang='lat' dir='ltr'><strong>cum</strong></span> <span class='ocrx_word' id='word_1_164' title='bbox 623 2144 716 2207; x_wconf 92' lang='lat' dir='ltr'><strong>simul</strong></span> <span class='ocrx_word' id='word_1_165' title='bbox 736 2145 901 2230; x_wconf 89' lang='lat' dir='ltr'><strong>pecuniam</strong></span> <span class='ocrx_word' id='word_1_166' title='bbox 922 2144 1070 2209; x_wconf 89' lang='lat' dir='ltr'><strong>occultari</strong></span> <span class='ocrx_word' id='word_1_167' title='bbox 1093 2144 1204 2209; x_wconf 89' lang='lat' dir='ltr'><strong>milites</strong></span> <span class='ocrx_word' id='word_1_168' title='bbox 1225 2167 1291 2209; x_wconf 91' lang='lat' dir='ltr'><strong>cre-</strong></span> 
     </span>
     <span class='ocr_line' id='line_1_23' title="bbox 222 2167 1289 2317; baseline 0.001 -24"><span class='ocrx_word' id='word_1_169' title='bbox 222 2167 383 2309; x_wconf 78' lang='lat' dir='ltr'><strong>didissent,</strong></span> <span class='ocrx_word' id='word_1_170' title='bbox 410 2254 509 2316; x_wconf 91' lang='lat' dir='ltr'><strong>eoque</strong></span> <span class='ocrx_word' id='word_1_171' title='bbox 536 2253 592 2316; x_wconf 85' lang='lat' dir='ltr'><strong>per</strong></span> <span class='ocrx_word' id='word_1_172' title='bbox 613 2229 769 2293; x_wconf 90' lang='lat' dir='ltr'><strong>cruciatus</strong></span> <span class='ocrx_word' id='word_1_173' title='bbox 796 2229 1032 2317; x_wconf 87' lang='lat' dir='ltr'><strong>interrogarent,</strong></span> <span class='ocrx_word' id='word_1_174' title='bbox 1062 2229 1161 2294; x_wconf 89' lang='lat' dir='ltr'><strong>“ubi</strong></span> <span class='ocrx_word' id='word_1_175' title='bbox 1189 2230 1289 2295; x_wconf 88' lang='lat' dir='ltr'><strong>filium</strong></span> 
     </span>
     <span class='ocr_line' id='line_1_24' title="bbox 221 2314 1289 2403; baseline 0.002 -24"><span class='ocrx_word' id='word_1_176' title='bbox 221 2316 421 2379; x_wconf 84' lang='lat' dir='ltr'><strong>occuleret?”</strong></span> <span class='ocrx_word' id='word_1_177' title='bbox 458 2329 583 2379; x_wconf 90' lang='lat' dir='ltr'><strong>uterum</strong></span> <span class='ocrx_word' id='word_1_178' title='bbox 611 2315 785 2391; x_wconf 87' lang='lat' dir='ltr'><strong>ostendens,</strong></span> <span class='ocrx_word' id='word_1_179' title='bbox 816 2322 838 2355; x_wconf 85' lang='lat'><strong>“</strong></span> <span class='ocrx_word' id='word_1_180' title='bbox 860 2314 980 2381; x_wconf 81' lang='lat' dir='ltr'><strong>latere”</strong></span> <span class='ocrx_word' id='word_1_181' title='bbox 1009 2314 1176 2403; x_wconf 86' lang='lat' dir='ltr'><strong>respondit.</strong></span> <span class='ocrx_word' id='word_1_182' title='bbox 1221 2318 1289 2381; x_wconf 85' lang='lat' dir='ltr'><strong>Nec</strong></span> 
     </span>
     <span class='ocr_line' id='line_1_25' title="bbox 222 2400 1289 2500; baseline 0.001 -35"><span class='ocrx_word' id='word_1_183' title='bbox 222 2400 294 2465; x_wconf 92' lang='lat' dir='ltr'><strong>ullis</strong></span> <span class='ocrx_word' id='word_1_184' title='bbox 308 2400 421 2500; x_wconf 79' lang='lat' dir='ltr'><strong>deinde</strong></span> <span class='ocrx_word' id='word_1_185' title='bbox 436 2401 614 2481; x_wconf 89' lang='lat' dir='ltr'><strong>terroribus,</strong></span> <span class='ocrx_word' id='word_1_186' title='bbox 632 2414 688 2493; x_wconf 80' lang='lat' dir='ltr'><strong>aut</strong></span> <span class='ocrx_word' id='word_1_187' title='bbox 707 2414 817 2478; x_wconf 90' lang='lat' dir='ltr'><strong>morte,</strong></span> <span class='ocrx_word' id='word_1_188' title='bbox 836 2402 1040 2467; x_wconf 87' lang='lat' dir='ltr'><strong>constantiam</strong></span> <span class='ocrx_word' id='word_1_189' title='bbox 1054 2401 1137 2466; x_wconf 90' lang='lat' dir='ltr'><strong>vocis</strong></span> <span class='ocrx_word' id='word_1_190' title='bbox 1156 2402 1289 2490; x_wconf 77' lang='lat' dir='ltr'><strong>egregias</strong></span> 
     </span>
     <span class='ocr_line' id='line_1_26' title="bbox 221 2501 845 2552; baseline 0.002 -1"><span class='ocrx_word' id='word_1_191' title='bbox 221 2501 363 2552; x_wconf 72' lang='lat' dir='ltr'><strong>mutarat.</strong></span> <span class='ocrx_word' id='word_1_192' title='bbox 844 2531 845 2536; x_wconf 22' lang='grc' dir='ltr'><strong><em>κ</em></strong></span> 
     </span>
     <span class='ocr_line' id='line_1_27' title="bbox 266 2573 1290 2661; baseline 0.002 -25"><span class='ocrx_word' id='word_1_193' title='bbox 266 2573 364 2638; x_wconf 90' lang='lat' dir='ltr'>XIV.</span> <span class='ocrx_word' id='word_1_194' title='bbox 388 2580 411 2612; x_wconf 75' lang='lat'><strong>‘⁶</strong></span> <span class='ocrx_word' id='word_1_195' title='bbox 426 2573 582 2638; x_wconf 90' lang='lat' dir='ltr'><strong>Inminere</strong></span> <span class='ocrx_word' id='word_1_196' title='bbox 598 2575 766 2661; x_wconf 75' lang='lat' dir='ltr'><strong>provinciae</strong></span> <span class='ocrx_word' id='word_1_197' title='bbox 786 2576 993 2652; x_wconf 89' lang='lat' dir='ltr'><strong>Narbonensi,</strong></span> <span class='ocrx_word' id='word_1_198' title='bbox 1015 2573 1047 2637; x_wconf 89' lang='lat' dir='ltr'><strong>in</strong></span> <span class='ocrx_word' id='word_1_199' title='bbox 1061 2575 1157 2639; x_wconf 89' lang='lat' dir='ltr'><strong>verba</strong></span> <span class='ocrx_word' id='word_1_200' title='bbox 1172 2573 1290 2638; x_wconf 92' lang='lat' dir='ltr'><strong>Vitellii</strong></span> 
     </span>
     <span class='ocr_line' id='line_1_28' title="bbox 221 2658 1290 2748; baseline 0.001 -25"><span class='ocrx_word' id='word_1_201' title='bbox 221 2658 350 2739; x_wconf 72' lang='lat' dir='ltr'><strong>adacta,</strong></span> <span class='ocrx_word' id='word_1_202' title='bbox 375 2658 501 2724; x_wconf 88' lang='lat' dir='ltr'><strong>classem</strong></span> <span class='ocrx_word' id='word_1_203' title='bbox 523 2660 687 2738; x_wconf 81' lang='lat' dir='ltr'><strong>Othonis,”</strong></span> <span class='ocrx_word' id='word_1_204' title='bbox 707 2663 808 2726; x_wconf 89' lang='lat' dir='ltr'><strong>Fabio</strong></span> <span class='ocrx_word' id='word_1_205' title='bbox 828 2660 955 2727; x_wconf 84' lang='lat' dir='ltr'><strong>Valenti</strong></span> <span class='ocrx_word' id='word_1_206' title='bbox 977 2659 1091 2748; x_wconf 89' lang='lat' dir='ltr'><strong>trepidi</strong></span> <span class='ocrx_word' id='word_1_207' title='bbox 1115 2661 1215 2725; x_wconf 90' lang='lat' dir='ltr'><strong>nuntii</strong></span> <span class='ocrx_word' id='word_1_208' title='bbox 1235 2659 1290 2724; x_wconf 89' lang='lat' dir='ltr'><strong>ad-</strong></span> 
     </span>
     <span class='ocr_line' id='line_1_29' title="bbox 222 2743 1289 2833; baseline 0.001 -24"><span class='ocrx_word' id='word_1_209' title='bbox 222 2745 329 2810; x_wconf 88' lang='lat' dir='ltr'><strong>tulere.</strong></span> <span class='ocrx_word' id='word_1_210' title='bbox 374 2743 519 2811; x_wconf 86' lang='lat' dir='ltr'><strong>Aderant</strong></span> <span class='ocrx_word' id='word_1_211' title='bbox 532 2745 626 2833; x_wconf 88' lang='lat' dir='ltr'><strong>legati</strong></span> <span class='ocrx_word' id='word_1_212' title='bbox 640 2745 841 2827; x_wconf 89' lang='lat' dir='ltr'><strong>coloniarum,</strong></span> <span class='ocrx_word' id='word_1_213' title='bbox 857 2746 1010 2812; x_wconf 88' lang='lat' dir='ltr'><strong>auxilium</strong></span> <span class='ocrx_word' id='word_1_214' title='bbox 1024 2759 1154 2812; x_wconf 89' lang='lat' dir='ltr'><strong>orantes.</strong></span> <span class='ocrx_word' id='word_1_215' title='bbox 1199 2748 1289 2811; x_wconf 86' lang='lat' dir='ltr'><strong>Duas</strong></span> 
     </span>
    </p>
   </div>
   <div class='ocr_carea' id='block_1_3' title="bbox 215 2946 1289 4500">
    <p class='ocr_par' dir='ltr' id='par_1_3' title="bbox 215 2946 1289 3318">
     <span class='ocr_line' id='line_1_30' title="bbox 255 2946 1289 3011; baseline -0.001 -18"><span class='ocrx_word' id='word_1_216' title='bbox 255 2946 437 2994; x_wconf 73' lang='lat' dir='ltr'><strong>Perdiceuiiam</strong></span> <span class='ocrx_word' id='word_1_217' title='bbox 448 2948 554 2994; x_wconf 65' lang='lat' dir='ltr'><strong>nlilitum</strong></span> <span class='ocrx_word' id='word_1_218' title='bbox 567 2949 672 3011; x_wconf 76' lang='lat' dir='ltr'><strong>vincius]</strong></span> <span class='ocrx_word' id='word_1_219' title='bbox 699 2947 738 2996; x_wconf 81' lang='lat' dir='ltr'><strong>Sic</strong></span> <span class='ocrx_word' id='word_1_220' title='bbox 771 2951 874 3006; x_wconf 55' lang='lat' dir='ltr'><strong>sparsis</strong></span> <span class='ocrx_word' id='word_1_221' title='bbox 887 2947 1062 3009; x_wconf 73' lang='grc' dir='ltr'><strong>δὶῚντιμιλίων,</strong></span> <span class='ocrx_word' id='word_1_222' title='bbox 1075 2947 1289 3000; x_wconf 69' lang='lat' dir='ltr'><strong>slsirwrrirsirsr·</strong></span> 
     </span>
     <span class='ocr_line' id='line_1_31' title="bbox 222 3009 1288 3075; baseline 0 -19"><span class='ocrx_word' id='word_1_223' title='bbox 222 3024 252 3058; x_wconf 82' lang='lat' dir='ltr'><strong>ex</strong></span> <span class='ocrx_word' id='word_1_224' title='bbox 259 3009 315 3057; x_wconf 84' lang='lat' dir='ltr'><strong>Flor</strong></span> <span class='ocrx_word' id='word_1_225' title='bbox 329 3012 386 3058; x_wconf 81' lang='lat' dir='ltr'><strong>bene</strong></span> <span class='ocrx_word' id='word_1_226' title='bbox 395 3011 504 3070; x_wconf 80' lang='lat' dir='ltr'><strong>Pieheua,</strong></span> <span class='ocrx_word' id='word_1_227' title='bbox 512 3011 626 3060; x_wconf 80' lang='lat' dir='ltr'><strong>etsimilia</strong></span> <span class='ocrx_word' id='word_1_228' title='bbox 632 3013 739 3075; x_wconf 74' lang='lat' dir='ltr'><strong>exempla</strong></span> <span class='ocrx_word' id='word_1_229' title='bbox 771 3013 819 3066; x_wconf 72' lang='lat' dir='ltr'><strong>aiat</strong></span> <span class='ocrx_word' id='word_1_230' title='bbox 827 3015 897 3058; x_wconf 76' lang='grc' dir='ltr'><strong><em>αὐτῶν</em></strong></span> <span class='ocrx_word' id='word_1_231' title='bbox 908 3013 941 3058; x_wconf 75' lang='lat' dir='ltr'><strong>iri</strong></span> <span class='ocrx_word' id='word_1_232' title='bbox 951 3017 979 3066; x_wconf 79' lang='grc' dir='ltr'><strong>τῆ</strong></span> <span class='ocrx_word' id='word_1_233' title='bbox 990 3013 1106 3067; x_wconf 57' lang='grc' dir='ltr'><strong>θαλάττῃ,</strong></span> <span class='ocrx_word' id='word_1_234' title='bbox 1116 3015 1154 3066; x_wconf 69' lang='grc' dir='ltr'><strong>τὴν</strong></span> <span class='ocrx_word' id='word_1_235' title='bbox 1163 3012 1200 3068; x_wconf 76' lang='grc' dir='ltr'><strong>μὶν</strong></span> <span class='ocrx_word' id='word_1_236' title='bbox 1209 3012 1288 3070; x_wconf 67' lang='grc' dir='ltr'><strong><em>ὄνομά-</em></strong></span> 
     </span>
     <span class='ocr_line' id='line_1_32' title="bbox 222 3064 1287 3138; baseline -0.002 -16"><span class='ocrx_word' id='word_1_237' title='bbox 222 3073 247 3120; x_wconf 81' lang='lat' dir='ltr'><strong>in</strong></span> <span class='ocrx_word' id='word_1_238' title='bbox 254 3074 299 3122; x_wconf 85' lang='lat' dir='ltr'><strong>hoc</strong></span> <span class='ocrx_word' id='word_1_239' title='bbox 306 3075 357 3138; x_wconf 77' lang='lat' dir='ltr'><strong>ipso</strong></span> <span class='ocrx_word' id='word_1_240' title='bbox 364 3075 425 3123; x_wconf 86' lang='lat' dir='ltr'><strong>libro</strong></span> <span class='ocrx_word' id='word_1_241' title='bbox 432 3085 563 3135; x_wconf 76' lang='lat' dir='ltr'><strong>occurrunt,</strong></span> <span class='ocrx_word' id='word_1_242' title='bbox 572 3091 627 3123; x_wconf 82' lang='lat' dir='ltr'><strong>mox</strong></span> <span class='ocrx_word' id='word_1_243' title='bbox 637 3075 739 3124; x_wconf 81' lang='lat' dir='ltr'><strong>deJulio</strong></span> <span class='ocrx_word' id='word_1_244' title='bbox 773 3075 845 3130; x_wconf 78' lang='grc' dir='ltr'><strong><em>ζισθαι</em></strong></span> <span class='ocrx_word' id='word_1_245' title='bbox 855 3064 1131 3134; x_wconf 69' lang='lat' dir='ltr'><strong>“aneras&#39;1irsps&#39;aro‚&#39;slss</strong></span> <span class='ocrx_word' id='word_1_246' title='bbox 1141 3075 1239 3130; x_wconf 74' lang='grc' dir='ltr'>Ἀλπων,</span> <span class='ocrx_word' id='word_1_247' title='bbox 1249 3078 1287 3130; x_wconf 70' lang='grc' dir='ltr'><strong>τὴν</strong></span> 
     </span>
     <span class='ocr_line' id='line_1_33' title="bbox 222 3138 1287 3203; baseline -0.001 -17"><span class='ocrx_word' id='word_1_248' title='bbox 222 3139 340 3194; x_wconf 73' lang='lat' dir='ltr'><strong>Frontone</strong></span> <span class='ocrx_word' id='word_1_249' title='bbox 354 3141 424 3188; x_wconf 61' lang='lat' dir='ltr'><strong>Md·</strong></span> <span class='ocrx_word' id='word_1_250' title='bbox 458 3142 489 3188; x_wconf 85' lang='lat' dir='ltr'><strong>In</strong></span> <span class='ocrx_word' id='word_1_251' title='bbox 505 3140 540 3188; x_wconf 78' lang='lat' dir='ltr'><strong>ed.</strong></span> <span class='ocrx_word' id='word_1_252' title='bbox 552 3156 587 3203; x_wconf 81' lang='lat' dir='ltr'><strong>pr.</strong></span> <span class='ocrx_word' id='word_1_253' title='bbox 600 3150 634 3187; x_wconf 73' lang='lat' dir='ltr'><strong>est</strong></span> <span class='ocrx_word' id='word_1_254' title='bbox 649 3142 739 3188; x_wconf 74' lang='lat' dir='ltr'><strong>inverse</strong></span> <span class='ocrx_word' id='word_1_255' title='bbox 772 3139 793 3184; x_wconf 71' lang='lat' dir='ltr'><strong>il</strong></span> <span class='ocrx_word' id='word_1_256' title='bbox 813 3138 993 3197; x_wconf 67' lang='lat' dir='ltr'><strong>irrrssanas&#39;sur</strong></span> <span class='ocrx_word' id='word_1_257' title='bbox 1011 3143 1108 3198; x_wconf 78' lang='grc' dir='ltr'><strong>μᾶλλον,</strong></span> <span class='ocrx_word' id='word_1_258' title='bbox 1126 3139 1287 3198; x_wconf 72' lang='grc' dir='ltr'><strong>Ἀλβιγγαῦιον.</strong></span> 
     </span>
     <span class='ocr_line' id='line_1_34' title="bbox 215 3201 1287 3270; baseline 0.001 -21"><span class='ocrx_word' id='word_1_259' title='bbox 215 3206 322 3265; x_wconf 79' lang='lat' dir='ltr'><strong>junctus.</strong></span> <span class='ocrx_word' id='word_1_260' title='bbox 347 3204 425 3251; x_wconf 86' lang='lat' dir='ltr'><strong>Ceteri</strong></span> <span class='ocrx_word' id='word_1_261' title='bbox 435 3204 489 3252; x_wconf 86' lang='lat' dir='ltr'><strong>libri</strong></span> <span class='ocrx_word' id='word_1_262' title='bbox 497 3207 580 3251; x_wconf 67' lang='lat' dir='ltr'><strong>victas</strong></span> <span class='ocrx_word' id='word_1_263' title='bbox 601 3204 672 3270; x_wconf 68' lang='lat' dir='ltr'><strong>Eam.</strong></span> <span class='ocrx_word' id='word_1_264' title='bbox 700 3204 740 3253; x_wconf 79' lang='lat' dir='ltr'><strong>ste</strong></span> <span class='ocrx_word' id='word_1_265' title='bbox 772 3203 823 3250; x_wconf 85' lang='lat' dir='ltr'><strong>Nee</strong></span> <span class='ocrx_word' id='word_1_266' title='bbox 842 3201 909 3252; x_wconf 81' lang='lat' dir='ltr'><strong>aliter</strong></span> <span class='ocrx_word' id='word_1_267' title='bbox 926 3202 951 3251; x_wconf 88' lang='lat' dir='ltr'><strong>in</strong></span> <span class='ocrx_word' id='word_1_268' title='bbox 964 3203 1042 3252; x_wconf 90' lang='lat' dir='ltr'><strong>Plinio</strong></span> <span class='ocrx_word' id='word_1_269' title='bbox 1058 3206 1082 3262; x_wconf 80' lang='grc'><strong>3,</strong></span> <span class='ocrx_word' id='word_1_270' title='bbox 1100 3206 1124 3250; x_wconf 83' lang='grc' dir='ltr'><strong>ὀ.</strong></span> <span class='ocrx_word' id='word_1_271' title='bbox 1141 3202 1188 3267; x_wconf 85' lang='grc'>(7.)</span> <span class='ocrx_word' id='word_1_272' title='bbox 1221 3202 1287 3262; x_wconf 90' lang='lat' dir='ltr'><strong>Quin</strong></span> 
     </span>
     <span class='ocr_line' id='line_1_35' title="bbox 223 3266 1288 3318; baseline 0 -4"><span class='ocrx_word' id='word_1_273' title='bbox 223 3267 319 3315; x_wconf 84' lang='lat' dir='ltr'><strong>etBnd.</strong></span> <span class='ocrx_word' id='word_1_274' title='bbox 354 3266 450 3316; x_wconf 72' lang='lat' dir='ltr'><strong>Praefers</strong></span> <span class='ocrx_word' id='word_1_275' title='bbox 459 3268 503 3316; x_wconf 89' lang='lat' dir='ltr'><strong>hoc</strong></span> <span class='ocrx_word' id='word_1_276' title='bbox 512 3268 642 3318; x_wconf 81' lang='lat' dir='ltr'><strong>Acidaliae.</strong></span> <span class='ocrx_word' id='word_1_277' title='bbox 771 3268 926 3316; x_wconf 84' lang='lat' dir='ltr'><strong>tamenetiam</strong></span> <span class='ocrx_word' id='word_1_278' title='bbox 933 3268 1288 3318; x_wconf 82' lang='lat' dir='ltr'><strong>conciseAlbintemeliumdicta</strong></span> 
     </span>
    </p>

    <p class='ocr_par' dir='ltr' id='par_1_4' title="bbox 219 3331 1287 3976">
     <span class='ocr_line' id='line_1_36' title="bbox 258 3331 1285 3398; baseline -0.001 -17"><span class='ocrx_word' id='word_1_279' title='bbox 258 3334 398 3394; x_wconf 80' lang='lat' dir='ltr'><strong>Corruptus,</strong></span> <span class='ocrx_word' id='word_1_280' title='bbox 421 3336 456 3380; x_wconf 82' lang='lat' dir='ltr'><strong>ito</strong></span> <span class='ocrx_word' id='word_1_281' title='bbox 478 3335 619 3394; x_wconf 74' lang='lat' dir='ltr'><strong>pretiorum</strong></span> <span class='ocrx_word' id='word_1_282' title='bbox 640 3336 737 3398; x_wconf 82' lang='lat' dir='ltr'><strong>avidus]</strong></span> <span class='ocrx_word' id='word_1_283' title='bbox 771 3333 851 3392; x_wconf 80' lang='lat' dir='ltr'><strong>fuerit,</strong></span> <span class='ocrx_word' id='word_1_284' title='bbox 869 3331 933 3381; x_wconf 87' lang='lat' dir='ltr'><strong>haud</strong></span> <span class='ocrx_word' id='word_1_285' title='bbox 955 3333 1100 3397; x_wconf 83' lang='lat' dir='ltr'><strong>pertinaciter</strong></span> <span class='ocrx_word' id='word_1_286' title='bbox 1119 3347 1146 3380; x_wconf 87' lang='lat' dir='ltr'><strong>eo</strong></span> <span class='ocrx_word' id='word_1_287' title='bbox 1168 3342 1285 3395; x_wconf 75' lang='lat' dir='ltr'><strong>negatum·</strong></span> 
     </span>
     <span class='ocr_line' id='line_1_37' title="bbox 223 3396 1287 3463; baseline -0.002 -18"><span class='ocrx_word' id='word_1_288' title='bbox 223 3397 283 3445; x_wconf 78' lang='lat' dir='ltr'><strong>Hac</strong></span> <span class='ocrx_word' id='word_1_289' title='bbox 293 3396 436 3447; x_wconf 82' lang='lat' dir='ltr'><strong>commodius</strong></span> <span class='ocrx_word' id='word_1_290' title='bbox 449 3398 479 3445; x_wconf 88' lang='lat' dir='ltr'><strong>de</strong></span> <span class='ocrx_word' id='word_1_291' title='bbox 492 3397 605 3446; x_wconf 87' lang='lat' dir='ltr'><strong>militibus</strong></span> <span class='ocrx_word' id='word_1_292' title='bbox 622 3415 694 3463; x_wconf 87' lang='lat' dir='ltr'><strong>quam</strong></span> <span class='ocrx_word' id='word_1_293' title='bbox 710 3399 740 3446; x_wconf 86' lang='lat' dir='ltr'><strong>de</strong></span> <span class='ocrx_word' id='word_1_294' title='bbox 755 3432 759 3438; x_wconf 76' lang='lat'><em>-</em></span> <span class='ocrx_word' id='word_1_295' title='bbox 772 3397 846 3445; x_wconf 80' lang='lat' dir='ltr'><strong>Lars.</strong></span> <span class='ocrx_word' id='word_1_296' title='bbox 866 3397 894 3444; x_wconf 91' lang='lat' dir='ltr'><strong>In</strong></span> <span class='ocrx_word' id='word_1_297' title='bbox 906 3396 1021 3445; x_wconf 88' lang='lat' dir='ltr'><strong>Antonini</strong></span> <span class='ocrx_word' id='word_1_298' title='bbox 1032 3396 1147 3444; x_wconf 86' lang='lat' dir='ltr'><strong>itinerario</strong></span> <span class='ocrx_word' id='word_1_299' title='bbox 1158 3397 1203 3456; x_wconf 86' lang='lat' dir='ltr'><strong>(ed.</strong></span> <span class='ocrx_word' id='word_1_300' title='bbox 1217 3397 1287 3444; x_wconf 88' lang='lat' dir='ltr'><strong>Wes-</strong></span> 
     </span>
     <span class='ocr_line' id='line_1_38' title="bbox 223 3461 1275 3526; baseline -0.002 -16"><span class='ocrx_word' id='word_1_301' title='bbox 223 3461 291 3510; x_wconf 84' lang='lat' dir='ltr'><strong>Duce</strong></span> <span class='ocrx_word' id='word_1_302' title='bbox 301 3462 347 3510; x_wconf 86' lang='lat' dir='ltr'><strong>dici</strong></span> <span class='ocrx_word' id='word_1_303' title='bbox 360 3476 449 3522; x_wconf 76' lang='lat' dir='ltr'><strong>oenscn,</strong></span> <span class='ocrx_word' id='word_1_304' title='bbox 463 3471 487 3510; x_wconf 89' lang='lat' dir='ltr'><strong>et</strong></span> <span class='ocrx_word' id='word_1_305' title='bbox 500 3478 528 3510; x_wconf 82' lang='lat' dir='ltr'><strong>co</strong></span> <span class='ocrx_word' id='word_1_306' title='bbox 542 3462 658 3526; x_wconf 82' lang='lat' dir='ltr'><strong>scripsisse</strong></span> <span class='ocrx_word' id='word_1_307' title='bbox 669 3464 739 3512; x_wconf 80' lang='lat' dir='ltr'><strong>Taci-</strong></span> <span class='ocrx_word' id='word_1_308' title='bbox 771 3462 811 3509; x_wconf 84' lang='lat' dir='ltr'><strong>sel.</strong></span> <span class='ocrx_word' id='word_1_309' title='bbox 821 3477 845 3524; x_wconf 88' lang='lat' dir='ltr'><strong>p.</strong></span> <span class='ocrx_word' id='word_1_310' title='bbox 853 3461 922 3520; x_wconf 80' lang='lat'>296.)</span> <span class='ocrx_word' id='word_1_311' title='bbox 932 3463 1101 3519; x_wconf 74' lang='lat' dir='ltr'><strong>Albintimilia</strong></span> <span class='ocrx_word' id='word_1_312' title='bbox 1110 3461 1152 3509; x_wconf 90' lang='lat' dir='ltr'><strong>ubi</strong></span> <span class='ocrx_word' id='word_1_313' title='bbox 1160 3476 1181 3518; x_wconf 79' lang='lat' dir='ltr'><strong>r.</strong></span> <span class='ocrx_word' id='word_1_314' title='bbox 1191 3461 1275 3509; x_wconf 81' lang='lat' dir='ltr'><strong>Surita.</strong></span> 
     </span>
     <span class='ocr_line' id='line_1_39' title="bbox 222 3525 1287 3589; baseline -0.001 -15"><span class='ocrx_word' id='word_1_315' title='bbox 222 3534 289 3574; x_wconf 71' lang='lat' dir='ltr'><strong>arms</strong></span> <span class='ocrx_word' id='word_1_316' title='bbox 313 3528 415 3576; x_wconf 79' lang='lat' dir='ltr'><strong>Sroedius</strong></span> <span class='ocrx_word' id='word_1_317' title='bbox 434 3528 541 3577; x_wconf 72' lang='lat' dir='ltr'><strong>caman</strong></span> <span class='ocrx_word' id='word_1_318' title='bbox 556 3529 676 3576; x_wconf 76' lang='lat' dir='ltr'><strong>ambitioso</strong></span> <span class='ocrx_word' id='word_1_319' title='bbox 693 3531 738 3575; x_wconf 84' lang='lat' dir='ltr'><strong>im·</strong></span> <span class='ocrx_word' id='word_1_320' title='bbox 802 3526 909 3589; x_wconf 78' lang='lat' dir='ltr'><strong>Inacie]</strong></span> <span class='ocrx_word' id='word_1_321' title='bbox 926 3526 1127 3574; x_wconf 65' lang='lat' dir='ltr'><strong>Bud0iaeaacie.</strong></span> <span class='ocrx_word' id='word_1_322' title='bbox 1154 3525 1287 3574; x_wconf 84' lang='lat' dir='ltr'><strong>Mcxidem</strong></span> 
     </span>
     <span class='ocr_line' id='line_1_40' title="bbox 219 3590 1286 3654; baseline -0.002 -16"><span class='ocrx_word' id='word_1_323' title='bbox 219 3593 289 3652; x_wconf 80' lang='lat' dir='ltr'><strong>perio</strong></span> <span class='ocrx_word' id='word_1_324' title='bbox 304 3593 407 3653; x_wconf 67' lang='lat' dir='ltr'><strong>regatus,</strong></span> <span class='ocrx_word' id='word_1_325' title='bbox 426 3598 453 3639; x_wconf 81' lang='lat' dir='ltr'><strong>ut</strong></span> <span class='ocrx_word' id='word_1_326' title='bbox 469 3593 582 3640; x_wconf 77' lang='lat' dir='ltr'><strong>advcrm</strong></span> <span class='ocrx_word' id='word_1_327' title='bbox 601 3595 738 3640; x_wconf 81' lang='lat' dir='ltr'><strong>modestiam</strong></span> <span class='ocrx_word' id='word_1_328' title='bbox 770 3592 908 3654; x_wconf 71' lang='lat' dir='ltr'><strong>coeperitis</strong></span> <span class='ocrx_word' id='word_1_329' title='bbox 916 3591 1136 3654; x_wconf 61' lang='lat' dir='ltr'><strong>gensaubilihen.</strong></span> <span class='ocrx_word' id='word_1_330' title='bbox 1147 3590 1286 3638; x_wconf 73' lang='lat' dir='ltr'><strong>rimaveris*</strong></span> 
     </span>
     <span class='ocr_line' id='line_1_41' title="bbox 223 3655 1284 3718; baseline -0.004 -14"><span class='ocrx_word' id='word_1_331' title='bbox 223 3657 354 3717; x_wconf 76' lang='lat' dir='ltr'><strong>disciplina</strong></span> <span class='ocrx_word' id='word_1_332' title='bbox 379 3664 509 3718; x_wconf 79' lang='lat' dir='ltr'><strong>corruptos,</strong></span> <span class='ocrx_word' id='word_1_333' title='bbox 537 3658 572 3704; x_wconf 79' lang='lat' dir='ltr'><strong>ita</strong></span> <span class='ocrx_word' id='word_1_334' title='bbox 595 3659 737 3718; x_wconf 73' lang='lat' dir='ltr'><strong>praeliorum</strong></span> <span class='ocrx_word' id='word_1_335' title='bbox 770 3655 822 3703; x_wconf 83' lang='lat' dir='ltr'><strong>vult</strong></span> <span class='ocrx_word' id='word_1_336' title='bbox 835 3655 861 3703; x_wconf 89' lang='lat' dir='ltr'><strong>in</strong></span> <span class='ocrx_word' id='word_1_337' title='bbox 876 3661 906 3703; x_wconf 79' lang='lat' dir='ltr'><strong>ct.</strong></span> <span class='ocrx_word' id='word_1_338' title='bbox 939 3655 1006 3703; x_wconf 84' lang='lat' dir='ltr'><strong>idem</strong></span> <span class='ocrx_word' id='word_1_339' title='bbox 1022 3656 1109 3716; x_wconf 82' lang='lat' dir='ltr'><strong>Ligus,</strong></span> <span class='ocrx_word' id='word_1_340' title='bbox 1123 3655 1183 3717; x_wconf 81' lang='lat' dir='ltr'><strong>Agr.</strong></span> <span class='ocrx_word' id='word_1_341' title='bbox 1195 3655 1284 3716; x_wconf 77' lang='lat' dir='ltr'><strong>Ligur.</strong></span> 
     </span>
     <span class='ocr_line' id='line_1_42' title="bbox 223 3719 1285 3784; baseline -0.002 -16"><span class='ocrx_word' id='word_1_342' title='bbox 223 3723 312 3768; x_wconf 66' lang='lat' dir='ltr'><strong>amdan.</strong></span> <span class='ocrx_word' id='word_1_343' title='bbox 329 3720 421 3768; x_wconf 75' lang='lat' dir='ltr'><strong>(ison.</strong></span> <span class='ocrx_word' id='word_1_344' title='bbox 454 3722 501 3769; x_wconf 91' lang='lat' dir='ltr'><strong>Pro</strong></span> <span class='ocrx_word' id='word_1_345' title='bbox 516 3722 579 3784; x_wconf 76' lang='lat' dir='ltr'><strong>vulg.</strong></span> <span class='ocrx_word' id='word_1_346' title='bbox 594 3731 656 3769; x_wconf 82' lang='lat' dir='ltr'><strong>stam</strong></span> <span class='ocrx_word' id='word_1_347' title='bbox 672 3722 737 3770; x_wconf 79' lang='lat' dir='ltr'><strong>Flor.</strong></span> <span class='ocrx_word' id='word_1_348' title='bbox 770 3719 817 3768; x_wconf 81' lang='lat' dir='ltr'><strong>Sed</strong></span> <span class='ocrx_word' id='word_1_349' title='bbox 838 3728 861 3768; x_wconf 84' lang='lat' dir='ltr'><strong>et</strong></span> <span class='ocrx_word' id='word_1_350' title='bbox 879 3735 916 3784; x_wconf 80' lang='lat' dir='ltr'><strong>sp</strong></span> <span class='ocrx_word' id='word_1_351' title='bbox 936 3719 992 3769; x_wconf 81' lang='lat' dir='ltr'><strong>Sall.</strong></span> <span class='ocrx_word' id='word_1_352' title='bbox 1009 3719 1068 3784; x_wconf 81' lang='lat' dir='ltr'><strong>Jug.</strong></span> <span class='ocrx_word' id='word_1_353' title='bbox 1089 3720 1128 3768; x_wconf 74' lang='lat'><strong>93.</strong></span> <span class='ocrx_word' id='word_1_354' title='bbox 1161 3720 1240 3780; x_wconf 74' lang='lat' dir='ltr'><strong>Ligur</strong></span> <span class='ocrx_word' id='word_1_355' title='bbox 1262 3726 1285 3766; x_wconf 83' lang='lat' dir='ltr'><strong>et</strong></span> 
     </span>
     <span class='ocr_line' id='line_1_43' title="bbox 223 3783 931 3848; baseline 0 -16"><span class='ocrx_word' id='word_1_356' title='bbox 223 3783 317 3834; x_wconf 76' lang='lat' dir='ltr'><strong>anua</strong></span> <span class='ocrx_word' id='word_1_357' title='bbox 336 3784 382 3832; x_wconf 80' lang='lat' dir='ltr'><strong>Ast</strong></span> <span class='ocrx_word' id='word_1_358' title='bbox 392 3785 448 3848; x_wconf 83' lang='lat' dir='ltr'><strong>Bip.</strong></span> <span class='ocrx_word' id='word_1_359' title='bbox 454 3785 537 3832; x_wconf 81' lang='lat' dir='ltr'><strong>malint</strong></span> <span class='ocrx_word' id='word_1_360' title='bbox 547 3787 658 3833; x_wconf 78' lang='lat' dir='ltr'><strong>adversm</strong></span> <span class='ocrx_word' id='word_1_361' title='bbox 671 3798 736 3841; x_wconf 68' lang='lat' dir='ltr'><strong>tcon-</strong></span> <span class='ocrx_word' id='word_1_362' title='bbox 770 3784 845 3832; x_wconf 77' lang='lat' dir='ltr'><strong>Grac.</strong></span> <span class='ocrx_word' id='word_1_363' title='bbox 860 3786 931 3841; x_wconf 62' lang='grc' dir='ltr'><strong>Λιγύς.</strong></span> 
     </span>
     <span class='ocr_line' id='line_1_44' title="bbox 223 3845 1285 3912; baseline -0.001 -17"><span class='ocrx_word' id='word_1_364' title='bbox 223 3852 270 3905; x_wconf 71' lang='lat' dir='ltr'><strong>aa]</strong></span> <span class='ocrx_word' id='word_1_365' title='bbox 294 3849 431 3896; x_wconf 79' lang='lat' dir='ltr'><strong>modestiam</strong></span> <span class='ocrx_word' id='word_1_366' title='bbox 458 3849 494 3909; x_wconf 81' lang='lat' dir='ltr'><strong>(la</strong></span> <span class='ocrx_word' id='word_1_367' title='bbox 512 3866 532 3898; x_wconf 79' lang='lat' dir='ltr'><strong>e.</strong></span> <span class='ocrx_word' id='word_1_368' title='bbox 550 3850 737 3911; x_wconf 86' lang='lat' dir='ltr'><strong>immoderatus),</strong></span> <span class='ocrx_word' id='word_1_369' title='bbox 807 3850 956 3912; x_wconf 80' lang='lat' dir='ltr'><strong>Tortoribur]</strong></span> <span class='ocrx_word' id='word_1_370' title='bbox 985 3847 1072 3910; x_wconf 76' lang='lat' dir='ltr'><strong>Regius</strong></span> <span class='ocrx_word' id='word_1_371' title='bbox 1092 3847 1181 3908; x_wconf 75' lang='lat' dir='ltr'><strong>(aaa)</strong></span> <span class='ocrx_word' id='word_1_372' title='bbox 1204 3845 1285 3903; x_wconf 85' lang='lat' dir='ltr'><strong>codex,</strong></span> 
     </span>
     <span class='ocr_line' id='line_1_45' title="bbox 222 3909 1285 3976; baseline -0.003 -16"><span class='ocrx_word' id='word_1_373' title='bbox 222 3914 353 3974; x_wconf 76' lang='lat' dir='ltr'><strong>disciplina</strong></span> <span class='ocrx_word' id='word_1_374' title='bbox 364 3921 497 3974; x_wconf 81' lang='lat' dir='ltr'><strong>corruptor.</strong></span> <span class='ocrx_word' id='word_1_375' title='bbox 771 3915 922 3976; x_wconf 78' lang='lat' dir='ltr'><strong>temporibus,</strong></span> <span class='ocrx_word' id='word_1_376' title='bbox 936 3928 965 3960; x_wconf 83' lang='lat' dir='ltr'><strong>ex</strong></span> <span class='ocrx_word' id='word_1_377' title='bbox 977 3927 1024 3976; x_wconf 88' lang='lat' dir='ltr'><strong>quo</strong></span> <span class='ocrx_word' id='word_1_378' title='bbox 1036 3909 1172 3971; x_wconf 85' lang='lat' dir='ltr'><strong>Rhenanus,</strong></span> <span class='ocrx_word' id='word_1_379' title='bbox 1188 3915 1285 3958; x_wconf 84' lang='lat' dir='ltr'><strong>terrori·</strong></span> 
     </span>
    </p>

    <p class='ocr_par' dir='ltr' id='par_1_5' title="bbox 222 3975 1289 4500">
     <span class='ocr_line' id='line_1_46' title="bbox 256 3975 1284 4052; baseline -0.004 -27"><span class='ocrx_word' id='word_1_380' title='bbox 256 3979 316 4025; x_wconf 82' lang='lat' dir='ltr'><strong>Non</strong></span> <span class='ocrx_word' id='word_1_381' title='bbox 326 3979 486 4042; x_wconf 69' lang='lat' dir='ltr'><strong>[initamini]</strong></span> <span class='ocrx_word' id='word_1_382' title='bbox 511 3978 738 4042; x_wconf 78' lang='lat' dir='ltr'><strong>Nihilegohicnisi</strong></span> <span class='ocrx_word' id='word_1_383' title='bbox 771 3980 819 4052; x_wconf 73' lang='lat' dir='ltr'><strong>bas.</strong></span> <span class='ocrx_word' id='word_1_384' title='bbox 832 3978 908 4026; x_wconf 60' lang='lat' dir='ltr'><strong>laras.</strong></span> <span class='ocrx_word' id='word_1_385' title='bbox 924 3978 956 4026; x_wconf 84' lang='lat' dir='ltr'><strong>Et</strong></span> <span class='ocrx_word' id='word_1_386' title='bbox 964 3977 1089 4025; x_wconf 80' lang='lat' dir='ltr'><strong>sicePlcr.</strong></span> <span class='ocrx_word' id='word_1_387' title='bbox 1098 3976 1170 4026; x_wconf 85' lang='lat' dir='ltr'><strong>edidit</strong></span> <span class='ocrx_word' id='word_1_388' title='bbox 1178 3975 1284 4024; x_wconf 83' lang='lat' dir='ltr'><strong>Pichens.</strong></span> 
     </span>
     <span class='ocr_line' id='line_1_47' title="bbox 222 4039 1287 4170; baseline -0.007 -14"><span class='ocrx_word' id='word_1_389' title='bbox 222 4042 441 4156; x_wconf 52' lang='lat' dir='ltr'><strong>admittit</strong></span> <span class='ocrx_word' id='word_1_390' title='bbox 456 4042 737 4170; x_wconf 47' lang='lat' dir='ltr'><strong>imitabile·</strong></span> <span class='ocrx_word' id='word_1_391' title='bbox 770 4039 1287 4167; x_wconf 63' lang='lat' dir='ltr'><strong>it³tmstl¹tittlit⁰btibib</strong></span> 
     </span>
     <span class='ocr_line' id='line_1_48' title="bbox 222 4167 1286 4246; baseline -0.005 -25"><span class='ocrx_word' id='word_1_392' title='bbox 222 4173 298 4222; x_wconf 72' lang='lat' dir='ltr'><strong>Lus.</strong></span> <span class='ocrx_word' id='word_1_393' title='bbox 335 4171 449 4219; x_wconf 84' lang='lat' dir='ltr'><strong>Rhenano</strong></span> <span class='ocrx_word' id='word_1_394' title='bbox 459 4171 567 4220; x_wconf 86' lang='lat' dir='ltr'><strong>sudorem</strong></span> <span class='ocrx_word' id='word_1_395' title='bbox 581 4173 737 4222; x_wconf 85' lang='lat' dir='ltr'><strong>elicitconru·</strong></span> <span class='ocrx_word' id='word_1_396' title='bbox 770 4170 849 4230; x_wconf 77' lang='lat' dir='ltr'><strong>mina,</strong></span> <span class='ocrx_word' id='word_1_397' title='bbox 869 4179 896 4218; x_wconf 87' lang='lat' dir='ltr'><strong>ut</strong></span> <span class='ocrx_word' id='word_1_398' title='bbox 915 4186 985 4246; x_wconf 76' lang='lat' dir='ltr'><strong>supra</strong></span> <span class='ocrx_word' id='word_1_399' title='bbox 1003 4171 1061 4218; x_wconf 84' lang='lat' dir='ltr'><strong>dixi.</strong></span> <span class='ocrx_word' id='word_1_400' title='bbox 1092 4170 1158 4217; x_wconf 84' lang='lat' dir='ltr'><strong>Ante</strong></span> <span class='ocrx_word' id='word_1_401' title='bbox 1174 4167 1286 4243; x_wconf 73' lang='lat' dir='ltr'><strong>lleisrsius</strong></span> 
     </span>
     <span class='ocr_line' id='line_1_49' title="bbox 222 4233 1289 4371; baseline -0.005 -22"><span class='ocrx_word' id='word_1_402' title='bbox 222 4235 531 4371; x_wconf 51' lang='lat' dir='ltr'><strong>Pmdildialsiiinmiam]</strong></span> <span class='ocrx_word' id='word_1_403' title='bbox 560 4301 600 4349; x_wconf 85' lang='lat' dir='ltr'><strong>Ita</strong></span> <span class='ocrx_word' id='word_1_404' title='bbox 615 4301 740 4365; x_wconf 78' lang='lat' dir='ltr'><strong>quideme</strong></span> <span class='ocrx_word' id='word_1_405' title='bbox 770 4233 1289 4364; x_wconf 28' lang='lat' dir='ltr'><strong>{lffgzrcpgppgffigppmlpissssnffllmz</strong></span> 
     </span>
     <span class='ocr_line' id='line_1_50' title="bbox 223 4363 1056 4431; baseline -0.002 -16"><span class='ocrx_word' id='word_1_406' title='bbox 223 4366 336 4415; x_wconf 84' lang='lat' dir='ltr'><strong>Strabone</strong></span> <span class='ocrx_word' id='word_1_407' title='bbox 347 4365 463 4430; x_wconf 85' lang='lat' dir='ltr'><strong>scripseris</strong></span> <span class='ocrx_word' id='word_1_408' title='bbox 478 4365 520 4414; x_wconf 77' lang='lat' dir='ltr'><strong>lib.</strong></span> <span class='ocrx_word' id='word_1_409' title='bbox 532 4366 555 4414; x_wconf 78' lang='lat'><strong>4.</strong></span> <span class='ocrx_word' id='word_1_410' title='bbox 567 4382 591 4431; x_wconf 80' lang='lat' dir='ltr'><strong>p</strong></span> <span class='ocrx_word' id='word_1_411' title='bbox 604 4367 660 4414; x_wconf 76' lang='lat'><strong>202.</strong></span> <span class='ocrx_word' id='word_1_412' title='bbox 694 4369 741 4413; x_wconf 73' lang='grc' dir='ltr'><strong>Τῶι</strong></span> <span class='ocrx_word' id='word_1_413' title='bbox 772 4373 881 4428; x_wconf 83' lang='lat' dir='ltr'><strong>provocat</strong></span> <span class='ocrx_word' id='word_1_414' title='bbox 891 4363 921 4411; x_wconf 85' lang='lat' dir='ltr'><strong>sd</strong></span> <span class='ocrx_word' id='word_1_415' title='bbox 932 4363 982 4412; x_wconf 86' lang='lat' dir='ltr'><strong>cod.</strong></span> <span class='ocrx_word' id='word_1_416' title='bbox 994 4365 1056 4429; x_wconf 75' lang='lat' dir='ltr'><strong>Agr.</strong></span> 
     </span>
     <span class='ocr_line' id='line_1_51' title="bbox 222 4428 1289 4500; baseline 0.001 -23"><span class='ocrx_word' id='word_1_417' title='bbox 222 4428 255 4477; x_wconf 74' lang='lat' dir='ltr'><strong>sis</strong></span> <span class='ocrx_word' id='word_1_418' title='bbox 268 4433 356 4490; x_wconf 72' lang='lat' dir='ltr'><strong>Arsissa,</strong></span> <span class='ocrx_word' id='word_1_419' title='bbox 371 4431 460 4500; x_wconf 39' lang='lat' dir='ltr'><strong>imquiip</strong></span> <span class='ocrx_word' id='word_1_420' title='bbox 469 4433 511 4479; x_wconf 74' lang='grc' dir='ltr'><strong>τῶν</strong></span> <span class='ocrx_word' id='word_1_421' title='bbox 524 4432 565 4493; x_wconf 72' lang='grc' dir='ltr'><strong>μὶν</strong></span> <span class='ocrx_word' id='word_1_422' title='bbox 579 4432 643 4479; x_wconf 76' lang='lat' dir='ltr'><strong>irruis</strong></span> <span class='ocrx_word' id='word_1_423' title='bbox 653 4429 739 4490; x_wconf 61' lang='lat' dir='ltr'><strong>‘tysed-</strong></span> <span class='ocrx_word' id='word_1_424' title='bbox 805 4431 876 4478; x_wconf 64' lang='lat' dir='ltr'><strong>Duas</strong></span> <span class='ocrx_word' id='word_1_425' title='bbox 886 4429 1052 4496; x_wconf 72' lang='lat' dir='ltr'><strong>Tungrorum]</strong></span> <span class='ocrx_word' id='word_1_426' title='bbox 1064 4430 1102 4480; x_wconf 83' lang='lat' dir='ltr'><strong>Sic</strong></span> <span class='ocrx_word' id='word_1_427' title='bbox 1110 4429 1158 4492; x_wconf 78' lang='lat' dir='ltr'><strong>(hic</strong></span> <span class='ocrx_word' id='word_1_428' title='bbox 1167 4437 1190 4478; x_wconf 86' lang='lat' dir='ltr'><strong>et</strong></span> <span class='ocrx_word' id='word_1_429' title='bbox 1197 4429 1221 4478; x_wconf 81' lang='lat' dir='ltr'><strong>in</strong></span> <span class='ocrx_word' id='word_1_430' title='bbox 1230 4433 1289 4491; x_wconf 63' lang='grc' dir='ltr'>Βθςι)</span> 
     </span>
    </p>
   </div>
   <div class='ocr_carea' id='block_1_4' title="bbox 0 0 1534 4975">
    <p class='ocr_par' dir='ltr' id='par_1_6' title="bbox 0 0 1534 4975">
     <span class='ocr_line' id='line_1_52' title="bbox 0 0 1534 4975; baseline 0 1"><span class='ocrx_word' id='word_1_431' title='bbox 0 0 1534 4975; x_wconf 95' lang='lat' dir='ltr'><strong> </strong></span> 
     </span>
    </p>
   </div>
  </div>
 </body>
</html>
