3059 4975
272 281 310 337 aa
394 281 397 289 ¹
655 274 959 339 ursronmnum
1168 285 1339 357 [anana.

271 441 429 507 vetabitur
441 464 573 529 semper,
588 454 620 507 et
633 444 826 508 retinebitur.
850 444 973 508 Multos
987 456 1103 507 secreta
1113 444 1261 530 Poppaeae
1273 466 1339 508 ma-

270 528 462 606 thematicos,
483 529 651 615 pessimum
672 528 855 615 Principalis
877 528 1063 595 matrimonii
1083 529 1341 610 instrumentum,-

270 612 464 677 habuerant:
484 638 502 677 e
520 614 636 701 quibus
651 614 849 692 Ptolemaeus,
866 614 983 679 Othoni
1001 615 1033 678 in
1051 615 1206 701 Hispania
1220 638 1340 697 comes,

270 720 344 762 cum
366 707 389 737 “
404 700 641 785 superfuturum
655 723 728 764 eum
744 700 884 765 Neroni''
898 700 1098 787 promisisset,
1113 712 1280 788 postquam
1294 726 1334 767 ex

270 797 384 847 eventu
397 784 486 863 fides,
501 786 682 873 conjectura
699 786 767 873 jam
782 798 813 849 et
832 808 957 849 rumore
978 786 1097 849 senium
1113 785 1225 851 Galbae
1239 788 1295 875 etj
1322 830 1336 842 -

268 882 394 934 ventam
406 871 538 934 Othonis
551 871 811 958 computantium,
825 886 1028 957 persuaserat,
1045 878 1066 910 “
1080 871 1155 949 fore,
1171 886 1208 936 ut
1221 872 1254 935 in
1270 876 1342 937 Im-·

309 956 391 1019 rium
405 955 655 1022 adscisceretur.''
692 958 755 1022 Sed
770 956 856 1021 Otho
871 972 1031 1043 tamquam
1068 955 1156 1020 eritia
1169 971 1200 1022 et
1213 958 1335 1023 monitu

266 978 404 1104 lidorum
416 1042 566 1128 praedicta
575 1042 753 1129 accipiebat,
765 1041 911 1128 cupidine
921 1042 1036 1129 ingenii
1045 979 1175 1106 liumani
1183 1043 1342 1108 libentius·

267 1126 400 1190 obscura
412 1127 568 1192 credendi.
612 1132 679 1192 Nec
693 1128 800 1192 deerat
813 1126 1011 1205 Ptolemaeus,
1025 1128 1092 1214 jam
1106 1140 1138 1192 et
1151 1128 1272 1193 sceleris
1286 1129 1333 1193 in-

266 1211 405 1291 stinctor,
420 1213 461 1277 ad
475 1214 561 1300 quod
574 1212 717 1278 facillime
731 1214 772 1279 ab
786 1212 939 1297 ejusmodi
952 1227 1026 1277 voto
1040 1212 1197 1278 transitur.
1228 1260 1231 1265 -
1251 1262 1253 1267 ,
1323 1258 1326 1265 ,

311 1300 457 1362 XXIII.
481 1299 544 1363 Sed
563 1298 683 1363 sceleris
696 1298 843 1385 cogitatio
857 1298 1008 1364 incertum
1022 1321 1063 1363 an
1077 1322 1204 1385 repens:
1229 1300 1332 1365 studia

265 1382 400 1447 militum
411 1384 625 1471 jampridem,
640 1406 694 1471 spe
705 1383 912 1462 successionis,
924 1400 979 1448 aut
989 1397 1099 1482 paratu
1114 1384 1267 1463 facinoris,
1279 1386 1334 1451 ad-

265 1468 450 1544 fectaverat3
467 1470 500 1534 in
514 1470 634 1550 itinere,
645 1470 679 1533 in
690 1470 824 1557 agmine,
836 1468 868 1533 iu
883 1471 1077 1549 stationibus,
1088 1471 1331 1535 vetustissimum

265 1578 423 1641 quemque
431 1555 566 1620 militum
576 1556 702 1619 nomine
709 1577 833 1634 vocans,
845 1578 893 1633 ac,
903 1556 1051 1619 memoria
1061 1556 1231 1621 Neroniani
1241 1558 1339 1621 comi-¹

265 1653 361 1719 tatus,
373 1644 605 1707 contnbenrolea
614 1640 817 1729 adpellando}
843 1640 919 1706 alios
929 1664 1105 1727 agnoscere,
1116 1642 1269 1739 quosdam
1284 1667 1331 1708 re-

264 1726 387 1811 quirere
398 1739 430 1791 et
439 1729 570 1813 pecunia
580 1740 636 1791 aut
645 1728 745 1813 gratia
751 1726 881 1813 juvare:
897 1726 1059 1791 inserendo
1068 1751 1181 1815 saeptus
1191 1728 1332 1813 querelas

263 1825 296 1875 et
304 1812 467 1909 ambiguos
475 1812 515 1877 de
524 1814 628 1878 Galba
636 1834 801 1890 sermones¹
810 1834 947 1898 quaeque
957 1812 1224 1877 aliaturbamenta
1232 1813 1337 1900 vulgi.-

165 1941 169 1951 .
263 1897 566 1977 Laboresitmerum,
575 1898 927 1985 inopiacommeatuum,
936 1897 1190 1984 duritiaimperii,
1198 1900 1332 1964 atrocius

262 1982 503 2070 accipiebantur,
514 2007 596 2063 cum,
609 1983 789 2070 Campaniae
799 1982 885 2048 lacus
898 1996 930 2047 et
939 1984 1068 2047 Achaiae
1079 1984 1172 2047 urbes
1182 1984 1336 2049 classibus¹

262 2068 349 2132 adire
359 2068 450 2148 soliti,
462 2073 651 2158 Pyrenaeum
662 2084 694 2134 et
701 2068 803 2155 Alpes
814 2082 844 2130 et
853 2069 991 2131 inmensa
1001 2069 1123 2133 viarum
1138 2070 1236 2156 spatia
1245 2092 1330 2158 aegre

263 2155 323 2218 sub
337 2155 431 2218 armis
444 2155 644 2220 eniterentur.
970 2194 973 2202 ‚
1279 2202 1280 2205 ,
1332 2202 1336 2209 -

306 2241 441 2303 XXIV.
464 2239 686 2325 Flagrantibus
701 2240 770 2325 jam
792 2237 926 2301 militum
944 2238 1053 2303 animis
1067 2239 1155 2304 velut
1173 2241 1255 2305 faces
1274 2242 1328 2307 ad-

262 2323 385 2388 diderat
394 2324 530 2389 Maevius
538 2323 677 2402 Pudens,
688 2321 864 2410 eproximis
876 2324 1038 2409 Tigellini:
1053 2324 1079 2387 is
1093 2325 1328 2391 mobilissimum

260 2432 419 2508 quemque
426 2410 561 2496 ingenio,
571 2425 627 2473 aut
637 2410 779 2498 pecuniae
788 2408 941 2506 indigum,
954 2410 1027 2475 etin
1038 2432 1134 2475 novas
1144 2412 1328 2500 cupiditates

261 2510 455 2592 praecrprtem
477 2495 659 2575 adliciendo,
683 2519 720 2560 eo
743 2493 906 2582 paullatim
924 2519 1112 2647 progressus
1133 2511 1190 2576 est,
1212 2511 1250 2562 ut
1269 2523 1326 2586 per

262 2604 394 2668 speciem
415 2581 559 2661 convivii,
578 2581 720 2668 quotiens
736 2581 839 2645 Galba
860 2605 923 2669 apu
961 2583 1117 2648 Othonem
1139 2582 1327 2670 epularetur,

296 2744 322 2790 E
338 2743 421 2803 quibua
437 2740 593 2816 Ptolemaeus]
617 2725 741 2788 Suetonc.
754 2741 779 2786 4.
810 2739 943 2790 cedentibus
962 2739 1084 2789 coherent.
1119 2741 1245 2804 Explicant
1264 2741 1326 2790 enim

263 2808 387 2856 Seleuceam
397 2815 477 2854 vocata
493 2805 534 2854 ubi
545 2814 631 2854 amtt-
664 2804 780 2865 Ejusdem
811 2807 967 2852 verbaatndia
976 2807 1174 2867 mnfictencrat.
1193 2805 1270 2869 igitur
1277 2822 1326 2855 me.

261 2871 363 2919 hominis
389 2870 555 2919 nomina‘eese
581 2885 656 2934 nuper
676 2868 780 2917 defendit
811 2867 874 2916 diam
892 2869 1101 2934 interpunctionem
1114 2870 1158 2918 feci
1174 2886 1217 2935 pro
1232 2879 1329 2935 puncto.-

265 2935 378 2984 Oudend.
393 2935 466 2984 Ean.
811 2933 885 2982 Ean.

296 2999 502 3066 Comparantinm]
525 2997 706 3048 PoasiaeLivio
719 2998 742 3058 1,
753 2999 777 3044 5.
841 2998 1009 3064 Enitarentnr]
1037 2998 1075 3047 Sic
1095 2998 1159 3046 I’lor.
1180 2999 1324 3050 Pmnaua.

261 3065 372 3126 conjicere
387 3067 580 3127 conmorantium.
596 3092 598 3095 -
612 3063 660 3112 Sed
680 3077 727 3110 non
743 3069 779 3110 est
811 3062 930 3112 Probum=
954 3079 996 3112 nec
1012 3063 1117 3126 improbe
1133 3063 1195 3111 idem
1212 3064 1323 3124 Pichena,

261 3144 360 3178 necesse.
376 3129 449 3177 Ean.
810 3129 972 3176 emetirentur.
995 3129 1068 3176 ers.
1102 3130 1262 3176 Eniterentnr
1281 3145 1326 3178 scr.

294 3195 417 3241 Licentiae
436 3195 532 3240 obscura
553 3191 628 3258 credi]
653 3191 776 3240 Asserrtim
807 3192 842 3246 (iu
858 3191 895 3240 his
911 3201 934 3240 et
948 3193 1023 3253 Bud.)
1039 3191 1126 3240 ataid
1136 3208 1172 3256 pr.
1183 3193 1260 3240 Rhen.
1272 3209 1325 3258 sqq.

263 3257 380 3314 Pichenae,
394 3259 508 3305 credendi.
524 3257 601 3306 Iura.
633 3256 726 3316 Quidni
739 3271 776 3303 re·
807 3257 843 3304 At
865 3257 957 3306 Puteal.
978 3259 1034 3306 Ber.
1055 3259 1230 3316 emitterentur,
1252 3261 1321 3307 male.

261 3321 586 3386 cipiamua,quodLatinitaa
601 3321 725 3370 necessario
735 3336 776 3368 ex·
808 3321 881 3369 Ena.
1117 3360 1121 3368 .

261 3385 322 3448 igit?
354 3387 422 3448 Saepe
436 3387 486 3447 jam
504 3385 625 3435 taliavitia
641 3386 732 3434 sublata
742 3385 776 3432 vi·
840 3385 1185 3451 Flagrantitaaineninaie]
1202 3385 1323 3434 Bud.non

176 3449 180 3456 “
260 3450 347 3504 dimus,
357 3451 518 3499 monumione
525 3450 620 3514 syllaba
627 3450 710 3498 mediae
717 3457 774 3497 orta
806 3450 877 3498 habet
893 3451 989 3508 animia,
1006 3448 1062 3500 vitio
1079 3449 1177 3510 librarii,
1195 3451 1258 3514 quod
1275 3465 1322 3499 non

262 3515 424 3574 vanata.
458 3515 775 3564 PetariusetHuetiuscorr.
808 3515 884 3562 visum
900 3513 1022 3562 Rhenano.
1056 3515 1154 3563 Juretus
1170 3515 1200 3563 ad
1216 3516 1323 3578 Symma-

262 3581 387 3638 credentia,
398 3579 461 3643 quod
476 3580 562 3644 recepit
571 3580 697 3628 BroterIus.
729 3577 776 3625 Sed
807 3579 878 3626 chum
896 3578 921 3637 6,
938 3581 977 3626 22.
995 3578 1047 3626 ideo
1065 3578 1191 3642 legendum
1212 3579 1323 3627 suadebat

261 3657 310 3691 non
325 3645 446 3707 Ingenium
461 3644 591 3692 humanum
602 3644 682 3702 credit,
694 3657 775 3690 verum
801 3645 954 3704 fingentibus.
986 3642 1183 3706 MoxpBudq'am
1190 3645 1270 3704 fascea
1322 3643 1326 3677 '-

261 3707 776 3770 homo,cupidinecredendiobscura,ingenio
840 3710 873 3754 In
884 3722 956 3755 nonae
967 3705 1106 3771 cupiditates
1117 3723 1159 3770 pr.
1187 3708 1203 3755 i.
1214 3724 1235 3756 e.
1245 3724 1323 3756 rerum

261 3771 340 3820 insita.
355 3773 427 3820 Ean.
461 3773 499 3821 cf.
511 3773 574 3821 Plin.
587 3774 629 3832 30,
642 3773 665 3818 l.-
808 3786 930 3820 novarum.
962 3773 1029 3836 Saepe
1043 3771 1075 3820 sic
1088 3771 1132 3819 hoc
1170 3773 1322 3834 jectivumad

295 3837 337 3884 An
356 3836 448 3899 repens]
472 3837 542 3886 Acid.
559 3838 625 3885 malit
642 3852 673 3883 an
690 3850 776 3883 recens.
809 3835 873 3884 allud
894 3838 1063 3885 substantivum
1082 3835 1187 3898 refertur,
1209 3845 1322 3901 utsupra

261 3901 309 3949 Sed
327 3901 391 3963 vulg.
407 3902 520 3963 majorem
537 3902 586 3951 clm
606 3901 684 3950 habet.
715 3900 778 3948 Vide
807 3902 857 3962 jam
874 3901 1011 3949 notavimus.
1044 3899 1143 3962 Sicrpca
1155 3916 1322 3965 quoquenone

263 3965 326 4014 dina
336 3965 367 4014 ad
377 3966 410 4014 A.
422 3967 447 4020 6,
458 3967 483 4020 7.
657 4014 659 4019 ,
810 3965 925 4013 dIcuntur.
936 3965 970 4014 A.
983 3966 1022 4024 lt,
1033 3966 1073 4012 63.
1085 3965 1123 4024 15,
1135 3966 1175 4021 42,
1185 3969 1225 4014 51.
1249 3967 1322 4015 aar.

293 4033 327 4078 In
335 4032 427 4087 itinere,
435 4033 461 4078 in
468 4030 573 4093 agmine]
584 4031 623 4079 Sic
629 4045 709 4078 omnes
715 4028 777 4077 libri·
810 4029 856 4078 Sed
873 4029 906 4076 ibi
918 4045 974 4092 ¹qrer
989 4029 1066 4079 ubivis
1081 4030 1221 4096 mulpliciter,
1238 4029 1322 4078 nullibi

262 4095 297 4143 nt
307 4105 384 4142 tamen
398 4097 424 4141 in
434 4099 530 4157 &mirae
540 4096 600 4143 nihil
609 4095 682 4153 uliud,
693 4109 774 4158 quam,
807 4109 867 4142 nova
878 4093 968 4142 dieitur.

263 4161 291 4205 in
303 4160 396 4217 itinere,
407 4174 462 4206 cum
475 4161 597 4219 exercitus,
610 4168 652 4207 aut
661 4174 715 4223 pam
724 4160 775 4220 ejus
839 4161 890 4206 Per
907 4161 1006 4221 speciem
1022 4159 1136 4224 ementati]
1161 4160 1328 4224 Sportularurn'

262 4224 306 4271 iter
320 4223 417 4270 lacera:
436 4239 491 4272 nam
511 4225 544 4272 sic
565 4239 650 4288 waren
669 4223 723 4282 dici,
737 4221 775 4271 ve]
806 4223 875 4271 titulo
882 4223 1091 4286 erogatioeafacta,
1100 4225 1143 4271 nisi
1153 4224 1228 4273 fallor.
1245 4225 1321 4274 mas.

261 4287 346 4337 tirones
362 4287 451 4337 sciunt:
470 4296 570 4340 ceterum
586 4289 636 4339 bac
646 4303 700 4338 cum
710 4295 773 4338 ante·
807 4286 944 4338 viderur.
956 4288 1029 4338 Inacr.
1041 4289 1131 4351 pitto,
1145 4291 1171 4339 2.
1206 4316 1208 4321 ·
