3059 4975
212 228 246 271 ι.
261 230 288 271 c.
301 213 365 289 aa]
590 210 669 269 nin.
689 214 714 272 1.
735 210 825 272 car.
845 216 874 283 a,
895 218 924 271 ι.
1279 218 1297 275 s

212 375 352 454 tentiam,
367 388 505 463 agerent,
520 388 676 441 verterent
688 390 801 441 cuncta
814 375 887 441 odio
900 387 932 439 et
946 388 1068 439 terrore.
1106 373 1260 462 Conrupti
1271 376 1302 439 in

213 462 356 527 dominos
370 462 460 539 servi,
474 462 508 525 in
527 476 673 549 patronos
691 463 813 536 liberti;
837 476 879 540 et,
895 460 1010 548 quibus
1027 461 1133 525 deerat
1151 460 1304 540 inimicus,

255 547 399 612 ramices
413 548 562 634 oppressi.
605 550 679 612 Non
695 562 798 612 tamen
818 548 896 611 adeo
917 546 1070 611 virtutum
1090 544 1190 609 sterile
1211 570 1306 611 soecu-

214 572 294 708 iiim,
310 648 422 697 utnon
437 649 467 697 et
481 635 564 699 bona
578 634 720 721 exempla
733 633 916 720 prodiderit.

261 721 328 783 ΙΙΙ.
351 719 517 785 Comitatse
536 720 688 807 profugos
705 720 817 784 liberos
837 734 966 783 matres:
995 730 1108 782 secutae
1125 717 1253 783 maritos
1272 716 1306 781 in

216 805 324 871 exsilia
335 806 501 892 conjuges:
524 805 692 893 propinqui
706 805 875 869 audentes:
899 818 1072 869 constantes
1090 803 1212 889 generi:
1236 827 1308 868 con·

218 907 339 969 tumax,
364 892 458 955 etiam
481 892 628 956 adversus
654 904 817 969 tormenta,
844 912 1002 955 servorum
1028 889 1123 953 fides:
1155 908 1328 1037 supremae'

218 978 372 1041 clarorum
387 977 525 1041 virorum
540 978 749 1055 necessitates3
770 976 838 1063 ipsa
850 975 1013 1041 necessitas
1026 975 1147 1039 fortiter
1161 988 1194 1038 to
1205 990 1306 1049 erata;

219 1076 251 1127 et
264 1062 399 1126 laudatis
419 1063 620 1150 antiquorum
640 1062 793 1127 mortibus
807 1084 897 1149 pares
911 1062 1020 1126 exitus
1065 1062 1185 1125 Praeter
1205 1060 1311 1125 multi-

219 1147 315 1235 plices
327 1171 432 1211 rerum
445 1148 654 1213 humanarum
668 1172 768 1222 casua
784 1149 859 1213 caelo
878 1162 1022 1233 terraque
1039 1146 1183 1233 prodigia
1202 1161 1234 1211 et
1248 1144 1311 1211 ful-

220 1234 341 1299 minum
355 1234 492 1298 monitus
505 1248 536 1299 et
549 1234 730 1299 futurorum
744 1233 906 1331 praesagia,
922 1232 1003 1309 laeta,
1023 1231 1131 1309 tristia,
1152 1232 1233 1296 ambi
1280 1256 1310 1309 a,

221 1320 392 1384 manifesta.
437 1322 505 1385 Nec
518 1320 600 1383 enirn
614 1343 754 1406 unquam
766 1320 969 1384 atrocroribus
979 1317 1095 1404 Populi
1108 1320 1203 1381 Rom.
1218 1256 1312 1382 cliiii.

222 1405 291 1481 buS,
306 1405 444 1491 magisve
452 1405 546 1492 justis
559 1405 679 1469 indiciis
692 1405 902 1492 adprobatum
916 1418 972 1483 est,
984 1426 1047 1467 non
1062 1426 1126 1467 esse
1137 1425 1219 1469 curae
1235 1403 1312 1467 Deis

223 1490 418 1555 securitatem
432 1504 580 1569 nostram,
596 1515 661 1555 esse
675 1490 835 1557 ultionem.

266 1577 326 1642 IV.
349 1579 508 1657 Ceterum,
534 1590 702 1664 antequam
722 1577 875 1643 destinata
893 1598 1086 1664 componam,
1109 1574 1312 1664 repetendum

255 1778 373 1840 Agerent,
387 1777 484 1841 ferrent
504 1777 597 1838 cuneta]
619 1776 753 1826 lectionari
815 1778 939 1838 Suprema
951 1777 980 1823 cl.
991 1794 1015 1825 o.
1027 1773 1184 1837 necessitates]
1196 1774 1243 1823 Hic
1255 1790 1314 1837 pra-

223 1842 286 1891 Flor.
299 1842 350 1889 cod.
358 1843 473 1904 Agerent,
481 1849 598 1890 verterent
607 1849 691 1890 cuncta
701 1844 754 1889 odio
783 1840 884 1889 dicatum
907 1840 1017 1902 desidero,
1039 1841 1101 1889 unde
1125 1840 1199 1888 virtus
1219 1840 1314 1887 eluceat.

224 1914 247 1955 et
267 1914 364 1955 terrore.
410 1908 525 1968 corrupti
544 1918 587 1954 etc.
608 1916 701 1954 semitm
719 1914 754 1953 est
775 1906 982 1953 'Namueccssitas
998 1921 1108 1967 suprema
1125 1919 1166 1951 nec
1183 1904 1256 1950 virtus
1272 1912 1314 1963 est,

225 1970 335 2019 Pichena.
368 1971 405 2018 At
420 1971 539 2033 vulgatam
556 1980 580 2017 et
591 1970 713 2018 lectionari
731 1979 755 2017 et
784 1984 827 2016 nec
844 1970 933 2017 bonum
949 1969 1093 2033 exemplum.
1131 1968 1172 2015 An
1189 1967 1248 2015 fuit:
1275 1984 1316 2014 sa·

225 2036 394 2083 distinctionem
405 2034 480 2082 multo
489 2034 607 2081 meliorem
618 2050 666 2081 esse
676 2033 755 2081 docui·
781 2046 873 2095 prema
883 2034 941 2079 elur.
950 2036 995 2080 uir.
1003 2034 1148 2081 necessitates
1149 2034 1251 2107 fortiter
1260 2034 1315 2079 tolc-

225 2100 386 2150 musObserv.
400 2101 425 2158 3,
437 2101 475 2146 22.
490 2099 582 2146 Grion.
617 2099 711 2161 Nsnpe
721 2098 755 2145 ni
786 2104 851 2146 ratoe.
878 2097 945 2145 Certe
954 2112 999 2145 non
1007 2098 1117 2145 sensiam
1126 2095 1317 2161 LipsiusinDis·

224 2164 301 2222 docet,
322 2164 431 2211 usitatm
452 2179 500 2211 csse
520 2162 594 2226 (apud
616 2161 712 2210 Livium
733 2172 756 2209 et
786 2170 865 2227 punct.
879 2161 951 2209 Etru.
992 2160 1146 2209 Hiller.Rac.
1160 2162 1196 2207 ta
1208 2160 1317 2223 intelligit

226 2228 295 2290 alios)
306 2228 399 2292 phrasin
411 2228 565 2290 agereserre,
576 2236 599 2275 et
609 2228 661 2274 odio
671 2242 698 2274 aa
708 2234 755 2274 ter·
786 2234 884 2275 mortem
900 2240 946 2273 non
960 2226 1077 2283 meritam,
1092 2226 1179 2289 insigni
1190 2225 1318 2273 mactantis

227 2355 750 2419 „t

365 2392 370 2403 ·
680 2386 688 2401 ·
750 2389 757 2402 ·
1310 2387 1318 2413 s

227 2422 350 2469 addente
366 2422 505 2468 Rhenanam
521 2420 638 2480 omnibus,
656 2419 759 2468 defendit
787 2420 828 2467 61.

228 2496 252 2535 et
263 2486 348 2550 recepit
361 2502 440 2534 rursus
453 2485 567 2548 isychius,
582 2486 628 2534 late
642 2495 666 2533 et
679 2486 759 2533 acerbe
819 2486 900 2534 Justis
908 2482 1016 2544 iudiciis]
1025 2484 1087 2534 cum
1097 2482 1188 2548 Ryclrio
1194 2494 1217 2532 et
1222 2484 1240 2533 J
1242 2518 1248 2530 .
1258 2484 1320 2533 Gro-

227 2560 308 2600 contra
322 2552 454 2614 (Ιίεριιιιιιιε
469 2551 496 2598 J.
512 2551 635 2598 Gronorio.
668 2549 758 2609 Isectio,
788 2551 857 2600 novio
873 2549 926 2598 dedi
943 2551 1049 2609 iudiciis,
1065 2549 1127 2613 quod
1143 2565 1173 2597 ex
1189 2549 1224 2598 ed.
1261 2549 1320 2596 rima

229 2632 284 2679 quse
298 2627 333 2664 est
347 2616 371 2663 in
388 2624 463 2675 textu,
480 2617 510 2663 ab
524 2616 638 2663 Rhenano
654 2614 757 2672 inducta,
787 2617 838 2676 jam
854 2614 963 2663 indicavit
974 2615 1096 2672 Gruterus,
1113 2623 1192 2677 estque
1207 2613 1231 2661 in
1276 2613 1319 2662 SS.

228 2689 349 2745 utcunque
367 2679 477 2744 explicari
497 2688 580 2743 potest.
612 2681 642 2727 In
661 2685 759 2740 agerem
789 2679 924 2742 FlanAgr.
941 2678 1019 2728 Guelf.
1035 2678 1087 2726 edd.
1104 2678 1195 2726 Puteal.
1212 2677 1320 2726 Beroald.

222 2746 321 2810 ferrent
331 2745 398 2792 facilc
408 2744 518 2792 ostendor
529 2744 659 2792 Gronovio:
677 2743 760 2790 sedin·
789 2745 819 2792 In
831 2743 868 2791 ed.
881 2744 958 2791 Rhea.
975 2743 1073 2806 irrepsit,
1090 2742 1154 2790 haud
1162 2742 1232 2792 dubie
1239 2757 1322 2805 opera-

228 2809 337 2873 terpungi
347 2809 415 2858 debet
425 2817 477 2871 post
487 2817 583 2857 terrore.
604 2809 668 2856 Nam
678 2809 759 2855 odium
789 2824 843 2856 rum
850 2807 914 2867 vitio,
919 2809 1030 2870 judiciis,
1037 2807 1100 2871 quod
1108 2823 1149 2870 per
1157 2807 1321 2870 negligentiam

228 2882 253 2922 ct
263 2882 342 2923 terror
351 2888 398 2922 non
408 2875 466 2921 bene
476 2873 615 2921 conveniunt
629 2875 698 2921 verbo
708 2888 761 2919 cor·
790 2872 936 2936 sequentium
947 2871 1060 2918 editorum
1071 2871 1101 2920 nd
1113 2887 1193 2919 omnes
1207 2886 1322 2934 propaga·

230 2941 306 3002 rupti,
324 2953 426 3002 quocum
444 2937 469 2984 in
487 2937 528 2985 tali
545 2953 570 2986 re
588 2938 761 3000 conjunguntur
791 2945 843 2985 tum
859 2945 907 2984 est:
927 2951 981 2984 curn
997 2945 1090 3000 possent
1106 2936 1175 2984 etiam
1192 2937 1241 2983 sine
1257 2935 1322 2984 libris

229 3013 272 3052 aut
283 3003 443 3066 intelliguntur
454 3003 524 3050 verba
533 3003 581 3050 vim
592 3001 707 3050 alliciendi
717 3000 760 3049 ha·
791 3002 875 3050 vitium
889 3000 987 3050 odorari.
999 3001 1071 3048 Ean.
1105 3000 1162 3048 eon
1175 3000 1237 3048 But
1249 3008 1272 3047 et
1285 2999 1321 3048 ed.

230 3069 317 3116 beotia
337 3067 379 3114 An
390 3067 666 3115 omnestantumodioet
676 3074 762 3140 terrore
791 3067 862 3114 Rom.
884 3068 963 3128 magis
984 3067 1083 3140 uetustis
1100 3067 1205 3114 indiciis.
1245 3064 1285 3113 Cf.
1299 3073 1322 3113 et

230 3141 611 3259 liibiefflrtiminnpiintioriii'?iiiiiiiills
627 3139 763 3242 eIitiireiiliiiii
791 3131 951 3244 Arpgzoplngpss
959 3131 1257 3258 liiidiePiiDlliigslc'Iiipium,
1275 3194 1322 3242 im.

230 3261 344 3310 consentit
359 3260 429 3308 etiarn
445 3259 509 3307 Bud.
540 3259 603 3306 Eam
614 3259 713 3334 priscam
728 3259 763 3306 lc·
792 3260 867 3324 pium,
878 3267 946 3308 tuum
954 3259 1051 3319 dictum,
1059 3261 1156 3309 Tacite:
1168 3261 1210 3308 etsi
1220 3274 1267 3308 non
1278 3259 1323 3306 im-

231 3325 331 3373 ctionem
339 3341 393 3373 cum
403 3325 475 3372 Bern-
482 3323 587 3372 Freinsh.
597 3322 650 3386 Brp.
661 3323 762 3386 reposui,
810 3324 901 3374 rudens.
932 3325 997 3372 Nam
1013 3325 1116 3374 humano
1130 3325 1223 3388 ingenio
1238 3325 1258 3373 si
1274 3339 1323 3372 rem

231 3389 416 3453 interpunctione
432 3389 544 3446 adbibita,
559 3405 613 3455 quas
628 3397 652 3436 et
667 3388 763 3436 Murato
793 3341 877 3437 libras:
895 3404 949 3437 cum
970 3397 1006 3436 tot
1022 3390 1106 3448 clades,
1124 3397 1158 3437 tot
1176 3390 1258 3448 tristia,
1275 3397 1324 3436 tam

232 3453 373 3502 etAcidalio
383 3453 477 3517 placuit
504 3453 632 3502 Rhenanus
640 3460 763 3500 tanereex
794 3469 845 3501 rara
855 3453 959 3501 inbonos
967 3454 1071 3516 mamm,
1082 3453 1191 3530 quidnisi
1199 3453 1324 3516 advigilare

231 3518 326 3581 ingenio
332 3527 422 3566 textum
430 3528 538 3566 mutaret.
563 3517 661 3565 Temere
668 3531 763 3582 quoqne
794 3518 858 3566 Deos
876 3525 968 3566 tantum
984 3532 1074 3566 censeas
1089 3533 1114 3566 ιιι
1130 3521 1228 3582 poenasi
1246 3517 1325 3582 Atqui

231 3583 326 3646 Ryclrio
336 3591 453 3631 succenset
462 3580 601 3630 Gronovius.
793 3597 836 3631 nos
852 3583 937 3631 snmus
953 3582 1033 3632 aliter:
1052 3597 1094 3631 nec
1106 3598 1156 3631 rem
1171 3582 1280 3631 metimur
1294 3597 1324 3630 ex

268 3649 330 3695 outa
340 3654 363 3694 et
373 3648 476 3708 terrore]
488 3646 552 3696 Odio
564 3643 666 3710 proprio,
679 3653 764 3694 terrore
794 3647 822 3696 iis
833 3647 966 3710 modoque
976 3655 1039 3706 sunt,
1050 3647 1091 3696 sed
1101 3663 1154 3712 quse
1161 3647 1247 3696 futura.
1274 3646 1325 3707 Qui

232 3727 250 3760 a
259 3710 402 3760 Domitiano.
433 3711 499 3759 Nam
511 3711 551 3759 illc
566 3711 637 3774 vulgo
648 3725 706 3758 usus
721 3709 762 3757 de·
777 3717 778 3720 ’
793 3711 908 3760 vindicem
918 3719 1011 3759 tantum
1025 3711 1105 3760 Deum
1112 3711 1200 3772 statuit,
1216 3712 1277 3761 tollit
1293 3727 1325 3760 ex

231 3776 357 3824 latioribus
377 3785 401 3824 et
419 3791 489 3840 opera
505 3791 631 3824 serrorum.
672 3774 764 3822 Plinius
795 3776 848 3825 Deo
858 3775 922 3840 quod
932 3786 967 3824 est
977 3775 1032 3835 Dei,
1043 3777 1091 3825 imo
1101 3776 1165 3841 quod
1176 3775 1259 3825 Deus:
1276 3776 1325 3825 vim

233 3841 323 3904 Pancg.
341 3840 386 3888 hoc
401 3849 497 3904 tangens
513 3856 533 3889 c.
551 3842 591 3888 te.
623 3842 684 3888 Nou
699 3841 762 3888 euim
792 3839 1327 3903 beneflffln,salutarem,etadjurantem.1ta-

226 3909 283 3970 jam
293 3907 357 3953 servi
368 3907 494 3967 Principis
500 3908 577 3954 nostri
584 3907 665 3965 amici,
674 3906 713 3952 sed
723 3919 765 3952 nos
795 3921 842 3970 qna
851 3905 922 3955 homo
936 3905 991 3954 siles
1008 3914 1031 3954 et
1045 3915 1121 3954 tecum
1134 3906 1192 3954 alter
1205 3905 1246 3954 ille
1260 3914 1325 3953 tenc-
1425 3939 1429 3948 .

233 3986 333 4027 mmass
345 3971 555 4032 uecpaterpotriae
563 3971 646 4017 elusis
657 3984 682 4018 ss
696 3984 764 4016 mau-
794 3971 846 4020 bria
857 3969 991 4035 (Lucanus)
999 3970 1072 4035 quii,
1080 3970 1242 4026 807.clamat=
1254 3972 1327 4018 Fatis

234 4037 305 4096 cipis's
315 4037 439 4089 estimem,
451 4049 522 4096 quom
536 4035 625 4082 dolius
639 4036 699 4094 suis,
714 4047 765 4081 cre-
796 4037 875 4085 Rosa
886 4036 988 4098 quidem,
1000 4038 1107 4098 duceque
1115 4036 1226 4082 habiturn
1241 4049 1326 4096 super-

235 4100 279 4146 dit.
320 4101 407 4149 Omnes
422 4106 556 4146 accusatore
571 4101 695 4148 donustico
710 4101 766 4146 lille·
797 4102 835 4149 los
855 4100 971 4166 (beatosls
995 4102 1023 4148 at
1034 4102 1149 4148 libertatis
1160 4101 1261 4162 Superis
1272 4105 1323 4146 tam

236 4166 312 4212 saut.-
330 4179 421 4226 uaoque
435 4165 520 4212 salutis
529 4165 633 4226 publicae
645 4167 722 4226 signa,
737 4165 766 4210 il·
797 4180 854 4226 cura
860 4166 974 4227 placeret,
988 4165 1066 4222 Quum
1075 4165 1180 4212 uindicta
1184 4165 1270 4226 placet.
1298 4163 1325 4212 A

235 4229 287 4288 lud,
297 4235 325 4276 ut
339 4230 374 4276 sic
389 4229 475 4290 dicam,
490 4230 575 4277 seruile
591 4230 674 4276 beilum
687 4235 766 4276 sustu·
797 4244 853 4294 quo,
864 4229 939 4286 sallon
951 4238 1025 4278 cuttu
1033 4229 1158 4293 sumpsisti.
1170 4228 1244 4274 nna.
1262 4224 1326 4273 Con.

235 4293 295 4340 listi.
311 4294 386 4342 larus.
406 4293 445 4342 Sic
456 4303 479 4342 et
490 4294 563 4345 Gron.
573 4293 591 4342 l.
601 4309 621 4344 c.
632 4293 673 4343 scd
684 4309 706 4343 v·
717 4299 768 4342 not·
797 4303 833 4342 tra
842 4294 875 4342 irn
892 4293 967 4342 letatis
977 4294 1158 4342 criminationem
1172 4297 1266 4338 tuentur
1277 4289 1327 4338 To·

236 4356 425 4423 praesumas.
798 4359 871 4410 citum
904 4357 936 4422 ip.
948 4357 1003 4407 item
1015 4358 1099 4407 Hillcr.
1111 4356 1168 4404 Rae.
1184 4354 1222 4401 13.
