3059 4975
223 281 298 324 nc.
319 269 382 342 m]
617 267 695 327 mn.
718 269 753 328 v.
777 267 868 327 cnr.
889 273 935 329 ro.
1020 218 1028 240 ‘
1234 273 1296 330 eso

224 447 342 494 otmeus
357 431 535 496 transterit.
579 431 727 496 Turbata
748 430 793 496 ibi
815 453 883 496 res:
906 441 939 494 et
950 428 1125 517 pellebatur
1137 429 1290 498 sociarum
1313 442 1315 446 ’

223 515 397 580 cohortium
408 517 497 596 acies,
509 540 580 582 cum
592 517 727 603 legiones
736 539 875 603 pugnem
884 516 1052 602 excipiunt,
1064 539 1291 604 suppressaque

222 601 358 666 hostium
378 602 500 680 ferocia,
559 603 666 668 oelium
685 614 839 689 sequatur.
882 603 969 668 Inter
980 625 1055 689 quae
1072 604 1207 691 perfuga
1225 605 1290 669 Ba-

222 698 313 752 tavus
331 687 407 752 adiit
425 689 497 752 Ceri
528 712 588 767 em,
610 695 632 726 ‘⁴
647 699 735 774 terga
752 689 912 752 hostium''
933 689 1125 775 promittens,
1153 689 1216 754 “si
1235 713 1290 756 ex·

220 785 319 837 tremo
339 773 464 860 paludis
486 797 580 860 eques
605 773 798 838 mitteretur:
823 774 958 838 solidum
980 773 1043 850 ille,
1058 787 1091 840 et
1105 775 1289 862 Gugemos,

220 859 335 945 quibus
348 859 490 924 custodia
503 858 685 938 obvenisset,
700 881 812 944 parum
826 859 988 924 intentos?
1031 861 1118 925 Duae
1129 859 1198 939 alre,
1212 884 1286 926 cum

219 945 353 1032 perfuga
377 945 488 1023 missae,
512 945 637 1010 incauto
661 945 742 1010 hosti
768 943 1080 1010 circumfundimur:
1113 947 1201 1032 quod
1230 945 1286 1012 ubi

219 1033 353 1095 clamore
366 1031 537 1118 cognitum,
552 1031 687 1118 legiones
701 1055 721 1094 a
734 1030 837 1094 fronte
854 1030 1033 1109 incubuere,
1048 1031 1193 1118 pulsique
1207 1032 1288 1096 Ger-

219 1117 304 1180 mani
327 1117 475 1183 Rhenum
498 1117 576 1202 iuga
597 1117 752 1202 petebant.
798 1115 999 1180 Debellatum
1021 1139 1060 1180 eo
1076 1117 1128 1180 die
1145 1118 1237 1195 foret,
1262 1116 1288 1182 si

219 1203 364 1270 Romana
377 1201 479 1266 classis
555 1202 588 1266 ui
610 1214 803 1267 maturasset.
846 1203 898 1266 Ne
911 1224 1006 1289 eques
1024 1201 1152 1289 quidem
1163 1201 1286 1284 institit,

217 1303 344 1373 repente
357 1288 434 1354 fusis
447 1225 599 1352 imliirhm
611 1301 643 1352 et
655 1289 833 1376 propinque
844 1301 944 1352 nocte.

261 1373 358 1438 XIX.
382 1376 511 1438 Postera
525 1375 586 1452 die,
601 1373 834 1461 quartadecima
852 1373 934 1460 legio
951 1374 991 1446 in,
1005 1374 1194 1461 superiorem
1211 1395 1286 1461 pro-

217 1459 350 1522 vinciam
378 1458 471 1523 Gallo
494 1459 601 1522 Annio
621 1459 730 1524 missa:
761 1459 890 1522 Cerialis
913 1459 1082 1524 exercitum
1105 1459 1226 1524 decima
1244 1482 1286 1525 cx

219 1543 374 1630 Hispania
391 1543 473 1630 legio
491 1543 656 1632 supplevit.
701 1543 794 1610 Civili
808 1545 1009 1610 Chaucorum
1026 1545 1145 1609 auxilia
1163 1567 1285 1610 venere.

218 1631 292 1694 Non
306 1645 409 1694 tamen
422 1652 517 1694 ausus
531 1629 647 1717 oppida
661 1633 852 1695 Batavorum
871 1630 965 1695 armis
978 1631 1069 1707 tucri,
1089 1631 1196 1718 raptis,
1210 1654 1285 1716 quse
1355 1623 1370 1642 ⁸

215 1715 291 1780 ferri
301 1730 454 1804 poterent,
463 1717 572 1781 ceteris
583 1717 696 1804 injecto
706 1716 783 1803 igni,
791 1717 824 1780 in
834 1715 968 1780 insulam
976 1717 1141 1780 concessitz
1156 1739 1284 1802 gnerus,

217 1800 321 1865 deesse
330 1825 423 1864 naves
433 1801 593 1865 efficiendo
602 1801 701 1890 ponti,
713 1825 816 1889 neque
825 1803 995 1866 exercitum
1007 1801 1187 1866 Romanum
1196 1801 1286 1869 aliter

217 1887 487 1951 transmissurum:
512 1887 588 1973 quin
611 1881 650 1952 et'
666 1887 762 1951 diruit
785 1887 908 1965 molem,
933 1911 952 1950 a
971 1889 1078 1950 Druso
1099 1887 1286 1952 Germanico

216 1970 341 2050 factam,
357 1972 580 2058 Rhenumque,
603 1995 702 2058 prono
724 1972 812 2036 alveo
834 1972 867 2035 in
887 1972 1021 2037 Gelliam
1045 1987 1197 2051 ruentem,
1221 1973 1286 2038 dis-

138 2091 145 2104 ι
214 2057 316 2144 jectis,
332 2080 405 2144 quae
420 2058 630 2136 morabantur,
644 2058 762 2122 effudit.
787 2057 838 2121 Sic
848 2057 935 2122 velut
949 2059 1058 2122 abacto
1071 2059 1286 2136 amne,tenuis
1348 2080 1350 2085 ·

216 2141 333 2222 alvens,
359 2142 492 2207 insulem
516 2143 597 2206 inter
615 2144 862 2230 Germanosque,
884 2143 1109 2207 continentium
1130 2157 1284 2208 terrarum

217 2229 349 2326 speciem
369 2229 493 2294 iecerat.
539 2229 704 2294 Transiere
720 2230 872 2294 Rhenum
892 2230 996 2293 Tutor
1010 2251 1137 2326 quoquc
1150 2241 1181 2295 et
1197 2229 1284 2294 Clas·

215 2337 296 2378 sicus
309 2329 341 2380 et
355 2329 480 2380 centum
494 2314 642 2380 tredecim
657 2318 869 2381 Treverorum
892 2317 1071 2393 Senatores;
1092 2314 1208 2401 inquis
1221 2312 1284 2379 fuit

214 2399 354 2486 Alpinus
368 2403 552 2479 Montanus,
567 2424 661 2487 quem
675 2425 695 2465 a
706 2401 815 2465 Primo
825 2399 965 2464 Antonio
978 2399 1104 2464 missum
1120 2401 1153 2463 in
1166 2400 1286 2466 Gallias

216 2486 358 2573 superius
372 2486 617 2553 memoravimus
641 2486 857 2553 comitabatur
867 2509 939 2551 eum
951 2486 1047 2552 irater
1056 2484 1101 2550 D.
1113 2484 1268 2574 Alpinus.-

257 2660 367 2707 Solidum
385 2661 439 2724 lito]
474 2659 529 2707 MS.
541 2660 619 2709 Oxon.
633 2662 733 2709 solidam
800 2662 892 2708 Molem
902 2675 918 2706 o
928 2662 1011 2707 Druso
1023 2661 1164 2708 Germanico
1173 2657 1284 2722 foetam]

214 2722 282 2770 illam
298 2724 453 2786 solidarium
469 2734 566 2785 partem.
600 2724 732 2787 Vulgarum
760 2724 817 2773 Fuit
828 2740 905 2787 agger,
917 2724 1011 2779 Rheno,
1022 2724 1047 2770 in
1064 2724 1116 2786 ripa
1126 2724 1225 2780 Gallice,
1236 2723 1282 2771 hn-

214 2788 299 2834 mclius
318 2795 340 2835 et
354 2802 434 2835 verum
452 2796 492 2834 eet.
511 2788 567 2835 MS.
582 2786 639 2849 Agr.
658 2791 732 2835 solido
769 2788 863 2847 miliori,
874 2789 932 2835 etin
942 2802 1013 2850 quam
1024 2787 1122 2835 Rhenus
1137 2803 1223 2850 magno
1236 2787 1282 2835 im·

214 2852 266 2897 illo.
282 2852 355 2898 Eun.
389 2849 622 2899 Budeoltdumlllo.
762 2861 819 2915 pem
840 2859 923 2909 rueret,
939 2852 1065 2914 opposims,
1078 2852 1282 2900 utooeroetetflu·

247 2916 395 2963 Debellatum
406 2930 432 2961 eo
444 2917 481 2962 dte
489 2916 569 2978 soret]
588 2915 625 2962 Cf.
635 2931 654 2963 c.
667 2917 707 2963 21.
763 2931 835 2972 men3
853 2924 876 2963 et
884 2914 978 2978 quida
990 2930 1017 2962 ee
1026 2915 1051 2961 in
1062 2924 1128 2977 perte
1138 2916 1282 2964 InsulaeBa·

248 2980 290 3027 Be
301 2979 434 3043 Hisponis]
452 2978 515 3028 Bud.
527 2981 640 3041 Spagoo:
658 2981 699 3029 ubi
708 2984 733 3030 2.
762 2987 876 3034 meorum,
889 2995 937 3042 qua
946 2978 1051 3041 proxime
1060 2979 1158 3027 intratur
1167 2980 1282 3028 venienti·

214 3044 436 3107 mproposuitYa.
452 3044 733 3093 Abltalohomineseri-
763 3045 985 3093 buseBatavorum
995 3043 1087 3107 oppido.
1119 3043 1281 3106 Ejusegqeris

215 3116 283 3171 ptum
300 3108 400 3156 codicem
416 3109 507 3157 dixeris.
542 3110 659 3170 Spaniam
675 3111 732 3158 olim
763 3118 844 3157 auctor
858 3108 958 3166 Drusus,
975 3108 1017 3172 qui
1032 3122 1090 3169 opus
1105 3107 1205 3155 instituit
1219 3122 1282 3155 enno

215 3180 239 3219 et
256 3172 347 3221 Ietinis
364 3172 458 3235 dictam
478 3173 569 3221 ostendi
587 3173 618 3221 sd
634 3174 733 3224 Vibium
763 3174 817 3222 vite
837 3172 921 3220 ultimo
934 3171 958 3219 h.
970 3188 991 3219 e.
1002 3172 1034 3219 U.
1044 3171 1072 3220 G.
1088 3172 1144 3227 745.
1175 3172 1204 3221 ld
1222 3187 1282 3235 opus

218 3251 266 3301 seq.
278 3252 301 3299 p.
313 3238 370 3285 398.
760 3238 905 3286 motinmvit
913 3236 1043 3294 Paullinus,
1054 3245 1146 3285 auctore
1153 3236 1236 3285 Tacito
1243 3237 1278 3285 A.

256 3302 378 3364 Oppidum
391 3301 552 3364 Batavorum]
576 3302 648 3362 Quod
666 3303 733 3367 oppi·
765 3303 804 3362 1³,
816 3304 855 3349 53.
880 3300 1211 3364 AddeAltingiuminNotit
1222 3302 1278 3349 Bas

214 3364 291 3413 dum?
307 3367 569 3416 nominereenimcerte
580 3367 667 3415 debuit.
691 3368 733 3415 An
763 3379 787 3414 et
802 3366 863 3415 Fris.
878 3366 969 3415 Ante
986 3366 1008 3412 1.
1020 3381 1045 3428 p.
1057 3367 1098 3414 54.
1120 3366 1193 3413 Eu.
1225 3364 1280 3428 Ipse

214 3432 397 3479 Batavodurum
422 3432 588 3481 scribendum?
621 3447 652 3479 nn
678 3447 733 3481 cum
763 3431 924 3495 quoqueolim
938 3430 1022 3477 hacde
1035 3430 1108 3493 recgi
1123 3428 1280 3491 monogena.

215 3494 286 3543 Rom.
304 3496 382 3545 codice
398 3497 506 3561 legimus,
526 3498 612 3559 oppido
628 3500 733 3545 Batavo-
763 3496 935 3558 milev-que
953 3494 1029 3542 omnis
1047 3496 1090 3543 evi
1110 3493 1280 3542 moliminibus.

215 3560 294 3607 rum?
328 3560 361 3608 Et
379 3562 507 3625 intelligam
523 3569 580 3609 tuno
594 3576 621 3609 ec
638 3561 731 3625 oppidu,
763 3562 823 3624 Arg.
838 3559 901 3617 1773
911 3576 946 3622 sq.
957 3558 1021 3607 Bud.
1032 3559 1095 3607 mele
1104 3560 1183 3605 diluit.

215 3637 269 3691 que
287 3632 352 3673 extra
368 3626 479 3673 insulem.
511 3626 574 3674 Nem
589 3626 733 3676 Batavomm
802 3627 845 3674 Sto
855 3626 918 3671 ocho
926 3626 1006 3671 abacto
1016 3625 1096 3687 amase]
1121 3623 1211 3670 Alecto
1223 3621 1279 3671 MS.

139 3715 142 3720 -
215 3695 320 3735 veterum
336 3690 399 3738 sedes
414 3706 460 3738 non
471 3691 542 3739 dubie
553 3706 623 3754 supra
634 3699 657 3737 et
668 3698 734 3739 extra
764 3689 844 3738 (luelt'.
856 3686 943 3753 (Bud.)
954 3688 1007 3736 edd.
1016 3687 1093 3735 indes
1103 3686 1180 3735 lihesi.
1191 3702 1281 3735 omna.

215 3751 285 3799 etiem
296 3752 404 3814 insulem,
417 3754 602 3803 inorsGalliee.
634 3754 731 3803 'l'ecime
762 3750 1279 3816 MSAgr.aoeoto=ed.pr.alomotosedd.

214 3814 284 3876 clere,
303 3832 373 3880 supra
386 3822 409 3877 4,
429 3820 466 3865 ts.
500 3822 619 3867 Extremo
635 3820 733 3869 Gadtcae
765 3818 857 3867 Puteol.
867 3819 922 3867 Bu.
934 3817 988 3865 Alo·
1000 3819 1083 3865 allato.
1099 3817 1172 3864 Eun

214 3893 263 3929 oroe
274 3896 348 3928 vocuo
359 3884 493 3942 cultellus,
505 3886 621 3946 emique
632 3885 734 3931 melam
804 3887 840 3932 Et
855 3888 947 3931 eentum
962 3884 1074 3929 tredecim
1088 3882 1133 3929 Tr.
1145 3878 1280 3945 Smne]

214 3946 280 3994 teter
301 3948 362 3993 vodo
383 3948 455 3993 ettam
476 3962 621 4009 occupavere.
655 3949 730 3997 hine.
764 3945 1282 3998 voxmsormbmmnssntnoent

214 4009 344 4059 Sententiae
355 4010 465 4071 clavem,
477 4012 518 4075 qui
524 4014 688 4075 Batelorgom
699 4014 734 4061 in·
763 4012 789 4060 in
805 4012 887 4060 Guelf.
919 4011 981 4059 Mox
998 4012 1024 4058 in
1041 4012 1095 4073 quie
1112 4010 1175 4058 Hor.
1190 4008 1229 4057 cd.
1243 4023 1281 4071 pr.

215 4074 339 4138 tolligsbet,
349 4076 733 4139 etPontsuiqniNoeionmgam,
763 4076 840 4127 caret
857 4076 911 4125 libri
928 4087 982 4125 ente
999 4074 1065 4124 Pieli.
1084 4075 1158 4140 (Bud.
1175 4070 1280 4136 qnoque)

215 4141 334 4187 examinat
348 4140 372 4189 R
388 4140 454 4189 tirius
469 4140 499 4187 ad
510 4140 534 4188 h.
545 4142 562 4189 1.
574 4141 734 4207 Quieopptda
761 4144 854 4205 quitos.
869 4142 943 4190 Enu.
973 4141 977 4147 ’

215 4212 251 4251 eet
259 4204 285 4251 in
297 4204 353 4253 MS.
362 4156 422 4269 lieg.
432 4206 468 4254 ed.
480 4222 516 4270 pr.
526 4206 609 4271 recepi,
620 4215 648 4255 nt
655 4208 735 4256 Alem·
798 4209 875 4265 Quem
884 4223 900 4253 a
908 4207 993 4255 Pn'mo
1003 4200 1279 4254 Antonio-mmm&

213 4274 239 4315 et
249 4268 314 4317 Brot.
328 4270 363 4334 (et
374 4269 440 4335 Bip.)
452 4272 533 4320 tmere.
562 4272 634 4320 Ean.
668 4272 732 4321 Bud.
761 4274 831 4337 m}
848 4270 988 4320 flavus·
996 4272 1108 4318 obusta
1118 4264 1279 4314 tissone.

215 4332 557 4401 vulgaeamhsosqopptdm
574 4335 735 4401 Agnetlleg.
765 4328 1281 4402 omnentetdnomnommusm

217 4396 280 4445 latl.
291 4399 394 4461 oppida.-
760 4401 861 4463 Mar,
879 4414 928 4449 non
942 4399 969 4448 in
986 4396 1092 4447 aarum
1108 4395 1135 4443 J.
1146 4394 1281 4443 Gronorms
