3059 4975
226 296 255 336 r.
272 294 300 337 c.
315 279 382 354 so]
603 253 728 337 usi.
749 278 843 339 car.
863 276 892 347 ⁵3
914 282 941 339 s.
1278 284 1311 341 u

227 464 318 521 nexa,
328 441 453 507 clientes
460 441 627 528 libertique
636 442 856 506 damnatorum
866 455 899 506 et
909 441 1101 521 exsulum,in
1111 464 1197 531 spem
1205 446 1317 510 erecti:

224 527 315 614 plebs
330 529 454 593 sordida
468 543 499 593 et
512 528 594 593 circo
607 552 643 593 ac
664 528 793 592 theatris
810 541 908 606 sueta,
929 528 1022 592 simul
1042 528 1198 593 deterrimi
1217 554 1319 595 servo-

224 635 307 691 rum,
330 628 386 679 aut
407 614 473 703 qui,
499 614 599 679 adesis
621 614 722 693 bonis,
747 636 805 701 per
827 613 963 679 dedecus
986 614 1121 679 Neronis
1144 614 1319 696 alebantur,

226 699 327 763 maesti
342 713 373 764 et
386 723 549 765 rumorum
564 699 657 764 avidi.

271 786 307 848 V.
331 786 426 851 Miles
451 787 601 865 urbanus,
620 786 715 873 longo
730 787 892 849 Caesarnm
914 799 1105 851 sacramento
1123 784 1263 867 inbutus,
1285 798 1317 852 et

226 870 269 935 ad
282 870 516 937 destituendum
529 874 686 937 Neronem
701 884 769 935 arte
780 894 831 934 ma
854 871 879 934 's
893 885 924 935 et
936 872 1074 959 inpulsu,
1089 894 1185 959 quam
1200 895 1257 936 suo
1270 873 1318 936 in-

226 956 329 1043 genio,
345 957 517 1037 traductus,
532 970 699 1045 postquam
712 978 815 1043 neque
852 958 897 1020 ari
911 957 1104 1036 donativum,
1120 958 1180 1022 sub
1192 958 1318 1023 nomine

228 1043 342 1108 Galbae
363 1044 561 1131 promissum,
583 1065 603 1106 n
644 1066 685 1107 ue
705 1042 827 1129 magnis
847 1042 964 1107 meritis
980 1066 1017 1107 ac
1032 1043 1168 1131 praemiis
1182 1043 1317 1109 eundem

223 1127 260 1191 in
273 1154 360 1217 pace,
375 1152 469 1217 quem
478 1130 511 1193 in
524 1068 745 1207 belloiiocum,
759 1142 1014 1217 praeventamque
1027 1130 1159 1216 gratiam
1172 1129 1319 1217 intelligit

144 1281 148 1287 ,
229 1216 314 1303 apud
332 1216 521 1303 Principem,
541 1238 560 1279 a
581 1213 756 1301 legionibus
777 1215 914 1289 factum
938 1236 1056 1302 pronus
1077 1214 1119 1279 ad
1139 1236 1235 1279 novas
1256 1238 1317 1296 res,

226 1301 340 1365 scelere
352 1302 480 1390 insuper
494 1300 682 1389 Nymphidii
698 1298 804 1364 Sabini
819 1300 974 1379 Praefecti,
992 1300 1165 1401 Imperium
1180 1299 1238 1365 sibi
1252 1322 1318 1365 mo-

226 1386 340 1467 lientis,
369 1388 516 1476 agimtur.
572 1390 618 1451 Et
646 1384 861 1474 Nymphidius
889 1386 1015 1474 quidem
1045 1408 1078 1451 m
1107 1385 1175 1473 ipso
1203 1400 1317 1451 conatu

226 1495 409 1569 oppressus:
433 1472 498 1552 sed,
513 1471 655 1560 quamvis
669 1472 769 1557 capite
779 1471 958 1537 defectionis
972 1472 1318 1570 ablato,1nanebatple-

226 1581 332 1645 nsque
352 1558 483 1624 militum
510 1557 715 1633 conscientia,
750 1580 807 1623 nec
831 1557 959 1623 deerant
979 1580 1144 1636 sermones,
1165 1564 1317 1621 “semum

227 1658 323 1744 atque
337 1645 497 1710 avaritiam
513 1645 644 1709 Galbae”
657 1643 894 1743 increpantium.
938 1644 1085 1707 Laudata
1098 1642 1172 1707 olim
1189 1656 1221 1708 ct
1238 1643 1318 1708 mili-

226 1744 285 1795 tan
299 1731 383 1795 fama
396 1730 549 1796 celebrata
563 1729 708 1794 severitas
722 1752 790 1817 eJus
803 1730 938 1817 angebat
951 1728 1171 1817 adspernantes
1182 1742 1317 1793 veterem

226 1816 305 1903 disci
327 1817 433 1896 linum,
455 1831 551 1904 atque
579 1816 624 1881 ita
649 1816 737 1879 XIV
764 1815 853 1879 annis
871 1840 891 1881 a
910 1817 1036 1881 Nerone
1055 1813 1260 1894 adsuefactos,
1280 1830 1317 1881 ut

227 1904 292 1967 hau
328 1903 433 1966 minus
446 1904 522 1966 vitia
536 1902 719 1989 Principum
732 1915 883 1980 amarent,
920 1923 994 1965 uam
1007 1900 1081 1964 olim
1093 1899 1224 1965 virtutes
1233 1924 1319 1965 vere-

226 1990 353 2055 bantur.
409 1988 550 2053 Accessit
575 1986 688 2051 Galbae
714 2010 787 2063 vox,
813 2010 872 2073 pro
946 1984 1072 2073 publica
1086 1986 1235 2066 honesta,
1258 1986 1318 2075 ipsi

227 2099 351 2161 anceps,
368 2081 390 2113 “
403 2074 466 2161 legi
480 2098 500 2137 a
513 2097 545 2138 se
557 2070 698 2149 militem,
715 2094 776 2134 non
791 2070 881 2135 emi.”

269 2163 327 2225 VI.
351 2162 418 2224 Nec
444 2160 525 2223 enim
550 2158 593 2222 ad
615 2156 695 2221 hanc
716 2157 849 2220 formam
869 2168 971 2221 cetera
992 2169 1090 2221 erant.
1138 2155 1317 2223 Invalidum

227 2270 331 2312 senem
343 2248 385 2311 T.
397 2245 508 2311 Vinius
519 2256 551 2309 et
562 2243 724 2309 Cornelius
734 2244 831 2318 Laco,
843 2241 921 2306 alter
932 2242 1117 2307 deterrimus
1128 2242 1318 2321 mortalium,

225 2333 305 2398 alter
317 2330 545 2419 ignavissimus,
561 2328 635 2393 odio
647 2327 837 2415 flagitiorum
856 2344 1029 2407 oneratum,
1044 2339 1225 2413 contemptu
1239 2326 1320 2391 iner-

226 2418 280 2483 tiae
294 2419 505 2483 destruebant.
543 2414 689 2481 Tardum
704 2414 816 2479 Galbae
830 2414 889 2478 iter
906 2427 937 2478 et
955 2427 1130 2493 cruentum,
1150 2412 1318 2479 interfectis

263 2686 313 2742 Qut
333 2686 360 2732 in
381 2683 448 2747 bello]
471 2685 550 2732 Placet
571 2683 627 2743 fere,
649 2683 713 2748 quod
734 2683 759 2731 in
785 2690 946 2746 aspernanter,
960 2683 1023 2747 quod
1037 2683 1130 2733 etiams
1145 2684 1208 2732 Flor-
1222 2685 1316 2750 etAgr.

228 2751 314 2814 scripto
323 2750 386 2798 filius
398 2765 466 2797 meus
475 2750 580 2798 Jacobus
590 2748 680 2798 Oxonii
693 2756 760 2796 note-
786 2749 854 2796 codd.
866 2748 962 2812 protulit
972 2748 1084 2811 Ryckius.
1118 2749 1175 2806 (Est
1185 2759 1208 2798 et
1218 2749 1244 2796 in
1255 2751 1316 2814 Reg.

229 2816 279 2863 rite
295 2817 395 2862 medem
406 2817 432 2861 ir
443 2829 513 2876 pree,
523 2829 592 2874 quern
608 2816 636 2860 in
647 2815 713 2871 lello,
725 2814 759 2860 lo-
788 2812 863 2874 len)
875 2811 936 2860 Mox
944 2813 1053 2876 melepro
1065 2815 1204 2862 mechantur
1212 2815 1319 2878 Rycldus

229 2895 291 2926 euna
307 2880 400 2928 (inon-
429 2879 468 2927 Sic
478 2887 502 2926 et
514 2879 578 2926 Flor.
593 2878 673 2926 Guelt.
682 2877 760 2939 (Buri.
787 2892 854 2926 esuo
864 2876 915 2926 cod.
925 2879 1111 2926 venerabantur.-
1128 2894 1182 2942 quae
1192 2887 1226 2927 eet
1241 2879 1317 2942 possa

229 2942 760 3008 erneg.1an)eupr.uneemtitui.s2pe
786 2942 858 2989 illius.
892 2942 959 2990 Male
980 2942 1049 2990 &aar
1070 2943 1111 2991 alii
1132 2943 1211 3006 (Pich.
1232 2943 1316 3006 Acie)

229 3009 256 3057 in
266 3009 310 3057 hnc
320 3007 488 3057 consuuctione
497 3007 594 3071 obliqua
603 3007 726 3056 emmanu
734 3007 761 3054 in
787 3014 877 3054 tentant
885 3007 1060 3056 reverebantur.
1083 3008 1148 3055 Nam
1158 3007 1238 3056 eodem
1249 3023 1317 3058 seusu

228 3073 382 3122 nominativos
391 3072 483 3120 mutati.
498 3073 572 3120 Eure.
662 3103 666 3108 -
789 3073 867 3119 uereri
886 3071 977 3120 dicitur.
994 3070 1039 3119 Ed.
1058 3087 1093 3134 pr.
1113 3077 1148 3132 (et
1166 3072 1241 3132 Bud)
1259 3088 1318 3122 mox

261 3140 396 3200 Imperium
422 3139 469 3184 eibi
495 3138 613 3185 melleus
636 3135 756 3198 agitatur]
787 3137 857 3184 mam
867 3135 937 3184 babet
949 3137 1059 3195 militem,
1074 3151 1121 3185 non
1133 3138 1278 3200 principem,
1290 3147 1318 3186 ut

228 3202 317 3251 Malim
327 3205 450 3265 agitatum
462 3216 508 3249 non
519 3202 582 3250 euim
593 3217 647 3249 cum
657 3202 760 3248 maxime
787 3201 827 3250 alii
837 3217 879 3250 scr.
890 3209 914 3249 et
923 3201 975 3249 edd.
987 3209 1041 3248 vett.
1056 3201 1127 3266 idque
1143 3203 1202 3250 bene
1217 3202 1317 3252 restinxit

229 3267 299 3316 fiebat
308 3267 377 3326 illud,
389 3267 429 3314 sed
438 3267 489 3328 jam
499 3275 554 3314 aute
565 3266 690 3313 adrentum
701 3266 760 3313 Gal·
786 3266 921 3314 Rhenanus.
932 3266 1005 3314 Ean.
1027 3265 1077 3322 eri
1085 3269 1224 3329 Principem
1230 3268 1317 3331 posuit,

227 3332 362 3380 hebdom
378 3340 434 3380 erat.
451 3332 544 3379 Gnou.
576 3330 638 3379 Mox
650 3331 762 3378 sedeate
787 3331 894 3379 credebat
905 3329 935 3379 de
946 3331 1031 3379 Pisone
1042 3345 1170 3380 sennonem
1186 3331 1317 3382 esse-Buri.

138 3395 141 3399 ’
229 3397 346 3446 Rhenano
369 3398 428 3445 bene
453 3396 585 3455 inductam,
612 3395 655 3443 etsi
680 3409 761 3442 omnes
788 3397 935 3443 verebantur.
958 3396 1115 3444 Hencvocem
1127 3397 1318 3448 Petronioess.

228 3461 307 3525 scripti
317 3469 341 3508 et
350 3469 405 3508 aute
414 3476 467 3508 eum
479 3461 534 3509 editi
544 3461 630 3509 haberit
640 3467 671 3508 et.
689 3459 762 3507 Eun.
786 3460 831 3508 hoc
838 3475 906 3508 sensu
913 3458 1007 3508 reddere
1013 3469 1078 3522 parat
1086 3459 1168 3507 Heius.
1175 3476 1217 3524 pro
1225 3475 1317 3510 rames

229 3526 269 3574 sic
284 3533 308 3574 et
323 3525 387 3573 Bud.
418 3525 547 3574 Rhenanus
561 3537 622 3574 recte
639 3523 707 3584 vidit,
728 3526 759 3573 ob
787 3523 1178 3586 lenterscil.ntap.11iv.39‚37.

228 3591 324 3639 liudem
342 3589 404 3638 vocis
422 3589 570 3653 precedentis
589 3589 703 3638 initielun
724 3603 759 3638 se·
822 3591 883 3637 Odio
890 3589 1045 3650 flagitiorum
1059 3589 1196 3654 muruham]
1213 3589 1275 3650 Sive,
1289 3599 1317 3640 ut

227 3655 322 3718 quentis
332 3654 449 3703 acidius
785 3653 840 3702 libri
851 3653 929 3716 scripti
940 3654 974 3708 (in
983 3652 1019 3701 his
1027 3653 1104 3714 Bud.)
1114 3663 1244 3704 oneratum.
1260 3656 1317 3704 Vox

262 3721 377 3768 Manebat
386 3721 419 3780 pt
429 3735 462 3767 m.
473 3719 623 3780 meatu]
635 3717 759 3769 Acidaliae
787 3719 882 3783 quidem
899 3733 926 3766 ea
943 3718 1061 3768 retinenda
1077 3727 1120 3778 eet,
1138 3720 1199 3768 mele
1213 3736 1228 3767 a
1242 3721 1317 3769 Beato

179 3783 185 3790 ’
228 3785 285 3832 vult·
295 3787 433 3832 mania.
465 3785 582 3849 Speciosa,
599 3783 639 3832 sed
654 3797 702 3831 non
717 3797 759 3830 ne-
787 3784 891 3846 expulsc.
919 3783 993 3832 lans.
1026 3782 1065 3831 Sic
1088 3793 1113 3832 et
1132 3783 1221 3838 Annal.
1243 3788 1269 3844 2,
1292 3786 1318 3836 3.

226 3848 326 3897 mne
350 3850 489 3910 conjectura.
530 3849 675 3898 Conoeimtia
697 3849 760 3896 male
788 3849 881 3896 Giton.
915 3847 1047 3896 Oricrctum
1062 3847 1133 3898 etiam
1154 3849 1228 3899 MSS.
1252 3851 1316 3899 Flor.

227 3912 284 3961 facti
294 3913 418 3962 mersimus
430 3914 539 3962 stimulm
551 3914 581 3962 ad
594 3913 675 3962 odium
690 3922 759 3961 etres
789 3913 869 3962 Guelf.
886 3912 939 3961 edd.
950 3923 1007 3962 vett.
1022 3921 1076 3962 ante
1091 3914 1169 3963 Rheu.
1181 3914 1281 3964 restituit
1290 3915 1316 3962 iu

224 3992 298 4026 noves
312 3978 449 4027 molimdss.
483 3979 568 4044 anue
582 3979 694 4027 materna
708 3993 756 4025 cre·
788 3987 879 4026 textum
901 3977 1012 4028 Pichene.
1051 3980 1138 4028 Sensus
1158 3988 1207 4028 este
1235 3979 1317 4027 odium

225 4042 389 4107 brueetspud
401 4059 481 4092 omues
493 4044 618 4093 histor-icor.
650 4044 689 4092 Sic
699 4059 720 4091 e.
732 4043 756 4090 8.
788 4043 928 4107 flagitiorum
949 4043 1043 4092 alter-im
1059 4044 1085 4091 in
1103 4044 1204 4092 Galbam
1220 4044 1317 4092 nansia·

224 4107 340 4156 ueram·
349 4108 430 4156 (lem.
440 4118 505 4157 mem
514 4109 648 4157 ineuntur.
663 4109 735 4157 Eur.
788 4117 849 4168 mm,
866 4117 890 4157 er
901 4108 1008 4158 matiam
1023 4109 1117 4158 alexim
1131 4109 1157 4156 in
1173 4116 1316 4156 eonemtum

259 4173 371 4235 Angebat
393 4173 554 4236 aspernenter]
570 4174 655 4235 Miror,
665 4172 756 4221 tamdiu
788 4173 911 4223 adduxisse
921 4173 1032 4234 unbem,
1045 4170 1316 4237 atqueindepemiciem

225 4238 351 4286 noluetum
362 4238 441 4286 aceio
449 4238 533 4287 Tacito
541 4239 648 4303 iurpmm
659 4241 756 4287 verbmn
788 4240 839 4299 ejus
848 4247 936 4286 natam.
961 4238 1070 4288 Ceterum
1081 4239 1250 4300 &manemus
1260 4249 1318 4298 cepe

224 4309 411 4364 ouvprrmrten
427 4303 491 4368 quod
505 4311 585 4352 temen
600 4312 625 4352 et
639 4304 665 4350 in
675 4301 756 4351 ouen.
788 4303 818 4352 de
829 4303 931 4352 lacone.
946 4303 979 4352 V.
990 4305 1085 4354 Sueten.
1105 4302 1175 4351 Gelb.
1194 4299 1232 4345 14.
1241 4297 1317 4350 Eun.

223 4367 264 4433 (et
273 4367 350 4434 Buri.)
361 4376 411 4418 est:
427 4383 483 4418 cum
498 4368 523 4416 in
538 4369 574 4419 ed·
591 4383 626 4433 pr.
642 4367 712 4432 plane
726 4367 757 4416 sit
788 4367 858 4418 Acid.
868 4375 958 4432 pugnat
967 4383 1010 4432 pro
1019 4366 1109 4431 eadgari
1118 4363 1251 4413 onerabant.
