3059 4975
252 304 291 359 ec
626 296 926 359 nrsronrnnuu
1149 300 1340 374 [name-⁶

253 466 287 529 in
301 464 410 529 eadem
418 464 467 527 Po
512 465 599 527 aeaiu
609 462 799 550 provinciam
814 462 1021 543 Lusitaniam,
1035 464 1134 550 specie
1148 462 1322 563 legationis,

254 549 400 637 seposuit.
420 552 463 614 Ot
486 574 516 627 o,
523 549 650 613 comiter
658 548 872 629 administrata
880 548 1047 697 qroviucia,
1054 549 1174 647 primus
1182 572 1212 613 ru
1219 564 1323 638 partes

256 651 474 721 transgressus,
488 658 544 699 nec
555 634 667 723 segnis,
678 649 720 713 et,
731 634 830 699 donec
844 634 883 698 be
906 656 961 697 um
974 634 1046 713 fuit,
1061 648 1141 699 mter
1155 650 1324 723 praesentes

256 720 532 821 splendidissimus,
544 743 631 808 spem
644 719 831 806 adoptionis,
851 719 955 783 statim
969 733 1159 807 conceptam,
1174 721 1276 785 acrius
1290 722 1324 784 in

256 808 322 890 dics
342 806 500 893 rapiebat:
531 805 708 872 faventibus
728 804 886 893 plerisque
907 804 1052 885 militum,
1075 828 1175 893 prona
1187 806 1229 881 ,in
1250 828 1324 871 eum

257 893 331 957 auls
344 892 488 970 Neronis,
504 904 541 955 ut
555 891 694 957 similem.

301 979 397 1042 XIV.
418 978 480 1041 Sed
492 977 605 1055 Galba,
616 990 687 1064 post
696 976 823 1040 nuntios
832 976 1027 1041 Germanicae
1037 977 1204 1058 seditionis,
1215 1001 1325 1066 quam-

258 1087 354 1151 quam
367 1062 445 1128 nihil
460 1063 563 1127 adhuc
577 1062 617 1127 de
631 1060 756 1126 Vitellio
770 1074 900 1141 certum,
921 1062 1033 1126 anxius
1052 1086 1190 1149 quonam
1209 1065 1325 1129 exerci-

258 1166 351 1216 tuum
361 1148 409 1213 vis
422 1161 609 1235 erumperet,
629 1171 669 1211 ne
688 1148 810 1211 urbano
828 1146 956 1233 quidem
971 1148 1060 1211 militi
1074 1151 1226 1228 confisus,
1239 1150 1326 1237 quod

259 1235 431 1315 remedium
453 1234 581 1314 unicum
601 1234 739 1312 rebatur,
762 1232 886 1295 comitia
905 1232 1031 1318 Imperii
1054 1234 1211 1322 transigit:
1238 1235 1326 1300 adhi-

259 1322 399 1407 bitoque,
425 1343 519 1407 super
540 1319 666 1384 Vinium
688 1342 725 1382 ac
744 1319 912 1395 Laconem,
937 1318 1042 1382 Mario
1065 1319 1166 1400 Celso,
1190 1322 1326 1387 Consule

260 1406 432 1493 designato,
446 1429 483 1469 ec
497 1404 661 1469 Ducennio
676 1404 821 1481 Gemin0,
838 1404 990 1467 Praefccto
1010 1406 1107 1485 urbis,
1128 1428 1228 1492 pauca
1246 1420 1326 1493 pree-

261 1494 345 1561 fatus
360 1490 430 1555 “de
445 1515 502 1556 sua
513 1503 679 1569 senectute,
692 1490 838 1554 Pisonem
853 1487 1051 1554 Licinianum
1066 1491 1201 1557 arcessi”
1215 1492 1326 1579 jubet3

263 1775 286 1815 et
296 1765 328 1813 sic
338 1764 385 1813 mei
391 1764 453 1814 libri.
464 1763 611 1813 Corarruvioe
617 1770 696 1812 tamen
705 1761 779 1813 codex
811 1770 834 1813 et
849 1764 1047 1813 Tarraconensem
1057 1766 1154 1813 Cereri.
1179 1765 1246 1825 Quid
1256 1766 1328 1829 igitur

263 1840 287 1878 et
297 1830 420 1890 Budensis,
438 1832 538 1878 Octavia
548 1844 610 1876 uror
623 1837 780 1879 amoveretur.
811 1828 924 1892 Appiano
940 1829 965 1876 in
982 1837 1085 1877 mentem
1100 1831 1163 1877 venit
1178 1831 1282 1891 scribere,
1299 1832 1329 1880 de

263 1894 334 1953 Quod
350 1905 438 1943 rectum
449 1910 521 1957 aeque.
539 1895 614 1942 Inrs.
630 1894 780 1941 Amoliretur
813 1893 1171 1957 bellollispurieusi‚extrem0?
1186 1895 1223 1942 Ab
1234 1910 1259 1942 ea
1270 1903 1329 1944 tem-

264 1961 327 2006 Flor.
339 1960 418 2006 Guelf.
434 1958 487 2007 edd.
502 1974 589 2006 omnes.
605 1958 653 2006 Sed
664 1959 687 2005 iu
699 1957 780 2006 Guelf.
809 1972 868 2019 pore
890 1959 949 2022 (quo
966 1958 1076 2007 Cantabri
1091 1960 1121 2007 ab
1136 1959 1247 2022 Augusto
1262 1958 1328 2020 ric'ti)

263 2032 330 2071 estet
343 2026 451 2082 Octavia,
468 2032 496 2071 ut
506 2024 603 2071 Calenus
619 2023 717 2082 volebat,
734 2041 779 2069 rra-
814 2024 918 2070 Romam
934 2023 1047 2077 Iturium,
1061 2039 1115 2087 quoe
1129 2024 1197 2071 batte
1208 2026 1330 2087 Hispania

263 2090 362 2139 ἓητικῶς
379 2097 470 2152 accepto
486 2090 633 2135 anmliretur.
665 2086 781 2135 Budensis
814 2088 912 2143 dicitur,
929 2088 956 2133 iu
972 2092 1020 2133 tres
1032 2094 1113 2148 partes
1124 2089 1228 2135 dividere
1238 2092 1330 2151 eoepuse
1364 2114 1368 2121 ·

264 2151 320 2199 MS.
342 2151 463 2199 lectionem
484 2167 529 2199 rec.
551 2151 629 2199 Rhen.
644 2166 699 2199 cum
714 2166 781 2213 seqq.
814 2151 1003 2205 mibiuidmtun
1020 2152 1330 2212 iaquerumduasanauos

263 2216 379 2279 usquead
390 2217 456 2279 lips.
471 2215 544 2262 Eun.
814 2217 970 2277 rugiorum
984 2216 1085 2263 Senatus
1099 2217 1183 2273 mittit,
1197 2220 1223 2263 iu
1234 2220 1331 2267 tertiam

267 2309 269 2313 =
297 2284 328 2328 Iu
336 2281 662 2344 ProvinciamLusitaniam]
671 2278 781 2328 Totidem
816 2279 1158 2341 ueroProesidemImpemtar.
1181 2280 1331 2340 Quantum

265 2345 339 2393 verbis
355 2345 420 2392 Suet.
438 2343 497 2393 ou.
509 2345 534 2391 3.
551 2346 673 2406 Sepositus
688 2352 723 2393 est
734 2358 781 2406 per
815 2356 945 2407 numquam
962 2358 1078 2403 excusem,
1098 2344 1143 2391 nisi
1159 2344 1217 2407 quid
1232 2346 1332 2395 mutavit

265 2424 371 2456 casuram
383 2410 507 2470 legationis
516 2410 542 2453 tn
553 2410 714 2457 Lusitaniam.
735 2407 781 2456 Sed
815 2408 865 2468 ejus
881 2423 937 2456 arva
970 2409 1052 2456 Strabo
1069 2408 1138 2456 etiam
1154 2408 1180 2455 in
1195 2408 1242 2457 fine
1257 2412 1332 2474 operis

265 2490 340 2536 opere
350 2481 385 2521 est
394 2473 471 2522 ridere
480 2472 617 2522 dirisiomm
627 2473 749 2539 Hispaniae
758 2482 783 2522 et
815 2472 873 2521 duas
887 2472 1013 2535 Hispanias
1023 2487 1137 2522 recensus
1147 2473 1207 2523 iuter
1217 2491 1264 2535 eae
1279 2493 1332 2540 que

266 2538 425 2597 Praefccturss,
435 2537 659 2602 quonismsarpebic
669 2539 783 2586 intercur·
816 2537 897 2601 populi
913 2545 975 2597 suut,
993 2537 1098 2594 videtur3
1116 2538 1156 2586 sed
1167 2539 1272 2588 videtur:
1292 2557 1332 2588 es-

265 2603 303 2650 rit.
335 2602 416 2649 Divisa
426 2617 453 2648 es
463 2604 493 2650 ab
503 2602 613 2665 Augusto
622 2604 648 2652 in
660 2603 719 2651 dues
728 2617 783 2665 pro-
816 2617 862 2664 que
878 2617 913 2651 res
928 2601 1075 2666 interpretem
1091 2603 1189 2666 decepit,
1205 2603 1246 2666 qui
1262 2605 1333 2652 etiam

266 2667 361 2724 vincius,
378 2666 503 2714 citeriorem
514 2675 538 2714 et
547 2668 687 2716 ulteriorem.
719 2667 784 2714 eise
816 2669 855 2720 τὴν
870 2667 932 2719 iuris
942 2666 1041 2778 'ldlqpiun-
1056 2667 1082 2715 id
1092 2676 1126 2716 est
1137 2670 1274 2718 ulteriorem
1284 2670 1332 2717 sive

266 2731 312 2778 rior
321 2732 497 2779 Tarraconensis
506 2731 577 2780 mam
586 2731 662 2780 dictas
678 2731 716 2780 cui
724 2731 784 2778 Gal·
817 2733 956 2778 eetemorem
995 2731 1118 2794 ispaniam,
1128 2733 1225 2796 turpiter
1235 2735 1333 2781 istorio.

266 2795 405 2858 bspraefirit,
413 2795 718 2844 cuiunncCluriusRulus.
737 2794 783 2843 Ul·
816 2809 868 2842 rem
877 2796 994 2843 convertit.
1028 2796 1120 2844 Vellem
1131 2797 1246 2845 monuisse
1256 2798 1332 2846 erudi.

265 2860 335 2909 terior
350 2860 423 2907 divisa
443 2859 468 2907 in
485 2860 543 2909 dues
559 2861 693 2924 provincius,
710 2859 784 2909 Beti-
816 2859 932 2906 tissimum
939 2859 1112 2920 Csssubonum,
1123 2861 1334 2922 cujussttrsbo.

268 2933 351 2974 cantet
361 2925 515 2972 Lusitaniam.
540 2925 628 2974 Baedcc
637 2925 719 2988 populi
729 2925 782 2980 fuit,
817 2937 871 2972 nem
887 2925 970 2988 probos
985 2939 1039 2972 sene
1054 2933 1120 2972 notes
1134 2926 1184 2986 jem
1199 2939 1262 2973 nunc
1277 2925 1333 2974 vidi.

267 3001 292 3037 et
301 2989 326 3036 in
339 3005 390 3036 esm
404 2989 489 3037 missus
503 2990 636 3042 Proconsul·
662 2991 747 3038 Noster
757 2991 783 3051 t,
818 2987 893 3036 lues.
921 2987 959 3036 De
974 2989 1097 3052 provinciis
1114 2989 1214 3051 Hispan.
1230 2990 1276 3038 lste
1287 2991 1334 3053 egit

270 3054 310 3102 13.
330 3055 412 3102 Vibius
419 3056 521 3102 Serenus
529 3057 651 3102 ulterioris
659 3055 784 3116 Hispanico
819 3053 922 3100 Cennius
937 3053 962 3100 in
976 3053 1061 3117 Antiq.
1075 3053 1165 3101 Eccles.
1176 3053 1277 3115 Hispan.
1288 3057 1335 3103 vol.

268 3120 417 3166 Pracousule
433 3133 480 3166 non
507 3119 548 3166 uic
562 3127 611 3167 totu
621 3118 784 3182 Hispanisul.
820 3117 1080 3181 1.Disc.1.‹·.1.sqq.
1113 3117 1230 3182 Moxpro
1240 3119 1335 3182 vulgato

268 3183 337 3231 terior
346 3187 424 3236 (ceute
433 3135 508 3246 legul
521 3183 685 3231 Proconsulem
695 3182 784 3230 babuc-
818 3184 920 3243 seposuit
933 3181 1085 3245 precedendo
1097 3183 1217 3247 requirunt
1229 3198 1335 3246 seposue-

268 3248 308 3306 rit,
324 3247 364 3296 sed
383 3248 438 3312 quia
454 3249 505 3308 ejus
520 3263 573 3310 pars
588 3247 670 3294 medior
689 3246 787 3296 Bustica.
817 3252 866 3306 rat,
883 3255 911 3294 ut
925 3255 980 3294 ente
990 3255 1024 3294 est
1035 3249 1187 3309 deponeret:
1204 3248 1267 3310 quod
1277 3249 1335 3296 reci-

269 3308 354 3376 Itsque
368 3311 540 3360 confimdebant
552 3311 671 3359 scribendo
684 3311 733 3358 sive
747 3310 785 3358 lo-
817 3325 871 3373 pere
885 3325 931 3358 non
947 3311 1060 3370 dubitavi,
1079 3321 1172 3376 propter
1185 3313 1335 3361 noecsscrism

269 3377 370 3440 quenda.
393 3375 484 3424 Plinius
494 3377 519 3434 3,
533 3374 555 3421 l.
572 3372 619 3438 (2.)
633 3378 722 3423 Prium
733 3377 785 3422 Hi·
818 3373 955 3422 evidentiam
966 3392 973 3422 s
991 3384 1044 3437 post
1053 3375 1175 3424 Acidaliae
1188 3378 1246 3424 bene
1262 3393 1335 3441 copu-

269 3444 353 3504 spania
364 3448 485 3490 terrarum
494 3445 537 3498 est,
549 3442 650 3488 ulterior
659 3441 786 3503 appellata,
818 3437 866 3485 leni
877 3446 900 3486 et
911 3440 1051 3502 transponit:
1065 3442 1201 3502 eucrepitis,
1211 3442 1335 3489 domcbel-

269 3508 350 3554 eedem
359 3507 460 3553 notua.
498 3505 554 3552 Non
569 3513 648 3552 temen
664 3505 734 3553 etiem
749 3521 786 3552 re·
819 3503 869 3549 lum
870 3503 935 3565 Jistt,
944 3510 966 3550 et
973 3506 1035 3551 iuter
1037 3519 1079 3566 pr.
1086 3507 1130 3565 spi.
1138 3505 1210 3553 Eun.
1229 3505 1259 3552 ln
1266 3508 1336 3554 verbo

270 3570 354 3632 gendo.
378 3570 443 3617 Nem
453 3568 507 3616 duae
517 3568 613 3618 Gaemris
622 3569 726 3627 fumum,
737 3569 786 3616 sola
819 3569 919 3628 seposuit
935 3568 1048 3617 mutando
1064 3568 1152 3617 fellimr
1171 3569 1207 3617 vir
1226 3569 1337 3633 optimus.

270 3635 359 3684 Baetics
369 3633 457 3697 populi.
484 3635 567 3682 Strsbo
576 3633 691 3694 durium,
701 3634 718 3682 1.
729 3635 753 3680 3.
761 3647 787 3696 p.
819 3630 990 3695 Distirrguendn
996 3633 1152 3680 omnincsunt
1160 3642 1273 3697 tempere.
1284 3634 1337 3682 Nec

273 3699 327 3747 166.
355 3698 405 3745 Nusl
416 3698 437 3743 tl
448 3699 492 3743 reis
503 3699 619 3762 inauris,
628 3701 671 3744 scis
680 3698 719 3758 μὶν
730 3699 786 3745 ἄπο·
819 3694 885 3744 aliter
895 3697 989 3745 codices.
1017 3697 1078 3745 Mox
1090 3697 1151 3745 Bud.
1165 3700 1191 3746 t'tt
1200 3701 1273 3746 diem.

271 3763 398 3826 διιχθιισῶν
409 3763 444 3819 τῷ
454 3762 515 3821 δήμῳ
526 3779 551 3806 rs
567 3761 603 3807 sul
614 3762 645 3829 ‘sp'
657 3763 787 3820 σνγκλῆτῳ,
851 3763 977 3808 Duemnto
982 3763 1094 3824 Gemino]
1103 3762 1148 3809 Ille
1154 3770 1197 3819 est,
1205 3762 1234 3811 de
1240 3776 1288 3826 quo
1296 3762 1335 3823 15,

272 3833 316 3872 reiis
333 3826 354 3872 dl
369 3825 405 3882 τῷ
420 3826 505 3885 insudet
521 3832 566 3871 τῶν
580 3825 699 3884 Ῥωμαίων,
716 3830 729 3880 ἡ
745 3829 786 3883 μὲν
822 3824 859 3872 18.
875 3825 947 3888 legist
964 3826 1033 3874 Exite
1044 3828 1114 3874 Nero
1125 3833 1173 3874 tres
1186 3828 1336 3886 Consulares,

273 3892 364 3943 Burrum
372 3889 543 3955 rqdrsssrusrq'l
551 3889 618 3949 δήμῳ,
628 3890 664 3935 nat
672 3889 785 3950 redurescit
820 3891 852 3936 L.
874 3891 996 3948 Pisonem,
1021 3892 1174 3938 Dureaulum
1198 3891 1336 3951 &mittum

272 3953 396 4020 στρατηγὶς
406 3951 446 3997 tet
463 3954 537 4011 αὐτὴν,
554 3952 609 4018 ἔχων
621 3954 701 4014 euplus
712 3973 738 4000 rs
750 3951 786 3998 sal
820 3954 963 4016 Pompeium
969 3956 1110 4002 Poulls'num
1117 3957 1338 4017 uectigalibusproe·

271 4015 475 4082 resedissit-Sil
486 4016 507 4062 di
519 4019 594 4073 λοιπὴ,
610 4017 718 4085 Kalrsqie
729 4018 787 4064 iera.
815 4019 906 4080 posuit·
930 4018 1005 4066 LIPs.
1038 4018 1077 4068 De
1090 4019 1169 4069 Murio
1180 4015 1248 4069 Celso
1260 4034 1284 4068 v·
1296 4019 1337 4080 15,

271 4080 399 4140 Πίμπονται
420 4080 439 4126 δ’
459 4080 497 4127 ἀπ’
517 4081 581 4129 αὐτοῦ
597 4081 631 4127 δύο
647 4079 788 4149 nqsesssurul,
819 4084 861 4130 25.

272 4144 421 4205 στρατηγικός
444 4163 469 4190 τι
491 4145 535 4190 ,καὶ
558 4146 672 4199 ὑπατικός.
709 4144 787 4193 Addit
853 4148 1336 4212 Accerrlrijudel,reuproprladilet'lione,

269 4207 361 4265 deinde,
374 4208 511 4257 Praetorium
527 4208 654 4257 Lusitania
669 4209 788 4273 prefuisse
821 4213 870 4259 sine
881 4219 908 4260 ut
919 4214 1014 4274 quidam
1030 4214 1192 4278 tradiderunt]
1207 4213 1280 4276 laege,
1296 4229 1338 4259 ar-

270 4286 324 4318 cum
335 4273 405 4320 unico
415 4273 518 4337 legato:
534 4274 685 4322 Consularem
692 4274 788 4338 reliques
821 4278 886 4324 cessi.
905 4277 997 4326 Gnou.
1020 4278 1099 4327 Recte.
1117 4278 1156 4326 Sic
1171 4286 1194 4326 et
1209 4283 1338 4326 currerem

270 4351 325 4383 cum
336 4336 410 4386 tribus
417 4338 513 4402 hepatis
522 4338 641 4402 cibusque
650 4338 787 4402 legionibus.
822 4341 856 4388 vir
864 4340 944 4392 doctus
951 4341 977 4388 in
984 4341 1021 4390 ed.
1028 4343 1120 4406 Gryph.
1127 4351 1150 4391 et
1157 4341 1338 4391 mnvmithodie

272 4401 391 4448 Concurrit
405 4411 429 4450 ct
448 4402 496 4451 Dio
512 4403 554 4460 53,
572 4403 610 4449 12.
631 4403 673 4466 qui
693 4402 786 4462 diserte,
821 4405 1337 4467 sctisoccersereessevocemuihili,debitum

271 4467 388 4514 Baeticam
400 4469 489 4532 populo
501 4469 620 4529 adsigmat,
637 4468 788 4516 Lusitaniam
821 4469 916 4518 inscitie
942 4471 1096 4533 librariorum,
1118 4472 1160 4535 qui
1181 4486 1233 4520 eam
1254 4468 1338 4518 millies
