3059 4975
495 484 548 584 a
571 482 854 585 conuunu
889 482 1087 585 ruunt
1204 446 1207 451 ’

424 698 478 804 Η
501 700 529 801 Ι
549 699 586 803 S
608 701 728 805 TO
753 703 806 805 R
832 704 859 805 I
878 706 929 809 A
950 706 1005 809 R
1025 698 1075 806 U
1097 689 1159 805 M

573 919 745 1006 LIBER.
762 916 1008 999 ‘ruamus

708 1104 874 1140 *⁴*

585 1238 858 1313 anuvmnrunr
878 1244 1003 1313 maur.

196 1401 200 1407 ’
251 1381 332 1517 Capp.
346 1386 373 1444 1.
393 1382 537 1442 Flavianis
557 1382 596 1441 de
614 1383 727 1442 rationo
745 1382 815 1441 belli
835 1382 1063 1441 deliberantibus
1083 1392 1192 1441 moram
1208 1380 1270 1449 alii,
1289 1382 1318 1442 9.
1405 1396 1409 1406 ’

213 1461 217 1468 ’
306 1460 510 1519 estinationem
519 1462 665 1520 Antonius
672 1462 789 1522 Primus
799 1461 941 1521 suadet3.
952 1473 982 1520 et
994 1462 1116 1519 obtinet.
1137 1464 1165 1520 4.
1177 1461 1317 1519 Proxima

294 1538 384 1599 Corn.
397 1539 483 1598 Fusci
496 1540 664 1600 auctoritas.
702 1544 731 1599 5.
745 1539 896 1617 Principes
912 1540 1107 1599 Sarmatarum
1124 1538 1266 1617 Iazygum
1285 1540 1316 1597 iu

252 1639 254 1646 ’
293 1617 494 1676 commilitium
506 1618 622 1679 adsciti.
663 1619 734 1678 Sido
748 1630 780 1677 et
792 1619 913 1677 Italicus
935 1619 1097 1677 Suevorum
1112 1619 1211 1694 Reges
1227 1618 1314 1677 tracti

291 1694 322 1752 in
342 1707 449 1774 partes.
471 1700 498 1756 6.
513 1702 540 1761 7.
554 1698 692 1768 Antonio,
710 1698 825 1756 Italiam
845 1697 1006 1766 invadenti,
1028 1716 1127 1756 comes
1148 1706 1193 1753 est
1207 1696 1314 1754 Arrius

263 1810 265 1814 .
293 1773 398 1835 Varus.
437 1774 550 1835 Multas
578 1777 664 1835 urbes
684 1786 841 1855 occupant.
881 1778 909 1835 8.
929 1776 1048 1835 Verona
1070 1774 1104 1833 fit
1123 1774 1194 1833 belli
1218 1775 1314 1833 sedes.

292 1850 395 1911 Moras
411 1852 520 1912 frustra
537 1866 589 1913 aut
602 1873 669 1913 sero
684 1865 808 1913 nectunt
822 1854 1018 1931 Vespasianus
1038 1865 1068 1913 et
1082 1853 1247 1912 Mucianus.
1286 1856 1314 1913 9.

293 1931 413 1989 interim
423 1932 526 1990 Duces
539 1932 646 1991 mutuis
660 1932 789 2009 epistolis
799 1932 908 1989 bellum
923 1943 1038 2009 gerunt.
1079 1936 1125 1991 10.
1141 1932 1176 1989 T.
1188 1930 1314 2009 Ampius

292 2007 455 2080 Flavianus,
468 2010 552 2069 militi
572 2022 737 2087 suspectus,
752 2012 789 2068 ab
804 2010 934 2067 Antonio
948 2021 1088 2069 servatur.
1131 2014 1179 2068 11.
1198 2010 1259 2069 Hic
1273 2010 1315 2068 al·

290 2098 384 2147 teram
401 2108 520 2167 quoque
532 2089 715 2157 seditionem,
735 2088 803 2147 odio
818 2088 924 2165 Aponii
946 2088 1094 2147 Saturnini
1112 2098 1216 2155 ortam,
1231 2102 1312 2147 corn⁴

290 2166 400 2244 primit.
443 2172 488 2227 la.
500 2167 631 2234 Lucilius
644 2168 752 2226 Bassus
766 2182 800 2225 et
821 2172 865 2227 13.
884 2171 928 2227 14.
943 2167 1071 2238 Caecina,
1093 2186 1111 2226 a
1124 2166 1245 2225 Vitellio
1259 2166 1312 2225 de-

288 2246 432 2315 ficientes,
446 2266 463 2305 a
477 2247 616 2305 militibus
628 2246 688 2305 suis
698 2245 893 2325 conjiciuntur
906 2246 934 2303 in
946 2244 1070 2304 vincula.
1093 2250 1139 2306 15.
1152 2245 1313 2305 Discordes

288 2324 461 2383 Vitellianos
480 2326 518 2383 ad
532 2326 707 2384 Bedriacum
726 2324 850 2403 adgredi
869 2324 971 2383 statuit
984 2325 1140 2385 Antonius.
1180 2328 1226 2385 16.
1242 2324 1313 2381 Avi-

290 2403 382 2462 ditate
395 2404 537 2462 n‘avandas
551 2423 648 2482 operae
661 2404 764 2463 Arrius
779 2405 872 2461 Varus
886 2423 949 2463 rem
963 2402 993 2460 in
1007 2403 1161 2462 discrimen
1176 2403 1313 2471 adducit;

250 2525 254 2535 ,
291 2481 339 2545 17.
359 2502 424 2540 eam
441 2482 586 2542 Antonius
607 2482 771 2543 constantia
789 2494 819 2540 et
836 2482 944 2542 virtute
962 2481 1099 2552 restituit,
1124 2486 1169 2544 ts.
1189 2482 1313 2542 victoria

289 2561 410 2638 potitur.
449 2566 494 2622 19.
509 2562 690 2642 Vespasiani,
704 2580 740 2621 ea
751 2561 831 2629 freti,
846 2563 1021 2621 Cremonam
1035 2581 1206 2641 expugnare
1220 2561 1312 2640 depo-

287 2652 383 2700 scunt.
424 2640 472 2701 20.
492 2642 694 2700 inconsultum
717 2659 819 2699 eorum
841 2641 975 2700 ardorem
994 2640 1103 2700 frustra
1123 2640 1231 2699 retinet
1248 2641 1312 2698 An·

288 2720 395 2778 tonius.
435 2725 484 2780 21.
505 2719 569 2779 Sed
586 2719 771 2779 adventantis
791 2719 882 2777 hostis
902 2730 999 2778 terror·
1011 2720 1176 2779 obstructas
1196 2730 1311 2778 mentes

289 2798 417 2858 consiliis
430 2798 523 2858 Ducis
537 2799 642 2876 aperit.
679 2802 806 2858 22-25.
826 2797 964 2856 Proelium
979 2809 1075 2868 atrox,
1088 2817 1211 2875 anceps.
1248 2799 1311 2856 An·

288 2876 386 2934 tonius
400 2875 511 2954 egregii
525 2876 624 2935 Ducis·
639 2876 738 2934 munia
750 2877 854 2955 inplet,
868 2875 1020 2934 victoriam
1036 2876 1141 2936 aufert.
1183 2879 1311 2938 26-33.

289 2955 444 3013 Cremona
454 2957 583 3023 obsessa,
604 2966 701 3034 capta,
721 2965 862 3026 cremata,
883 2958 931 3016 34.
951 2965 1056 3032 postea
1075 2955 1221 3016 restituta.
1247 2955 1311 3020 ⁶35.

289 3031 385 3090 Victae
397 3032 529 3110 legiones
542 3034 688 3112 dispersae.

326 3116 375 3171 36.
396 3112 536 3171 Vitellius
549 3113 623 3171 luxu
636 3124 745 3192 torpet.
784 3111 836 3180 37..
847 3115 883 3172 In
897 3113 1148 3174 urbemi-evectus
1163 3113 1310 3172 Caecinam

288 3190 482 3258 condemnat3
501 3191 528 3247 ei
540 3191 663 3250 Rosium
678 3192 825 3270 Regulum
838 3194 868 3251 in
883 3211 971 3252 unum
985 3193 1066 3252 diem
1078 3193 1236 3252 Consulem
1249 3193 1310 3251 suf·

288 3267 361 3328 licit.
400 3273 451 3331 38.
463 3273 513 3329 39.
524 3268 629 3329 Junius
643 3271 758 3330 Blaesus·
770 3271 873 3332 fraude
887 3271 923 3328 L.
935 3272 1045 3331 Vitellii
1059 3285 1175 3346 veneno
1186 3271 1309 3332 tollitur.

287 3353 336 3410 to.
349 3352 399 3408 41.
414 3349 525 3408 Fabius
534 3347 643 3407 Valens
656 3349 776 3408 libidine
787 3362 817 3409 et
828 3351 1017 3410 cunctatione
1027 3350 1250 3410 Vitellianorum
1262 3369 1312 3408 res

286 3427 402 3486 subruit
410 3438 452 3500 et,
462 3431 511 3487 ta.
521 3425 664 3487 Flavianis
673 3428 789 3487 ltaliam
797 3431 1019 3508 occupantibus,
1031 3435 1082 3490 43.
1089 3429 1127 3487 ad
1138 3427 1312 3488 Stoeclradas

247 3537 251 3543 »
287 3506 414 3576 delatus,
427 3505 552 3586 capitur.
589 3511 638 3566 44.
659 3507 820 3586 Hispania,
835 3507 951 3578 Galliae',
968 3506 1129 3575 Britannia,
1145 3516 1253 3566 cuncta
1269 3506 1310 3565 ad

287 3585 460 3665 Vespasiani
473 3603 545 3666 opes
560 3599 710 3646 conversa.
748 3591 799 3647 45.
818 3585 932 3646 Turbat
945 3598 1043 3646 tamen
1057 3584 1236 3644 Britanniam
1249 3587 1309 3645 Ve-

285 3664 403 3724 nutius:
425 3665 466 3725 ibi
479 3664 560 3726 varia
577 3676 657 3724 sorta
674 3676 847 3744 pugnatum.
886 3671 937 3728 46.
951 3667 1085 3726 'turbata
1100 3685 1218 3743 quoque
1234 3665 1309 3724 Ger-

286 3743 393 3803 mania.
412 3744 500 3803 Mota
510 3756 540 3802 et
554 3744 705 3803 Dacorum
718 3764 803 3823 gens,
817 3764 835 3804 a
847 3747 987 3805 Muciano
1001 3764 1038 3804 ex
1052 3745 1177 3804 Oriente
1188 3743 1310 3816 reduce,

286 3838 431 3898 repressa.
469 3826 518 3887 47.
537 3826 585 3884 48.
605 3823 751 3883 Anicetus
770 3821 936 3884 Polemonis
962 3824 1095 3892 libertus,
1116 3822 1244 3882 Pontum
1263 3823 1309 3881 in-

287 3898 409 3971 festans,
422 3901 550 3979 capitur.
585 3902 779 3980 Vespasianus
795 3903 1007 3966 Alexandriam
1023 3901 1131 3981 pergit,
1153 3913 1186 3961 ut
1206 3901 1312 3963 urbem

251 4050 253 4055 Ι
286 3978 366 4036 fame
386 3990 499 4057 urgeat
538 3984 592 4042 49.
607 3981 763 4053 Antonius,
785 3995 853 4060 post
874 3983 1049 4042 Cremonam
1076 3983 1308 4060 superbiendi).

285 4068 400 4135 partem
414 4058 565 4137 copiarum
578 4059 704 4118 Veronae
716 4061 866 4138 relinquit,
885 4072 999 4140 partem
1019 4061 1050 4118 in
1062 4059 1234 4120 Vitellianos
1253 4079 1308 4118 ex·

286 4135 378 4214 pedit.
416 4141 467 4198 51.
488 4137 639 4196 Nefarium
659 4139 772 4197 lacinus
790 4139 898 4210 militis,
916 4141 954 4199 ob
969 4140 1099 4200 occisum
1112 4159 1130 4198 a
1143 4159 1175 4200 se
1187 4139 1308 4211 fratrem

287 4215 436 4292 premium
455 4215 593 4294 petentis.
631 4222 679 4278 52.
694 4217 920 4278 Festinationem
936 4218 1057 4278 Antonii
1077 4219 1157 4296 apud
1169 4219 1229 4278 Ves
1250 4215 1308 4273 asi-

287 4311 375 4350 anum
390 4293 559 4353 criminatur
572 4295 740 4355 Mucianus.
779 4301 827 4356 53.
849 4299 878 4358 ls
895 4299 1055 4376 Jactantius
1069 4316 1158 4373 quam
1172 4295 1210 4354 ad
1263 4293 1308 4350 in-

285 4368 383 4449 cipem
403 4371 515 4432 litteras
528 4376 689 4455 componit,
702 4375 877 4436 Mucianum
896 4378 1066 4436 insectatus.
1107 4375 1188 4433 Inde»
1203 4390 1315 4451 graves*

282 4453 402 4511 Ducum
415 4451 588 4513 simultates.

331 4548 406 4595 VOL.
421 4548 473 4597 111.
1114 4551 1141 4593 Μ
