3059 4975
197 267 256 330 834
598 253 904 322 Historiarum
1106 267 1153 340 [Α.
1164 281 1194 323 υ.
1209 266 1278 322 824.

202 451 291 498 mona
308 428 451 518 juvisset,
466 428 499 492 in
521 428 681 512 sexaginta
701 427 1053 525 pedes,intcrdeve1a‚
1074 427 1108 490 iii
1129 439 1275 492 centenos

204 519 390 602 vicenosque
409 513 655 580 adtollebantur:
678 533 757 578 mira
771 515 880 601 specie,
901 535 938 577 ac
951 513 1061 599 procul
1080 513 1276 579 intuentibus

203 625 305 754 pgpps.
349 600 421 667 Alia
442 601 527 664 intus
548 599 672 677 misnia,
690 599 785 685 regia
810 599 1024 686 circumjecta:
1046 600 1277 688 conspicuoque

275 688 329 775 gio
343 686 438 752 turris
452 686 608 762 Attoniti,
624 685 657 748 iii
679 685 828 750 honorem
855 687 906 748 M.
924 684 1055 750 Antonii
1080 686 1121 750 ab
1143 685 1275 750 Herode

206 773 371 862 Mmfflm

250 860 335 924 XII.
359 857 438 923 Tem
462 856 529 922 lum
543 857 576 920 iii
590 857 720 920 modum
734 857 814 922 arcis
827 858 1008 946 propriique
1019 857 1113 936 muri,
1123 857 1229 922 labore
1242 871 1274 922 et

207 965 300 1034 opere
321 957 394 1009 ante
414 879 508 1009 aios:
536 942 613 1030 ipaae
633 941 784 1029 porticus,
801 945 874 1031 quis
894 944 1047 1032 templum
1068 943 1274 1021 ambiebatur,

207 1030 369 1119 egregium
389 1028 673 1116 propugnaculum.
717 1029 804 1094 Fons
816 1029 961 1118 perennis
979 1052 1083 1117 aquae,
1103 1029 1202 1094 cavati
1215 1030 1276 1093 sub

208 1132 292 1182 terra
314 1126 451 1179 montes:
486 1127 518 1178 et
542 1114 669 1201 pissime
693 1114 896 1202 cisternaeque
922 1116 1081 1181 servandis
1104 1116 1273 1181 imbribus:

208 1202 418 1302 praeviderant
439 1200 623 1278 conditores,
643 1223 682 1264 ex
703 1199 881 1267 diversitate
898 1225 1033 1280 morum,
1051 1203 1160 1268 crebra
1178 1201 1276 1267 bellat

209 1288 283 1354 inde
297 1298 410 1354 cuncta
428 1286 571 1373 quamvis
589 1286 738 1350 adversus
758 1286 790 1350 lo
834 1311 888 1352 um
906 1288 1082 1352 obsidium:
1105 1301 1137 1352 et
1151 1312 1170 1352 a
1184 1291 1279 1351 Pom-

209 1375 282 1463 peio
294 1373 483 1461 expugnatis
497 1385 599 1436 metus
613 1385 708 1470 atque
716 1310 951 1460 ususnliieraque
961 1387 1179 1438 monstravere.
1215 1374 1278 1438 At·

210 1481 285 1548 que,
299 1480 357 1558 per
373 1457 535 1522 avaritiam
551 1457 796 1524 Claudianorum
817 1471 993 1547 temporum
1007 1481 1057 1524 cm
1081 1471 1114 1523 to
1125 1459 1199 1546 jure
1210 1479 1280 1522 mn-

210 1544 327 1622 niendi,
343 1555 485 1608 struxere
505 1565 612 1609 muros
624 1544 657 1608 iii
671 1565 757 1642 pace,
778 1559 939 1634 tamqnam
950 1545 991 1610 ad
1005 1545 1045 1609 be
1067 1567 1143 1620 um3
1167 1566 1282 1631 magna

210 1629 353 1696 conluvie
372 1641 405 1694 et
423 1641 595 1694 ceterarum
615 1631 741 1694 urbium
761 1630 849 1695 clade
865 1631 965 1695 aucti:
988 1653 1060 1693 nain
1074 1629 1282 1716 pervicacissi-

212 1739 284 1780 mus
297 1715 432 1802 quisque
443 1715 517 1780 illuc
526 1717 717 1804 perfugerat,
729 1740 829 1804 eoque
839 1715 1013 1781 seditiosius
1022 1717 1166 1814 agebant.
1197 1716 1280 1780 Tres

214 1804 331 1882 Duces,
354 1801 483 1866 totidem
514 1803 676 1868 exercitus.
720 1803 874 1868 Extrema
898 1815 930 1866 et
956 1801 1105 1866 latissima
1129 1802 1281 1866 moenium

215 1887 314 1966 Simo,
328 1911 424 1975 quein
438 1900 470 1952 et
484 1888 668 1977 Bargioram
683 1891 847 1967 vocabant,
860 1888 997 1953 mediam
1011 1887 1120 1952 urbem
1130 1890 1153 1952 J
1155 1911 1282 1963 oannes,

213 1974 368 2062 templum
383 1973 565 2054 Eleazarus,
579 1975 766 2040 firmaverat
811 1974 1021 2038 Multitudine
1031 1990 1064 2038 et
1077 1974 1173 2038 armis
1184 1976 1283 2037 Joau-

214 2082 270 2124 uas
283 2083 320 2124 ac
335 2059 432 2141 Simo,
448 2060 620 2126 Eleazarus
633 2061 712 2138 loco,
727 2060 874 2149 pollebat.
909 2059 971 2125 Sed
985 2060 1106 2147 proelia,
1121 2059 1221 2137 dolus,
1234 2059 1282 2122 iii-

215 2145 325 2211 candia
332 2145 413 2210 inter
423 2147 517 2234 ipsos,
529 2159 561 2212 et
571 2168 685 2235 inagna
694 2147 741 2210 vis
751 2146 901 2211 frumenti
911 2148 1064 2211 ambusta.
1093 2148 1175 2209 Mox
1186 2147 1282 2210 Joaii-

215 2253 281 2310 nes,
296 2232 396 2296 missis
415 2255 473 2320 per
488 2233 620 2320 speciem
642 2232 841 2307 sacuficaudi
856 2233 912 2319 qui
935 2232 1122 2297 Eleazarum
1144 2253 1286 2295 manum-

214 2339 276 2418 que
291 2318 359 2405 ejus
373 2319 604 2399 obtruncarent,
625 2318 741 2406 templo
760 2319 898 2406 potitur:
927 2319 973 2383 ita
985 2319 1020 2381 iii
1033 2318 1112 2382 duas
1132 2316 1281 2380 faenonss

214 2405 324 2469 civitas
343 2403 491 2484 discessit,
512 2404 611 2470 donec
625 2405 909 2495 propinquantibus
923 2405 1085 2484 Romanis,
1099 2402 1217 2468 bellum
1230 2425 1283 2466 eii-

217 2504 341 2556 ternum
355 2492 550 2557 concordiam
565 2508 695 2579 pareret.

260 2576 365 2640 XIII.
388 2580 569 2641 Evenerant
582 2578 735 2674 prodigia,
750 2600 824 2675 quae
838 2600 941 2675 neque
954 2577 1073 2653 hostiis,
1088 2600 1191 2661 neque
1204 2576 1286 2640 votis

239 2660 304 2725 iaie
313 2660 361 2725 fas
369 2661 464 2725 habet
473 2684 550 2747 gens
564 2662 774 2747 superstitioni
784 2664 927 2739 obnoxia,
937 2660 1138 2748 religionibus
1145 2661 1285 2725 adversa.

216 2684 301 2811 lisa
319 2768 376 2835 per
396 2746 510 2811 coelum
528 2769 709 2812 concurrere
730 2747 821 2827 acies,
841 2745 1000 2811 rutilantia
1020 2768 1108 2810 arina
1128 2758 1160 2810 et
1182 2748 1288 2810 subito

217 2832 350 2897 nubium
369 2832 443 2921 igne
464 2833 625 2899 conlucere
645 2832 807 2921 templum.
853 2834 1006 2921 Expassae
1025 2844 1151 2919 repente
1165 2831 1287 2897 delubri

250 3024 284 3073 Io
295 3028 400 3071 aeota-nor
411 3024 547 3087 uicenosque
557 3023 735 3088 attollebantur]
804 3024 883 3087 Simo]
896 3021 1018 3082 ItaMSS.
1030 3020 1091 3068 rior.
1104 3021 1191 3084 (Bud.)
1209 3020 1287 3070 Guelf.

219 3084 277 3139 MS.
285 3088 350 3137 Bad.
361 3092 388 3136 to
395 3097 549 3151 cenmaorquc.
567 3087 646 3135 aaut
658 3087 738 3138 Oxon.
770 3085 850 3137 Oxou.
862 3088 898 3135 ed
914 3103 949 3151 pr.
966 3087 1007 3135 sed
1023 3086 1072 3133 hac
1088 3094 1167 3135 tamen
1182 3096 1209 3135 ut
1224 3084 1288 3133 Flor.

221 3154 463 3215 tacentemrqaoque.
479 3152 627 3214 Maradpr.
636 3154 738 3200 stream·
771 3154 842 3201 semel
852 3162 959 3201 tautum:
977 3151 1100 3200 aliiMSS.
1114 3155 1204 3201 Simon.
1215 3151 1287 3199 Ean.

220 3216 391 3265 vemotetMS.
400 3216 739 3265 Oroaaoooremmatoou:
803 3220 913 3277 Joaaoer,
930 3230 998 3279 qoem
1015 3223 1038 3264 ct
1056 3218 1204 3279 Bargioram
1223 3230 1289 3263 noca-

236 3296 274 3329 iia
295 3280 385 3343 pluuiis
401 3280 485 3329 Tacito
504 3290 527 3331 et
548 3281 604 3329 alibi
619 3290 738 3344 usurpata.
772 3284 839 3347 boot]
858 3282 962 3345 Josepho
972 3283 1002 3330 Β.
1014 3281 1073 3330 Jud.
1085 3285 1109 3340 2,
1121 3280 1226 3345 miti).
1241 3282 1288 3339 4,7

220 3296 364 3393 ianuae.
372 3346 738 3409 arcamjeetasdeiatatoooree
771 3350 822 3411 (9).
839 3348 905 3396 Simo
923 3347 1002 3395 (liora)
1018 3346 1081 3394 filius
1094 3355 1202 3394 vocatur:
1226 3343 1290 3391 unde

220 3410 285 3474 pilus
296 3413 322 3458 to
333 3413 482 3459 immotam.
773 3426 827 3460 cnm
849 3412 941 3477 Rycliio
963 3414 1036 3475 probo
1052 3410 1157 3459 Saliustii
1175 3410 1291 3471 ooujecni-

255 3477 347 3523 Lotora
365 3482 388 3524 at
402 3490 469 3539 opera
497 3476 570 3526 MSS.
592 3476 655 3525 Flos.
679 3476 739 3540 Agr.
772 3491 832 3537 rain,
844 3478 886 3542 qui
896 3476 1061 3541 transpositum
1076 3475 1229 3524 bociuoisum
1244 3488 1290 3536 pu-

224 3539 306 3588 Guell.
322 3540 375 3589 edil.
393 3549 447 3589 aute
504 3556 539 3589 eu.
555 3556 635 3591 omnes
653 3554 740 3605 opero.-
772 3543 846 3603 tubat,
864 3551 887 3591 et
902 3551 955 3605 post
971 3543 1038 3591 Simo
1053 3539 1195 3603 ponendum.
1226 3536 1290 3585 Dein

224 3605 289 3668 quod
299 3604 390 3655 videtur
400 3614 482 3655 natum
493 3622 523 3653 ax
533 3606 616 3655 initiali
667 3607 742 3655 nentis
774 3605 831 3655 MS.
841 3607 923 3673 (atiani
931 3604 1036 3667 Bud.)et
1043 3604 1095 3651 edd.
1106 3612 1159 3651 ante
1166 3602 1231 3667 Isips.
1240 3616 1292 3650 oni-

224 3669 297 3717 vsrbi.
328 3668 395 3719 Nam
410 3686 468 3733 opus
483 3670 604 3735 proprium
618 3672 643 3720 iii
675 3687 701 3720 ao
717 3686 742 3719 re
774 3684 815 3719 nes
828 3674 1012 3733 Bortagioram.
1044 3669 1092 3715 Pro
1106 3669 1239 3716 Eleorum
1253 3667 1291 3715 ed.

226 3734 331 3781 verbum.
355 3734 417 3783 Mox
431 3736 495 3783 Flor.
511 3737 650 3785 amttmtar.
669 3736 741 3785 Erit.
774 3751 810 3799 pr.
827 3743 851 3784 et
867 3738 983 3795 uzarae,
996 3734 1053 3781 itam
1068 3734 1187 3792 Laconia,
1204 3733 1293 3781 Alana-

227 3796 527 3860 Budopcrcamts'etotar.
775 3796 1146 3862 ruantMSFltBiid.)Eau.
1163 3797 1295 3846 Exsuffm·

258 3862 426 3913 Proeotiteroat
437 3866 578 3930 omditorar]
594 3866 651 3916 MS.
660 3866 741 3930 Agilo.
776 3864 816 3929 gio
823 3866 888 3913 Brot.
899 3874 923 3913 et
934 3864 997 3913 hall.
1005 3878 1099 3929 quoque
1107 3863 1199 3929 repositi
1206 3877 1249 3910 suo
1258 3861 1293 3907 lo-

225 3926 356 3990 (Banasa
368 3930 490 3992 iii-iiten.
517 3933 669 3979 reciderant:
680 3930 744 3997 quod
776 3932 883 3979 coverba
893 3929 945 3990 ista,
956 3928 1034 3977 forsan
1045 3943 1060 3975 a
1066 3928 1191 3992 glossatore
1198 3926 1295 3987 adjecta.

226 4000 342 4040 servatum
356 4007 430 4057 usque
444 3996 475 4043 ad
491 3948 558 4063 [lips.
574 3997 616 4061 qui
626 4005 692 4047 venis
708 4004 745 4045 ta·
778 3994 846 4043 Idem
861 3995 934 4043 fecere
955 3994 1011 4058 Bip.
1028 4002 1051 4041 et
1066 3993 1157 4041 undn'u
1172 3991 1292 4038 inclusere.

225 4056 270 4105 cita
280 4057 396 4107 restittit:
413 4060 477 4124 quod
487 4059 536 4110 Μ.
546 4063 637 4111 melius.
653 4062 726 4110 Eiiu.
777 4060 874 4110 Oderas
883 4061 988 4127 putabat,
1000 4060 1054 4106 Bar
1062 4061 1152 4106 Jooom
1161 4053 1294 4103 dicendum.

261 4124 744 4193 Cctaarumurbtomcladc]Aliieotera·
811 4128 949 4175 Evenerant
996 4124 1076 4185 taligia
1113 4121 1186 4170 Pion
1204 4126 1295 4168 eiiam

227 4200 291 4235 ram.
311 4188 387 4238 Lina.
419 4189 493 4239 Velut
509 4190 543 4238 eii.
560 4206 595 4254 pi.
612 4192 668 4241 MS.
684 4190 743 4255 Agr.
778 4191 832 4240 Jos.
842 4191 875 4239 B.
884 4188 942 4238 Jua
972 4188 1079 4250 ‚12,(it.

228 4250 303 4297 male:
328 4266 383 4301 nam
398 4254 560 4318 intelllguntur
575 4257 644 4303 urbes
659 4254 746 4303 Iudai·
812 4256 926 4317 Brposroe
935 4260 1029 4317 repente
1039 4250 1129 4299 delubri
1139 4251 1221 4317 porei]
1237 4248 1297 4297 MS.

228 4326 268 4360 aa
284 4314 349 4367 Aac
360 4318 476 4369 adurit.
491 4319 563 4371 Ean.
584 4318 647 4369 But.
659 4324 746 4369 cetera·
779 4318 841 4367 lior.
861 4327 969 4383 capena
987 4316 1060 4381 (Bait
1079 4332 1109 4364 aa
1126 4314 1212 4379 parre.)
1234 4313 1295 4377 Agr.

230 4389 292 4424 ΝΜ·
779 4383 982 4448 adproperat
1000 4381 1120 4448 quodpro
1136 4379 1295 4447 glossahabtt
