3059 4975
214 280 359 353 ..eron
582 278 667 363 tre.
688 280 713 338 1.
734 280 826 343 cnr.
846 284 896 343 90.
948 286 951 293 ’
1241 294 1278 349 ss

211 439 299 507 velut
311 439 473 508 externum
487 442 556 507 luit.
586 444 685 520 Nam,
696 454 735 509 e'x
747 445 812 533 q'uo
823 448 865 511 D.
878 448 1044 535 Augustus
1055 471 1103 515 res
1116 450 1276 517 Coesnrum

210 530 396 615 composuit,
411 529 531 616 procul,
545 529 619 593 etin
630 531 724 594 unius
733 532 970 598 sollicitudinem
986 550 1041 597 aut
1051 534 1156 615 decus,
1173 538 1279 625 Popu-

210 612 261 676 lus
276 617 439 680 Romanns
451 614 628 680 bellaverat.
674 618 742 681 Sub
756 618 887 683 Tiberio
906 633 937 683 et
952 618 1038 697 Caio,
1057 634 1179 685 tuntum
1194 622 1279 709 pacis

211 698 341 764 adversa
368 700 401 765 in
427 701 668 788 Rempublicum
703 702 889 788 pertinuere.
946 705 1140 770 Scriboniani
1169 722 1277 773 contra

212 784 383 850 Claudium
405 787 530 874 incepta
554 786 646 851 simul
671 787 780 853 audita
804 803 835 853 et
859 789 998 855 coercita.
1051 792 1136 857 Nero
1157 793 1275 859 nuntiis

209 868 308 956 magis
333 885 364 936 et
384 874 574 951 rumoribus,
594 896 690 959 quem
711 873 807 957 armis
826 874 983 973 depulsus.
1030 878 1117 942 Tum
1137 877 1274 965 legiones

209 954 390 1045 classesque,
405 972 448 1037 et,
462 958 549 1045 qnod
561 981 634 1023 raro
645 959 732 1038 alies,
748 960 959 1026 Praetorranus
973 964 1173 1050 urbanusque
1186 964 1275 1029 miles

209 1040 242 1103 in
256 1044 351 1107 aciem
366 1043 511 1109 deducti:
546 1045 657 1109 Oriens
672 1044 893 1134 Occidensque
902 1061 933 1111 et
947 1048 1103 1136 quidquid
1116 1049 1275 1137 utrimque

209 1126 323 1193 virium
337 1145 384 1194 est
397 1154 416 1194 a
427 1144 531 1219 tergo:
552 1129 579 1193 si
591 1130 725 1196 ducibus
738 1131 805 1196 eliis
818 1132 967 1198 bellatum
981 1135 1073 1211 foret,
1088 1133 1183 1223 longo
1192 1135 1275 1201 bello

209 1216 345 1280 materis.
383 1218 497 1294 Fuere,
514 1239 517 1242 ’
534 1215 568 1280 ui
580 1217 785 1303 proficiscenti
800 1218 919 1283 Othoni
933 1242 1036 1284 moras
1051 1219 1275 1309 “religionem-
1355 1299 1357 1303 ι

208 1322 272 1385 que
290 1302 429 1367 nondum
445 1325 504 1367 oon
537 1316 641 1367 torum
655 1303 831 1381 ancilium,''
850 1304 1015 1370 adferrent.
1054 1305 1274 1393 Adspernstus

207 1399 255 1449 est
276 1410 403 1452 onmem
423 1388 660 1470 cunctationem,
685 1402 724 1453 ut
748 1390 867 1453 Neroni
888 1414 1015 1478 quoque
1037 1391 1214 1457 exitiomm:
1242 1406 1274 1457 'et

209 1471 344 1551 Caecina,
354 1475 422 1561 jum
438 1472 536 1560 Alpes
549 1489 767 1563 transgressus,
782 1476 1008 1541 exstimulubut.

252 1558 328 1623 XC.
351 1560 456 1624 Pridie
472 1560 552 1623 Idus
567 1560 663 1623 Mart.
684 1560 899 1626 commendata
918 1563 1066 1627 Patribus
1085 1561 1271 1649 Republica,

207 1642 353 1730 reliquias
374 1645 625 1709 Neronianarum
648 1646 829 1726 sectionum,
852 1648 992 1713 nondum
1017 1648 1048 1711 in
1072 1648 1180 1712 fiscum
1200 1670 1272 1713 con·

207 1753 320 1808 versas,
343 1733 494 1797 revocatis
514 1732 555 1795 ab
574 1730 681 1795 exsilio
700 1734 864 1797 concessit:
884 1734 1091 1833 justissimum
1107 1733 1224 1797 donum
1240 1747 1272 1797 et

207 1815 386 1903 inspeciem
400 1816 611 1904 magnificum,
633 1818 697 1896 sed,
717 1818 862 1884 festinata
879 1843 946 1907 Jum
967 1820 1086 1907 pridem
1102 1819 1272 1897 exactione,

209 2056 294 2119 (Agr.)
312 2056 363 2103 edd.
390 2051 480 2103 Puteol.
500 2052 609 2103 Beroaldi
627 2069 725 2117 τιμον.
756 2054 835 2103 locum
844 2054 906 2102 Fert.
918 2056 1010 2113 3,395.
1038 2058 1273 2118 Armarrsoverripu-

208 2122 272 2167 tello.
295 2121 367 2169 linx.
753 2134 847 2179 gnam.-
860 2122 1187 2181 pugnuertnirenomoritis.
1213 2124 1274 2171 Con.

239 2186 315 2233 Paeo
320 2187 418 2233 adversa
422 2186 577 2248 pertimuere]
590 2185 725 2243 &linqunt
756 2186 808 2231 dito
816 2186 980 2247 eumfuerirrt,
989 2188 1068 2248 aptius
1076 2188 1210 2233 onoeneritr
1223 2187 1275 2249 qui·

207 2249 250 2297 lroc
266 2259 370 2299 rectum:
386 2250 429 2297 etsi
445 2266 460 2296 a
477 2258 554 2295 mente
572 2258 663 2297 tuntum
683 2264 725 2296 no·
756 2250 801 2296 bus
815 2248 917 2297 versibus
935 2250 985 2297 vult
1034 2260 1078 2305 ets,
1094 2264 1124 2297 ne
1138 2250 1274 2313 conjugium

207 2314 323 2371 stmsine
332 2315 403 2363 libris
428 2315 493 2363 Nam
503 2314 725 2377 illiomnes(inbis
756 2313 851 2376 quidem
868 2313 982 2376 dextrop
1011 2330 1024 2361 e
1045 2313 1112 2372 sdiri,
1134 2329 1188 2361 cum
1210 2324 1274 2363 mota

124 2420 130 2443 ,
208 2378 582 2437 Βιιά)νοαιιιοιὶοιω,αᾱυενια
590 2380 724 2440 Reipper-
755 2386 811 2425 sunt
825 2376 916 2438 ancilia,
935 2378 975 2425 sed
992 2394 1045 2425 cum
1063 2378 1160 2427 conditu.
1189 2378 1274 2429 Festus

207 2444 313 2502 timuere,
326 2458 397 2507 quem
408 2458 450 2492 nos
457 2450 536 2490 umen
546 2458 662 2506 superesse
671 2458 724 2492 cen-
756 2451 835 2490 sutem
852 2442 958 2501 ostendit,
974 2443 1043 2492 etiam
1058 2443 1115 2492 elios
1125 2443 1215 2508 aliquot
1224 2443 1273 2492 dies

208 2523 293 2566 senum,
307 2509 357 2557 imo
369 2509 505 2558 mundam
518 2507 619 2570 perdere.
647 2509 723 2558 lues.
753 2506 834 2568 fuisse,
852 2507 937 2572 quibus
954 2509 1057 2560 Romani
1073 2509 1187 2556 tenuerint
1204 2524 1229 2556 se
1242 2511 1273 2560 sb

207 2572 275 2619 Nihil
285 2573 362 2622 sdlrnc
373 2573 456 2622 melius
466 2572 578 2635 lripsisnu
587 2575 725 2623 correctione
755 2572 840 2619 arruis=
864 2574 991 2620 Proeltores
1011 2575 1068 2632 riter,
1087 2573 1172 2636 inquit,
1191 2575 1274 2634 quitur

207 2636 268 2684 vidi:
292 2653 335 2686 noc
353 2638 375 2686 ei
392 2637 520 2701 presseram,
540 2638 603 2700 quod
620 2637 680 2686 milri
698 2638 723 2685 in
749 2637 929 2698 susestbortrm
938 2639 1124 2684 belloiacesscrcr
1136 2640 1272 2686 erantenim

205 2702 723 2827 ...err
756 2703 1272 2829 ,ssu

207 2845 274 2877 versa
285 2833 370 2893 lump.
381 2783 510 2893 perdidere.
528 2831 598 2878 Emi.
627 2833 685 2892 Agr.
698 2834 724 2878 irs
755 2829 901 2880 dissertum
918 2839 940 2878 et
957 2846 1025 2877 arem
1042 2832 1148 2889 celestia,
1163 2831 1172 2878 i
1189 2845 1273 2894 ernque

207 2896 338 2956 Repusooa
347 2898 500 2957 pertimere.
528 2894 725 2944 OodsPicheus
754 2893 781 2940 in
796 2893 849 2941 MS.
863 2894 940 2942 uuelf.
956 2895 1060 2942 additum
1076 2911 1090 2940 a
1104 2909 1175 2942 msnu
1189 2909 1233 2942 sec.
1247 2895 1272 2942 in

207 2960 244 3007 cit
261 2959 333 3009 hebet
348 2974 369 3006 r.
383 2974 409 3021 p.
424 2962 566 3021 pertinuere.
599 2959 724 3021 Arripiunt
755 2958 873 3020 margines
903 2975 956 3022 quae
982 2975 1029 3006 esse
1051 2973 1064 3004 e
1087 2958 1171 3020 glossa,
1196 2959 1272 3020 quivis

207 3023 250 3071 hoc
260 3025 315 3086 Bip
327 3033 351 3072 et
360 3034 480 3088 exponunt
490 3040 535 3086 per
546 3025 723 3086 Rempoblirum
756 3023 825 3070 videt
846 3022 911 3070 Add.
929 3023 959 3070 sd
976 3023 1008 3070 A.
1031 3022 1069 3079 16,
1086 3025 1110 3070 2.
1138 3022 1272 3070 Postedidi

205 3091 348 3150 perttrruere,
365 3089 409 3136 ie.
429 3098 602 3151 pennanarunt,
618 3104 672 3152 quse
689 3089 723 3136 vis
755 3101 809 3137 cum
827 3087 918 3150 Ryclrio
937 3095 944 3137 t
949 3103 977 3136 ex
989 3087 1061 3150 Agr.)
1078 3092 1215 3148 nspeesrntus
1229 3094 1271 3146 cst,

206 3154 269 3201 verbi
330 3167 387 3202 nens
397 3154 460 3216 epud
472 3151 521 3202 Cis.
533 3153 642 3228 aliosque.
670 3153 723 3202 Hoc
755 3151 818 3214 quod
833 3152 902 3200 babet
917 3153 985 3200 etism
999 3151 1035 3200 ed.
1049 3167 1083 3214 pr.
1106 3149 1178 3198 Enrr.
1211 3149 1273 3209 Quae

206 3218 298 3266 utedm
329 3216 677 3292 umprobebilemibindetur,
691 3218 724 3266 irs
754 3216 977 3292 inmergineGueli.
989 3216 1106 3279 leguntur,
1118 3215 1272 3290 in'textuhs·

205 3296 422 3411 t'.¹.....,‚...,¹
405 3282 723 3408 tetenstete
755 3279 1271 3408 bzt”t{r,trs.¹}²ttrtr.¹it

204 3427 284 3458 me.
307 3411 371 3460 Bnd.
382 3411 453 3460 hebet
463 3428 483 3458 r.
491 3428 518 3472 p.
525 3412 680 3472 pertimuere.
757 3421 803 3458 trs
816 3422 854 3458 nr
869 3423 1001 3458 Juuours.
1024 3423 1143 3456 ruerus
1160 3421 1272 3456 runnu-

239 3477 402 3540 Scriboniam]
415 3476 540 3524 Delmatiae
550 3474 641 3539 legati.
665 3476 723 3524 Sue·
756 3487 825 3522 run.
854 3474 979 3522 Inelioex
993 3489 1041 3522 aevo
1052 3472 1181 3520 Constantii
1192 3486 1271 3520 occur-

204 3551 254 3589 tun
272 3540 358 3589 mund.
371 3556 391 3588 c.
405 3541 441 3588 13.
458 3541 531 3588 Enrr.
645 3583 649 3592 ,
755 3539 842 3601 ritYll
853 3537 1001 3586 Idusrnnrs
1012 3550 1131 3584 sucrum
1141 3549 1272 3586 srovnrrr.

236 3611 262 3654 A
274 3607 354 3668 tergo]
371 3605 476 3654 Distinxi
488 3607 518 3653 sb
528 3603 723 3662 mordentibus,
756 3603 848 3652 Ibidem
862 3603 921 3667 prid.
935 3603 993 3652 Idus
1002 3611 1121 3666 ponuntur
1135 3615 1271 3650 uerrunt-

204 3678 232 3718 ut
242 3670 333 3718 suebum
346 3669 372 3718 in
387 3667 465 3718 Guelt'.
479 3678 503 3716 et
512 3667 634 3718 Acidslius
643 3669 723 3719 voluit
756 3680 814 3725 tm,
831 3667 929 3716 ultimus
944 3667 996 3718 tosti
1013 3666 1067 3714 dies
1097 3667 1150 3714 Hoc
1167 3667 1271 3716 nondum

205 3733 293 3782 Oriens
301 3750 354 3783 curu
365 3733 452 3783 viribus
460 3735 508 3782 suis
517 3751 533 3781 s
542 3743 606 3797 tergo
614 3732 723 3792 Othonis,
755 3733 847 3780 conditu
857 3733 951 3781 fuerunt
961 3731 1052 3790 ancilia,
1063 3746 1136 3796 quum
1146 3731 1210 3781 Otho
1218 3747 1272 3795 pro·

203 3799 312 3847 occidens
322 3798 418 3847 Vitellii.
435 3799 507 3848 Elis.
754 3797 876 3844 sectionem
897 3797 1024 3845 moliretur.
1056 3797 1081 3843 A
1097 3795 1163 3844 dictis
1182 3797 1272 3846 obludit

238 3865 269 3912 Si
284 3865 381 3912 duc-ibus
395 3864 463 3926 aliis]
480 3865 519 3912 Sic
534 3865 588 3914 MS
605 3861 723 3920 Piclrenoe,
755 3861 875 3925 Polybius,
883 3862 953 3926 quiin
962 3877 1011 3910 exc.
1022 3862 1165 3923 legntc23.
1178 3862 1272 3924 triginta

204 3928 258 3976 edd.
265 3940 301 3992 pr.
309 3927 426 3985 Pirlrerrre,
434 3929 567 3990 seqq.etsic
577 3928 651 3976 voluit
658 3927 723 3976 Rhe·
754 3925 844 3976 diorum
855 3926 925 3974 fuisse
934 3926 959 3986 id
966 3925 1051 3974 festum
1060 3925 1174 3974 Saliorum
1186 3926 1271 3974 scribit.

205 4007 282 4040 nunus
297 3994 339 4055 (ex
351 3991 471 4056 ingenim:
487 3994 528 4041 alii
537 3993 592 4041 libri
604 3994 646 4040 sub
658 3993 724 4039 duri-
754 3991 811 4049 Qua
821 3991 849 4038 de
860 4007 884 4041 re
895 3991 940 4040 vid.
959 3989 1161 4040 Gutberlethusde
1173 3991 1240 4039 Saliis
1252 4005 1272 4040 c.

206 4058 248 4103 bur
258 4061 313 4104 alite
324 4059 345 4104 si
357 4059 376 4103 t.
382 4059 406 4119 f
421 4057 483 4119 qnod
494 4058 575 4105 eodem
585 4057 650 4103 redit.
669 4057 724 4104 Post
757 4055 795 4102 15.
818 4055 923 4104 Verbum
935 4055 1104 4114 substantivum
1115 4064 1167 4119 post
1178 4056 1273 4114 adsper-

206 4121 312 4183 Ryclrius
327 4122 406 4169 ems.
418 4121 478 4184 Agr.
494 4121 565 4170 edidit
583 4122 652 4182 longo
668 4123 724 4167 bello
753 4127 824 4167 entus
835 4135 881 4166 non
892 4119 962 4167 habet
973 4119 1035 4167 ssut

204 4190 312 4233 snutrein.
328 4187 400 4234 Etru.
418 4185 483 4235 Bnd.
498 4188 541 4234 sub
551 4187 658 4234 Ducibus
668 4188 724 4232 aliis
788 4185 1127 4246 Neroninrmrrsmsectionum]
1138 4179 1272 4242 Vidsuprs

205 4251 315 4299 bellatum
319 4253 387 4314 soret
394 4267 402 4308 3
419 4250 461 4298 ubi
470 4253 493 4297 si
502 4251 572 4299 deest
754 4263 773 4294 c.
786 4250 825 4296 20.
849 4249 1016 4312 Intelliguntur
1026 4248 1160 4296 donationes
1172 4243 1271 4292 Neronis

238 4317 356 4364 Nondum
362 4316 641 4377 consummaturum]
652 4313 725 4362 Mitto
754 4314 893 4361 revocandae.
915 4313 987 4362 Eur.
1206 4369 1211 4380 Ι
1242 4369 1248 4379 ·

203 4386 231 4426 te
246 4380 276 4427 sd
291 4397 326 4437 es,
344 4396 397 4442 quae
411 4379 490 4442 scripsi
505 4380 561 4427 olim
576 4379 660 4442 Antiq.
676 4379 722 4426 ne·
787 4378 811 4424 F
811 4381 910 4426 estinato
918 4377 1047 4440 secretione]
1063 4377 1154 4432 Nempe
1165 4371 1194 4415 ab
1205 4381 1269 4432 ipsis,

202 4441 273 4491 ctiori.
285 4447 309 4505 5,
324 4443 361 4490 16.
373 4443 466 4502 Quibus
475 4444 552 4492 sdtexi
562 4443 632 4491 velim
642 4443 720 4491 Ovidii
754 4443 795 4504 qui
811 4442 864 4489 fisco
880 4451 1006 4505 proterant:
1025 4441 1066 4502 qui
1082 4437 1222 4490 festinanter,
1239 4443 1270 4492 et,

1047 4504 1103 4562 ce
