3059 4975
229 244 290 309 ars
612 236 916 303 rrrsrosraaurt
1121 239 1301 319 [nasas.

231 405 373 485 modum,
388 428 445 471 nec
459 404 499 471 de
538 404 633 471 llendi
655 404 795 493 periculi,
815 405 871 471 sed
891 404 924 468 in
946 427 1032 492 spem
1054 406 1201 492 potentia
1215 402 1300 471 ‚vide-

232 494 337 559 batur.
381 493 427 557 Et
456 428 593 580 Sulpiicia
618 492 821 569 Praetextata,
848 492 952 555 Crassi
983 514 1073 568 uxor,
1103 506 1302 577 quatuorque

231 578 333 657 liberi,
350 579 375 643 si
389 592 585 667 cognosceret
597 580 740 657 Senatus,
752 578 869 641 ultores
882 576 1018 640 aderant.
1050 576 1155 663 Igitur
1165 576 1304 641 Messala

233 687 297 729 non
319 687 470 744 caussam,
493 686 596 750 neque
616 686 706 728 reum
726 662 817 740 tueri,
840 662 895 727 sed
916 661 1060 749 periculis
1080 662 1185 727 fratris
1207 676 1304 727 semet

234 775 254 815 o
275 772 403 837 ponens,
418 749 547 815 flexerat
561 748 723 837 quosdam.
770 746 915 813 Occurrit
927 748 1010 813 truci
1021 748 1158 811 oratione
1173 748 1304 812 Curtius

275 846 419 915 ontanus,
441 860 479 901 eo
500 858 602 921 usque
624 857 817 922 progressus,
841 850 889 912 ut,
914 840 1022 920 “post
1039 832 1155 897 caetlem
1177 833 1301 911 Galbae,

234 920 339 987 datam
355 920 543 987 interfectori
559 920 681 985 Pisonis
701 919 865 1007 pecuniam
879 942 899 983 a
913 918 1051 1006 Regulo,
1065 918 1302 1005 adpetitumque

235 1028 340 1072 morsu
353 1007 474 1075 Pisonis
484 1030 519 1071 ca
543 1007 609 1083 ut,''
617 1007 794 1092 objectaret.
818 1012 840 1043 “
852 1007 926 1069 Hoc
936 1006 1048 1085 certe,⁷'
1058 1004 1171 1091 inquit,
1184 1012 1205 1043 ‘⁴
1216 1006 1303 1076 Nero

234 1116 298 1158 non
312 1116 366 1157 coe
391 1094 424 1173 't‚
439 1117 496 1158 nec
529 1092 768 1177 tgnitatem,'aut
782 1088 924 1167 salutem,
939 1088 993 1153 illa
1006 1090 1125 1155 saevitia
1138 1089 1303 1157 redemisti.

237 1180 318 1245 sane
332 1191 365 1244 to
377 1202 499 1243 eremus
519 1177 650 1241 istorum
664 1174 866 1252 defensiones,
881 1174 938 1260 qui
999 1175 1089 1239 rdere
1104 1175 1191 1253 alios,
1206 1198 1303 1262 quam

234 1264 401 1351 periclitari
414 1264 484 1350 ipsi,
496 1260 681 1325 maluerunt.
705 1262 755 1323 Te
766 1282 910 1323 securum
924 1197 1091 1345 reliduerat
1100 1261 1190 1325 exsul
1203 1276 1303 1348 pater,

235 1364 267 1414 et
280 1349 379 1414 divisa
391 1348 471 1413 inter
484 1345 651 1411 creditores
664 1348 758 1425 bona,
773 1344 913 1409 nondum
927 1344 1081 1409 honorum
1094 1368 1192 1432 capax
1208 1359 1301 1411 aetas:

236 1434 320 1517 nihil
334 1432 421 1519 quod
442 1455 482 1497 ex
503 1446 535 1497 te
548 1431 778 1519 concupisceret
792 1434 889 1508 Nero,
911 1430 988 1494 nihil
1005 1431 1091 1517 quod
1106 1430 1226 1495 timeret
1237 1456 1253 1494 :·
1268 1431 1305 1496 li.

234 1518 341 1602 bidine
369 1518 528 1607 sanguinis
554 1531 586 1582 et
612 1518 702 1583 hiatu
729 1517 931 1617 praemiorum
957 1516 1101 1603 ignotum
1129 1516 1232 1580 adhuc
1257 1516 1304 1580 in-

258 1604 374 1684 enium,
398 1616 431 1668 et
456 1602 551 1669 nullis
573 1603 805 1669 defensiombus
826 1617 1002 1689 expertum,
1025 1602 1110 1666 caede
1134 1601 1231 1666 nobili
1258 1602 1305 1667 in-

234 1628 349 1755 iuisti:
371 1713 444 1755 cum
459 1713 498 1755 ex
513 1689 622 1753 firnere
634 1688 830 1776 Reipublicae
840 1686 938 1773 raptis
949 1687 1173 1751 Consularibus
1187 1687 1303 1773 spoliis,

235 1776 411 1864 septuagies
433 1774 571 1841 sestertio
588 1776 746 1861 saginatus
765 1788 797 1839 et
817 1772 987 1839 sacerdotio
1000 1772 1136 1859 fulgens,
1159 1772 1303 1838 innoxios

235 1954 293 2043 dum
310 2001 390 2056 sponte
402 1992 555 2056 adscripsisse,
569 2009 615 2041 non
630 2009 659 2041 er
670 1995 718 2043 SC·
731 2002 753 2041 et
784 1992 898 2043 Vaticano
908 1988 1020 2039 mosentlt
1029 1990 1067 2039 ed.
1077 2007 1112 2055 pr.
1122 2001 1146 2039 et
1156 1991 1213 2042 MS.
1223 1952 1304 2039 oum.

235 2058 290 2107 hinc
303 2057 363 2107 illud
377 2056 479 2117 ἴμέλημα
492 2059 562 2107 nasei
595 2058 641 2107 Sed
652 2056 701 2105 haec
715 2058 752 2105 in·
783 2058 824 2105 sed
839 2072 855 2104 a
869 2071 932 2104 man.
947 2071 990 2104 sec.
1015 2056 1087 2103 Ean.
1121 2056 1184 2104 Bud.
1196 2062 1239 2103 aut
1256 2056 1302 2103 istc

234 2132 297 2171 certa
307 2132 370 2182 sunt,
381 2122 430 2171 sine
440 2120 511 2169 libris.
529 2123 647 2172 Vitiosum
658 2121 753 2185 quidem
783 2123 867 2181 lucem,
879 2121 919 2169 scd
934 2135 976 2183 pro
986 2127 1030 2168 aut
1044 2124 1091 2168 ista
1101 2120 1192 2169 ridetur
1202 2120 1302 2168 adfuisse
1318 2143 1322 2152 .

234 2202 286 2236 esse
302 2187 432 2249 vulgatum,
454 2185 485 2233 de
503 2202 530 2235 eo
550 2202 597 2235 non
619 2186 754 2249 ambigitur.
785 2188 877 2233 demta.
1195 2210 1199 2217 ·
1240 2208 1244 2214 »

235 2252 294 2300 Post
301 2253 386 2299 arduae
392 2250 499 2299 dedimus
508 2264 551 2316 pro
558 2251 755 2301 mbiitsecMSS.
819 2250 988 2299 emanatus
995 2250 1088 2313 spoliis]
1100 2248 1305 2313 Eodunmquia

237 2316 306 2365 Harl.
317 2315 397 2365 Oxon.
411 2316 448 2363 ed.
461 2314 553 2364 Putsol.
580 2315 653 2365 Ean.
687 2315 753 2363 Pich.
785 2314 938 2363 Consulatum
955 2322 1080 2379 seeepmat,
1097 2314 1220 2376 premium
1235 2322 1317 2361 ’ωου-

234 2380 687 2443 conjieitrponte,nccScnetaeornulto.
698 2380 754 2445 Bip.
784 2380 885 2432 sationis.
902 2377 1304 2435 Nauiuobdnebatutaoeusanti
1334 2407 1346 2425 .

235 2444 318 2519 legunt
334 2451 414 2508 sponte
430 2451 555 2508 antequam
568 2460 598 2494 ce
616 2446 666 2496 SC.
678 2460 707 2494 ex
725 2446 755 2494 si-
785 2453 808 2493 et
818 2444 939 2492 damnanti
954 2459 1001 2493 non
1012 2443 1116 2509 pecunia
1126 2442 1202 2491 solnm
1217 2458 1306 2491 merces

235 2509 461 2558 muitudinevoeum
474 2511 571 2558 alteram
582 2509 690 2560 ominum
701 2510 754 2558 ali·
785 2518 853 2569 esset,
871 2509 911 2558 sed
928 2519 952 2558 et
971 2509 1065 2558 honoris
1084 2516 1127 2556 aut
1142 2507 1304 2570 Magistratus,

234 2573 372 2622 memorati.
398 2573 508 2634 Addunt,
520 2574 603 2636 sapius
613 2574 756 2624 datosaSe-
785 2574 1051 2636 quemreushabuisset.
1067 2571 1165 2629 Diotc,
1176 2575 1215 2621 ta.
1227 2572 1257 2620 de
1266 2589 1308 2620 ae-

234 2646 292 2686 natu
309 2646 416 2700 patronos
433 2652 457 2684 se
475 2653 603 2685 excusasse.
636 2637 667 2684 ld
686 2637 755 2685 etde
785 2637 927 2685 cusatoribus
947 2651 1109 2700 percussorum
1125 2636 1231 2694 casaris,
1250 2637 1306 2700 pul-

235 2701 408 2754 adsessoribus
418 2699 485 2750 valet
502 2701 585 2749 Innuit
593 2716 647 2764 ergo
657 2701 695 2750 llic
706 2700 755 2749 Tu·
785 2700 847 2761 chre,
858 2702 968 2762 Χρήματά
979 2719 1004 2746 τι
1018 2700 1060 2766 γὰρ
1070 2699 1094 2746 itt
1107 2703 1148 2753 τῆς
1160 2703 1199 2745 τοῦ
1212 2701 1306 2754 ἁλόντος

235 2767 302 2827 dinis,
324 2765 438 2814 decretam
460 2765 504 2814 sibi
523 2766 569 2816 SC·
584 2765 755 2816 &cusationem
785 2766 868 2820 οὐσίας,
887 2764 924 2812 sal
941 2767 980 2820 τὴν
998 2762 1103 2824 minti
1124 2766 1163 2818 τὴν
1179 2765 1247 2831 ἀρχὴν
1266 2768 1307 2820 τὴν

235 2830 302 2880 avide
317 2830 442 2894 adripuisse
453 2830 589 2894 Regulum
604 2845 658 2894 quae
672 2838 707 2878 est
718 2831 755 2878 in-
786 2830 872 2884 intime,
889 2830 910 2876 ri
927 2847 975 2876 ‘roa
995 2827 1037 2896 ἄρα
1057 2829 1112 2892 ἔχων
1129 2826 1163 2885 tls,
1178 2828 1305 2885 tatemer.

236 2895 367 2960 terpretatio
375 2895 642 2959 Huetii,vera,utputo.
671 2894 755 2959 Itaque
786 2892 883 2942 Tacitus
893 2908 954 2956 sape
963 2893 1050 2941 indicat
1060 2901 1083 2940 et
1094 2892 1163 2951 clare,
1173 2891 1240 2940 initio
1250 2891 1305 2942 libri

235 2963 306 3008 verba
315 2975 344 3008 es
356 2962 405 3009 SC.
414 2961 528 3020 mnoeliis,
537 2960 623 3024 quibus
633 2958 755 3008 incluserat
788 2957 810 3006 l.
821 2961 876 3006 Nec
886 2961 966 3006 minas
971 2959 1074 3020 premia
1081 2959 1213 3006 delatmam
1218 2958 1304 3017 avua,

235 3024 337 3084 Ernesti,
345 3023 691 3084 libero,etsanumesselocum
701 3039 756 3088 pro.
785 3038 857 3084 qaam
873 3025 974 3070 seclcw
998 3023 1266 3072 armantarmant
1281 3031 1306 3071 et

235 3090 383 3138 nuntiorum
394 3089 507 3137 Broterio.
787 3089 937 3146 conuictus,
949 3094 976 3134 ut
991 3089 1074 3149 spolio,
1085 3089 1172 3149 adepti,
1185 3088 1305 3134 Procura-

270 3157 352 3203 Crassi
363 3155 437 3216 asor]
466 3154 520 3202 Vox
536 3167 596 3198 asor
607 3154 671 3200 abest
681 3152 752 3200 Rom.
785 3154 944 3200 ttoaeratttet
955 3152 1237 3214 inmempotenttam,
1248 3166 1305 3212 age-

236 3217 291 3266 edit.
314 3217 458 3265 Rectissime.
478 3217 527 3266 Vix
538 3216 600 3263 enim
612 3216 677 3264 aliter
687 3217 756 3279 prisci
785 3224 847 3275 rent,
852 3219 949 3280 ferrent
957 3223 1048 3264 macto.
1064 3217 1139 3265 luas.
1154 3216 1305 3264 ImmoCon·

235 3282 307 3330 locuti
317 3290 359 3328 aut
368 3281 485 3342 scripsere,
492 3295 564 3345 quam
573 3281 683 3329 Terentia
694 3281 755 3329 'l'ul-
785 3281 887 3329 sulatum
897 3281 1002 3329 nondum
1013 3281 1111 3343 adeptus
1122 3290 1171 3329 erat
1181 3280 1304 3342 Regulum

235 3345 269 3404 lii,
291 3345 359 3394 Livia
378 3345 460 3405 Drusi,
482 3355 524 3392 etc.
544 3359 599 3392 eum
624 3344 756 3408 intelligant
785 3345 937 3408 quippernox
953 3346 1037 3394 diserte
1049 3347 1305 3402 Qaaestortesvooenu.

235 3426 341 3459 uxorem.
367 3410 441 3458 mes.
475 3409 547 3458 MSS.
560 3408 654 3472 quidam
668 3410 703 3472 (iu
717 3411 754 3458 his
785 3412 863 3471 Spolia
884 3412 1024 3459 Consulatu
1042 3418 1098 3456 sunt
1116 3409 1220 3472 premia,
1239 3423 1303 3470 quae,

236 3474 313 3537 Bud.)
327 3483 350 3523 et
364 3475 400 3522 ed.
412 3490 447 3538 pr.
457 3477 581 3536 supplicia,
599 3475 686 3523 vitiose.
718 3474 754 3521 At
784 3490 863 3523 everso
879 3491 920 3538 per
932 3475 1101 3522 accusationem
1117 3471 1248 3532 Consului,
1264 3487 1304 3521 sc·

236 3555 298 3586 asor
308 3539 421 3588 etaMS.
431 3540 491 3603 Agr.
501 3541 572 3588 abest.
588 3539 663 3588 Eas.
690 3539 754 3587 Bud.
785 3548 883 3602 ceperat.
898 3540 970 3587 Erus.
1142 3551 1144 3556 ·

234 3603 313 3654 habet.
347 3604 520 3653 Parumrefert
817 3605 956 3665 Septuagies
966 3604 1071 3651 semodio
1080 3603 1204 3666 signorm]
1230 3601 1304 3651 Vole-

270 3670 521 3732 CartiasMonrouar]
531 3667 683 3729 Ejusmcntio
692 3667 755 3732 apud
785 3670 840 3716 bam
860 3670 989 3730 digeretur:
1014 3676 1042 3714 ut
1053 3667 1078 3714 in
1089 3666 1192 3730 Virgilio
1203 3667 1228 3727 3,
1245 3667 1304 3722 tte.

234 3733 322 3782 Juven.
334 3734 382 3782 Sat.
392 3737 416 3794 4,
428 3733 481 3788 107.
787 3735 904 3795 Corrjugs'o
914 3733 1020 3779 Anchisa
1038 3734 1134 3779 Veneris
1149 3733 1246 3795 dignm
1261 3747 1310 3778 str-

266 3799 554 3861 Appetitumqasmsrru]
583 3797 755 3860 copulamque
779 3800 867 3859 perdo.-
884 3796 970 3858 etipse
980 3796 1036 3844 alibi
1047 3797 1165 3845 Cicerone.
1192 3798 1303 3845 Atnunc

234 3861 324 3908 addidit
334 3877 363 3908 ex
372 3861 433 3908 Flor.
444 3863 559 3910 Piehena:
572 3877 643 3924 quam
655 3861 724 3908 habet
732 3873 755 3909 et
784 3863 859 3924 placet
870 3862 945 3924 magis
955 3860 1040 3910 Faerni
1053 3863 1193 3923 conjectura,
1207 3862 1303 3921 sagina·

235 3925 270 3973 ed.
280 3939 314 3986 pr.
326 3927 383 3986 (non
392 3925 467 3986 Bud.)
486 3927 595 3975 Moshoc
604 3927 753 3974 certeel'lor.
785 3934 830 3974 tus.
854 3926 930 3974 ers.
965 3926 1005 3975 Sic
1022 3935 1045 3974 et
1063 3926 1179 3989 scaligero
1194 3924 1302 3985 (Ursino,

233 3990 293 4053 Agr.
306 3987 419 4052 Ryckius.
441 3990 605 4039 Consentited.
617 4006 653 4054 pr.
678 3991 754 4038 Ceteri
786 3991 901 4048 Pichenae,
912 3990 975 4054 aliis)
991 3991 1104 4054 placebat
1137 3988 1234 4050 Recepit
1244 3988 1305 4036 Ber·

233 4054 287 4103 libri
309 4068 388 4102 onmes
411 4053 491 4117 (etiam
512 4054 589 4114 Bud)
612 4057 661 4103 lroee
683 4063 750 4103 certe.
784 4069 904 4103 neccerus:
922 4052 1238 4119 scr.(etien1Bud.)etedd.
1249 4059 1305 4100 ante

234 4119 305 4168 Eun.
784 4134 863 4170 omnes
870 4123 987 4182 signatio,
996 4120 1041 4167 nisi
1049 4118 1111 4182 quod
1119 4116 1245 4178 Lipsiusin
1254 4117 1304 4178 pri·

272 4183 601 4246 Aatsatntemtlnsaevttta]
629 4185 669 4232 Ex
680 4185 751 4233 duem
784 4184 862 4230 oribus
880 4185 930 4231 edd.
943 4195 966 4232 et
979 4183 1055 4230 adhuc
1069 4183 1094 4229 in
1109 4182 1176 4230 tertia
1186 4183 1304 4243 diguatus

233 4248 351 4311 scriptura
363 4247 481 4298 Vaticana
497 4246 594 4294 restitui.
627 4249 691 4296 Nam
707 4249 750 4308 ibi,
784 4247 862 4307 edidit,
874 4248 937 4311 quod
954 4247 1008 4294 iude
1021 4246 1047 4293 in
1058 4246 1166 4295 Pichanae
1176 4246 1214 4294 ed.
1224 4246 1301 4294 fluxit.

232 4328 274 4360 nec
293 4315 434 4376 dignitatem
452 4313 536 4359 hausta
554 4312 627 4360 litem.
660 4313 749 4376 Vulgo,
784 4311 1303 4374 Postremisedd.1ipsiussiguetarreposuit.

233 4391 275 4424 acc
288 4379 429 4440 dignitatem
445 4384 487 4426 aar
503 4377 548 4428 trra
565 4377 647 4427 lucem.
671 4377 747 4428 Iura·
782 4377 855 4428 Eas.
877 4377 953 4427 Rhea.
965 4376 1254 4440 conjiciebatdcrigaatur.
