<?xml version="1.0" encoding="UTF-8"?>
<!DOCTYPE html PUBLIC "-//W3C//DTD XHTML 1.0 Transitional//EN"
    "http://www.w3.org/TR/xhtml1/DTD/xhtml1-transitional.dtd">
<html xmlns="http://www.w3.org/1999/xhtml" xml:lang="en" lang="en">
 <head>
  <title>
</title>
<meta http-equiv="Content-Type" content="text/html;charset=utf-8" />
  <meta name='ocr-system' content='tesseract 3.04.00' />
  <meta name='ocr-capabilities' content='ocr_page ocr_carea ocr_par ocr_line ocrx_word'/>
</head>
<body>
  <div class='ocr_page' id='page_1' title='image "./ccorneliitaciti00grongoog/ccorneliitaciti00grongoog_0338.png"; bbox 0 0 3059 4975; ppageno 0'>
   <div class='ocr_carea' id='block_1_1' title="bbox 209 232 1281 314">
    <p class='ocr_par' dir='ltr' id='par_1_1' title="bbox 209 232 1281 314">
     <span class='ocr_line' id='line_1_1' title="bbox 209 232 1281 314; baseline -0.004 -15"><span class='ocrx_word' id='word_1_1' title='bbox 209 240 269 300; x_wconf 81' lang='lat' dir='ltr'><strong>ssa</strong></span> <span class='ocrx_word' id='word_1_2' title='bbox 596 232 900 298; x_wconf 82' lang='lat' dir='ltr'><strong>msronmnon</strong></span> <span class='ocrx_word' id='word_1_3' title='bbox 1113 235 1158 314; x_wconf 63' lang='grc'><strong>[1.</strong></span> <span class='ocrx_word' id='word_1_4' title='bbox 1171 257 1199 300; x_wconf 82' lang='lat' dir='ltr'><strong>u.</strong></span> <span class='ocrx_word' id='word_1_5' title='bbox 1214 242 1281 299; x_wconf 74' lang='lat' dir='ltr'><strong>sss.</strong></span> 
     </span>
    </p>
   </div>
   <div class='ocr_carea' id='block_1_2' title="bbox 203 400 1275 1002">
    <p class='ocr_par' dir='ltr' id='par_1_2' title="bbox 203 400 1275 1002">
     <span class='ocr_line' id='line_1_2' title="bbox 204 400 1272 488; baseline -0.002 -21"><span class='ocrx_word' id='word_1_6' title='bbox 204 401 357 468; x_wconf 85' lang='lat' dir='ltr'><strong>internos</strong></span> <span class='ocrx_word' id='word_1_7' title='bbox 379 400 471 481; x_wconf 83' lang='lat' dir='ltr'><strong>bello,</strong></span> <span class='ocrx_word' id='word_1_8' title='bbox 487 415 653 488; x_wconf 82' lang='lat' dir='ltr'>postquam</span> <span class='ocrx_word' id='word_1_9' title='bbox 673 403 705 466; x_wconf 93' lang='lat' dir='ltr'><strong>in</strong></span> <span class='ocrx_word' id='word_1_10' title='bbox 727 402 876 466; x_wconf 76' lang='lat' dir='ltr'>ditionem</span> <span class='ocrx_word' id='word_1_11' title='bbox 892 401 943 464; x_wconf 87' lang='lat' dir='ltr'><strong>M.</strong></span> <span class='ocrx_word' id='word_1_12' title='bbox 958 401 1092 464; x_wconf 75' lang='lat' dir='ltr'><strong>Antonii</strong></span> <span class='ocrx_word' id='word_1_13' title='bbox 1106 401 1272 487; x_wconf 78' lang='lat' dir='ltr'><strong>provinciae</strong></span> 
     </span>
     <span class='ocr_line' id='line_1_3' title="bbox 203 484 1273 572; baseline -0.001 -20"><span class='ocrx_word' id='word_1_14' title='bbox 203 503 369 565; x_wconf 71' lang='lat' dir='ltr'>cesserant,</span> <span class='ocrx_word' id='word_1_15' title='bbox 380 488 453 552; x_wconf 84' lang='lat' dir='ltr'><strong>Rex</strong></span> <span class='ocrx_word' id='word_1_16' title='bbox 464 488 654 554; x_wconf 82' lang='lat' dir='ltr'><strong>Parthorum</strong></span> <span class='ocrx_word' id='word_1_17' title='bbox 667 491 805 553; x_wconf 84' lang='lat' dir='ltr'><strong>Pacorus</strong></span> <span class='ocrx_word' id='word_1_18' title='bbox 815 489 838 550; x_wconf 85' lang='lat' dir='ltr'>J</span> <span class='ocrx_word' id='word_1_19' title='bbox 840 486 932 550; x_wconf 87' lang='lat' dir='ltr'><strong>udaea</strong></span> <span class='ocrx_word' id='word_1_20' title='bbox 941 484 1071 572; x_wconf 90' lang='lat' dir='ltr'><strong>potitus,</strong></span> <span class='ocrx_word' id='word_1_21' title='bbox 1081 485 1273 552; x_wconf 84' lang='lat' dir='ltr'><strong>interfectus-</strong></span> 
     </span>
     <span class='ocr_line' id='line_1_4' title="bbox 228 571 1275 657; baseline -0.001 -20"><span class='ocrx_word' id='word_1_22' title='bbox 228 596 269 638; x_wconf 88' lang='lat' dir='ltr'><strong>ue</strong></span> <span class='ocrx_word' id='word_1_23' title='bbox 289 597 309 637; x_wconf 85' lang='lat' dir='ltr'><strong>a</strong></span> <span class='ocrx_word' id='word_1_24' title='bbox 331 576 368 637; x_wconf 90' lang='lat' dir='ltr'><strong>P.</strong></span> <span class='ocrx_word' id='word_1_25' title='bbox 385 572 545 650; x_wconf 86' lang='lat' dir='ltr'><strong>Ventidio,</strong></span> <span class='ocrx_word' id='word_1_26' title='bbox 567 585 599 638; x_wconf 91' lang='lat' dir='ltr'><strong>et</strong></span> <span class='ocrx_word' id='word_1_27' title='bbox 619 574 730 638; x_wconf 79' lang='lat' dir='ltr'><strong>Parthi</strong></span> <span class='ocrx_word' id='word_1_28' title='bbox 750 585 836 636; x_wconf 86' lang='lat' dir='ltr'><strong>trans</strong></span> <span class='ocrx_word' id='word_1_29' title='bbox 854 571 1041 657; x_wconf 74' lang='lat' dir='ltr'><strong>Euphraten</strong></span> <span class='ocrx_word' id='word_1_30' title='bbox 1056 572 1189 636; x_wconf 86' lang='lat' dir='ltr'><strong>redacti:</strong></span> <span class='ocrx_word' id='word_1_31' title='bbox 1213 575 1275 636; x_wconf 86' lang='lat' dir='ltr'><strong>Ju-</strong></span> 
     </span>
     <span class='ocr_line' id='line_1_5' title="bbox 204 596 1273 746; baseline -0.002 -22"><span class='ocrx_word' id='word_1_32' title='bbox 204 596 292 724; x_wconf 67' lang='lat' dir='ltr'><strong>deos</strong></span> <span class='ocrx_word' id='word_1_33' title='bbox 309 659 348 726; x_wconf 89' lang='lat' dir='ltr'><strong>C.</strong></span> <span class='ocrx_word' id='word_1_34' title='bbox 365 659 471 724; x_wconf 81' lang='lat' dir='ltr'><strong>Sosius</strong></span> <span class='ocrx_word' id='word_1_35' title='bbox 493 659 627 744; x_wconf 83' lang='lat' dir='ltr'><strong>subegit.</strong></span> <span class='ocrx_word' id='word_1_36' title='bbox 671 658 834 746; x_wconf 85' lang='lat' dir='ltr'><strong>Regnum,</strong></span> <span class='ocrx_word' id='word_1_37' title='bbox 854 657 895 720; x_wconf 91' lang='lat' dir='ltr'><strong>ab</strong></span> <span class='ocrx_word' id='word_1_38' title='bbox 912 657 1053 722; x_wconf 88' lang='lat' dir='ltr'><strong>Antonio</strong></span> <span class='ocrx_word' id='word_1_39' title='bbox 1072 657 1194 722; x_wconf 84' lang='lat' dir='ltr'><strong>Herodi</strong></span> <span class='ocrx_word' id='word_1_40' title='bbox 1216 658 1273 722; x_wconf 88' lang='lat' dir='ltr'><strong>da·</strong></span> 
     </span>
     <span class='ocr_line' id='line_1_6' title="bbox 204 743 1271 830; baseline -0.002 -22"><span class='ocrx_word' id='word_1_41' title='bbox 204 759 286 822; x_wconf 90' lang='lat' dir='ltr'><strong>tum,</strong></span> <span class='ocrx_word' id='word_1_42' title='bbox 308 743 406 808; x_wconf 87' lang='lat' dir='ltr'><strong>victor</strong></span> <span class='ocrx_word' id='word_1_43' title='bbox 431 747 600 830; x_wconf 89' lang='lat' dir='ltr'><strong>Augustus</strong></span> <span class='ocrx_word' id='word_1_44' title='bbox 620 743 722 810; x_wconf 88' lang='lat' dir='ltr'><strong>auxit.</strong></span> <span class='ocrx_word' id='word_1_45' title='bbox 768 745 845 808; x_wconf 87' lang='lat' dir='ltr'><strong>Post</strong></span> <span class='ocrx_word' id='word_1_46' title='bbox 869 755 1000 806; x_wconf 85' lang='lat' dir='ltr'><strong>mortem</strong></span> <span class='ocrx_word' id='word_1_47' title='bbox 1026 743 1174 821; x_wconf 89' lang='lat' dir='ltr'><strong>Herodis,</strong></span> <span class='ocrx_word' id='word_1_48' title='bbox 1193 743 1271 806; x_wconf 92' lang='lat' dir='ltr'><strong>nihil</strong></span> 
     </span>
     <span class='ocr_line' id='line_1_7' title="bbox 206 827 1271 917; baseline 0 -25"><span class='ocrx_word' id='word_1_49' title='bbox 206 841 384 917; x_wconf 82' lang='lat' dir='ltr'><strong>exspectato</strong></span> <span class='ocrx_word' id='word_1_50' title='bbox 406 829 540 907; x_wconf 81' lang='lat' dir='ltr'><strong>Caesare,</strong></span> <span class='ocrx_word' id='word_1_51' title='bbox 569 828 658 893; x_wconf 88' lang='lat' dir='ltr'><strong>Simo</strong></span> <span class='ocrx_word' id='word_1_52' title='bbox 683 827 813 916; x_wconf 89' lang='lat' dir='ltr'><strong>quidam</strong></span> <span class='ocrx_word' id='word_1_53' title='bbox 832 829 953 914; x_wconf 88' lang='lat' dir='ltr'><strong>regium</strong></span> <span class='ocrx_word' id='word_1_54' title='bbox 975 850 1088 892; x_wconf 88' lang='lat' dir='ltr'><strong>nomen</strong></span> <span class='ocrx_word' id='word_1_55' title='bbox 1108 830 1271 892; x_wconf 85' lang='lat' dir='ltr'><strong>invaserat.</strong></span> 
     </span>
     <span class='ocr_line' id='line_1_8' title="bbox 205 913 1269 1002; baseline 0 -24"><span class='ocrx_word' id='word_1_56' title='bbox 205 915 239 988; x_wconf 89' lang='lat' dir='ltr'><strong>Is</strong></span> <span class='ocrx_word' id='word_1_57' title='bbox 262 937 281 978; x_wconf 90' lang='lat' dir='ltr'><strong>a</strong></span> <span class='ocrx_word' id='word_1_58' title='bbox 299 913 467 993; x_wconf 82' lang='lat' dir='ltr'><strong>Quinctilio</strong></span> <span class='ocrx_word' id='word_1_59' title='bbox 486 914 584 992; x_wconf 82' lang='lat' dir='ltr'><strong>Varo,</strong></span> <span class='ocrx_word' id='word_1_60' title='bbox 602 915 761 980; x_wconf 86' lang='lat' dir='ltr'><strong>obtinente</strong></span> <span class='ocrx_word' id='word_1_61' title='bbox 779 915 913 1001; x_wconf 86' lang='lat' dir='ltr'><strong>Syriam,</strong></span> <span class='ocrx_word' id='word_1_62' title='bbox 929 915 1078 1002; x_wconf 88' lang='lat' dir='ltr'><strong>punitus;</strong></span> <span class='ocrx_word' id='word_1_63' title='bbox 1101 928 1133 979; x_wconf 90' lang='lat' dir='ltr'><strong>et</strong></span> <span class='ocrx_word' id='word_1_64' title='bbox 1145 929 1269 1002; x_wconf 83' lang='lat' dir='ltr'><strong>gentem</strong></span> 
     </span>
    </p>
   </div>
   <div class='ocr_carea' id='block_1_3' title="bbox 201 999 1271 2031">
    <p class='ocr_par' dir='ltr' id='par_1_3' title="bbox 201 999 1271 2031">
     <span class='ocr_line' id='line_1_9' title="bbox 204 999 1267 1087; baseline 0 -23"><span class='ocrx_word' id='word_1_65' title='bbox 204 1000 366 1064; x_wconf 80' lang='lat' dir='ltr'><strong>coercitam</strong></span> <span class='ocrx_word' id='word_1_66' title='bbox 374 999 462 1065; x_wconf 89' lang='lat' dir='ltr'><strong>liberi</strong></span> <span class='ocrx_word' id='word_1_67' title='bbox 474 999 611 1064; x_wconf 90' lang='lat' dir='ltr'><strong>Herodis</strong></span> <span class='ocrx_word' id='word_1_68' title='bbox 622 1013 662 1064; x_wconf 89' lang='lat' dir='ltr'><strong>tn</strong></span> <span class='ocrx_word' id='word_1_69' title='bbox 704 1001 778 1065; x_wconf 88' lang='lat' dir='ltr'><strong>rtito</strong></span> <span class='ocrx_word' id='word_1_70' title='bbox 788 1023 907 1066; x_wconf 86' lang='lat' dir='ltr'><strong>rexere.</strong></span> <span class='ocrx_word' id='word_1_71' title='bbox 944 1000 1011 1064; x_wconf 90' lang='lat' dir='ltr'><strong>Sub</strong></span> <span class='ocrx_word' id='word_1_72' title='bbox 1021 1000 1150 1065; x_wconf 85' lang='lat' dir='ltr'><strong>Tiberio</strong></span> <span class='ocrx_word' id='word_1_73' title='bbox 1163 1023 1267 1087; x_wconf 82' lang='lat' dir='ltr'><strong>quies:</strong></span> 
     </span>
     <span class='ocr_line' id='line_1_10' title="bbox 203 1023 1271 1172; baseline 0.001 -22"><span class='ocrx_word' id='word_1_74' title='bbox 203 1085 277 1150; x_wconf 88' lang='lat' dir='ltr'><strong>dein</strong></span> <span class='ocrx_word' id='word_1_75' title='bbox 286 1085 366 1172; x_wconf 86' lang='lat' dir='ltr'><strong>jussi</strong></span> <span class='ocrx_word' id='word_1_76' title='bbox 379 1109 399 1149; x_wconf 89' lang='lat' dir='ltr'><strong>a</strong></span> <span class='ocrx_word' id='word_1_77' title='bbox 413 1085 450 1150; x_wconf 88' lang='lat' dir='ltr'><strong>C.</strong></span> <span class='ocrx_word' id='word_1_78' title='bbox 464 1086 597 1163; x_wconf 72' lang='lat' dir='ltr'><strong>Caesare,</strong></span> <span class='ocrx_word' id='word_1_79' title='bbox 610 1093 632 1124; x_wconf 88' lang='lat'><strong>“</strong></span> <span class='ocrx_word' id='word_1_80' title='bbox 642 1023 776 1172; x_wconf 51' lang='lat' dir='ltr'><strong>effigiem</strong></span> <span class='ocrx_word' id='word_1_81' title='bbox 785 1087 855 1150; x_wconf 86' lang='lat' dir='ltr'><strong>e&#39;us</strong></span> <span class='ocrx_word' id='word_1_82' title='bbox 867 1086 899 1150; x_wconf 92' lang='lat' dir='ltr'><strong>in</strong></span> <span class='ocrx_word' id='word_1_83' title='bbox 914 1085 1031 1172; x_wconf 88' lang='lat' dir='ltr'><strong>templo</strong></span> <span class='ocrx_word' id='word_1_84' title='bbox 1043 1085 1173 1166; x_wconf 81' lang='lat' dir='ltr'><strong>locare,”</strong></span> <span class='ocrx_word' id='word_1_85' title='bbox 1184 1109 1271 1151; x_wconf 84' lang='lat' dir='ltr'><strong>arma</strong></span> 
     </span>
     <span class='ocr_line' id='line_1_11' title="bbox 245 1170 1271 1258; baseline -0.001 -22"><span class='ocrx_word' id='word_1_86' title='bbox 245 1171 308 1236; x_wconf 91' lang='lat' dir='ltr'><strong>tius</strong></span> <span class='ocrx_word' id='word_1_87' title='bbox 327 1195 479 1236; x_wconf 83' lang='lat' dir='ltr'><strong>sumsere:</strong></span> <span class='ocrx_word' id='word_1_88' title='bbox 504 1193 598 1258; x_wconf 86' lang='lat' dir='ltr'><strong>quern</strong></span> <span class='ocrx_word' id='word_1_89' title='bbox 619 1185 739 1236; x_wconf 87' lang='lat' dir='ltr'><strong>motum</strong></span> <span class='ocrx_word' id='word_1_90' title='bbox 761 1171 893 1236; x_wconf 84' lang='lat' dir='ltr'><strong>Caesaris</strong></span> <span class='ocrx_word' id='word_1_91' title='bbox 911 1193 995 1235; x_wconf 87' lang='lat' dir='ltr'><strong>mors</strong></span> <span class='ocrx_word' id='word_1_92' title='bbox 1008 1170 1141 1236; x_wconf 84' lang='lat' dir='ltr'><strong>diremit</strong></span> <span class='ocrx_word' id='word_1_93' title='bbox 1176 1173 1271 1236; x_wconf 87' lang='lat' dir='ltr'><strong>Clau-</strong></span> 
     </span>
     <span class='ocr_line' id='line_1_12' title="bbox 225 1256 1269 1344; baseline 0.002 -26"><span class='ocrx_word' id='word_1_94' title='bbox 225 1256 283 1335; x_wconf 90' lang='lat' dir='ltr'><strong>ius,</strong></span> <span class='ocrx_word' id='word_1_95' title='bbox 307 1257 462 1321; x_wconf 89' lang='lat' dir='ltr'><strong>defunctis</strong></span> <span class='ocrx_word' id='word_1_96' title='bbox 487 1258 635 1344; x_wconf 83' lang='lat' dir='ltr'><strong>Regibus,</strong></span> <span class='ocrx_word' id='word_1_97' title='bbox 658 1272 714 1322; x_wconf 88' lang='lat' dir='ltr'><strong>aut</strong></span> <span class='ocrx_word' id='word_1_98' title='bbox 735 1257 777 1322; x_wconf 89' lang='lat' dir='ltr'><strong>ad</strong></span> <span class='ocrx_word' id='word_1_99' title='bbox 794 1257 952 1321; x_wconf 86' lang='lat' dir='ltr'><strong>modicum</strong></span> <span class='ocrx_word' id='word_1_100' title='bbox 965 1256 1108 1335; x_wconf 88' lang='lat' dir='ltr'><strong>redactis,</strong></span> <span class='ocrx_word' id='word_1_101' title='bbox 1122 1257 1269 1320; x_wconf 86' lang='lat' dir='ltr'><strong>Judaearn</strong></span> 
     </span>
     <span class='ocr_line' id='line_1_13' title="bbox 202 1342 1270 1429; baseline 0 -23"><span class='ocrx_word' id='word_1_102' title='bbox 202 1343 391 1429; x_wconf 88' lang='lat' dir='ltr'><strong>provinciam</strong></span> <span class='ocrx_word' id='word_1_103' title='bbox 406 1342 577 1428; x_wconf 88' lang='lat' dir='ltr'><strong>Equitibus</strong></span> <span class='ocrx_word' id='word_1_104' title='bbox 586 1342 738 1408; x_wconf 87' lang='lat' dir='ltr'><strong>Romanis</strong></span> <span class='ocrx_word' id='word_1_105' title='bbox 751 1358 808 1408; x_wconf 94' lang='lat' dir='ltr'><strong>aut</strong></span> <span class='ocrx_word' id='word_1_106' title='bbox 814 1343 933 1408; x_wconf 88' lang='lat' dir='ltr'><strong>libertis</strong></span> <span class='ocrx_word' id='word_1_107' title='bbox 942 1342 1098 1428; x_wconf 82' lang='lat' dir='ltr'><strong>permisit3</strong></span> <span class='ocrx_word' id='word_1_108' title='bbox 1121 1343 1270 1429; x_wconf 88' lang='lat' dir='ltr'><strong>equibus</strong></span> 
     </span>
     <span class='ocr_line' id='line_1_14' title="bbox 203 1427 1271 1526; baseline -0.005 -30"><span class='ocrx_word' id='word_1_109' title='bbox 203 1427 363 1497; x_wconf 88' lang='lat' dir='ltr'><strong>Antonius</strong></span> <span class='ocrx_word' id='word_1_110' title='bbox 383 1428 484 1506; x_wconf 87' lang='lat' dir='ltr'><strong>Felix,</strong></span> <span class='ocrx_word' id='word_1_111' title='bbox 507 1451 704 1526; x_wconf 89' lang='lat' dir='ltr'><strong>peromnem</strong></span> <span class='ocrx_word' id='word_1_112' title='bbox 722 1428 870 1494; x_wconf 80' lang='lat' dir='ltr'><strong>saevitiam</strong></span> <span class='ocrx_word' id='word_1_113' title='bbox 892 1451 928 1492; x_wconf 93' lang='lat' dir='ltr'><strong>ac</strong></span> <span class='ocrx_word' id='word_1_114' title='bbox 956 1427 1128 1506; x_wconf 86' lang='lat' dir='ltr'><strong>libidinem,</strong></span> <span class='ocrx_word' id='word_1_115' title='bbox 1146 1429 1200 1514; x_wconf 81' lang='lat' dir='ltr'><strong>jus</strong></span> <span class='ocrx_word' id='word_1_116' title='bbox 1224 1452 1271 1491; x_wconf 88' lang='lat' dir='ltr'><strong>re-</strong></span> 
     </span>
     <span class='ocr_line' id='line_1_15' title="bbox 202 1513 1269 1600; baseline 0.001 -24"><span class='ocrx_word' id='word_1_117' title='bbox 202 1513 291 1600; x_wconf 88' lang='lat' dir='ltr'><strong>gium</strong></span> <span class='ocrx_word' id='word_1_118' title='bbox 306 1513 409 1577; x_wconf 90' lang='lat' dir='ltr'><strong>servili</strong></span> <span class='ocrx_word' id='word_1_119' title='bbox 423 1514 547 1599; x_wconf 81' lang='lat' dir='ltr'><strong>ingemo</strong></span> <span class='ocrx_word' id='word_1_120' title='bbox 566 1516 714 1595; x_wconf 84' lang='lat' dir='ltr'><strong>exercuit,</strong></span> <span class='ocrx_word' id='word_1_121' title='bbox 729 1514 881 1593; x_wconf 86' lang='lat' dir='ltr'><strong>Drusilla,</strong></span> <span class='ocrx_word' id='word_1_122' title='bbox 903 1513 1076 1600; x_wconf 86' lang='lat' dir='ltr'><strong>Cleopatrae</strong></span> <span class='ocrx_word' id='word_1_123' title='bbox 1092 1528 1123 1578; x_wconf 91' lang='lat' dir='ltr'><strong>et</strong></span> <span class='ocrx_word' id='word_1_124' title='bbox 1137 1515 1269 1577; x_wconf 87' lang='lat' dir='ltr'><strong>Antonii</strong></span> 
     </span>
     <span class='ocr_line' id='line_1_16' title="bbox 201 1598 1269 1688; baseline -0.002 -24"><span class='ocrx_word' id='word_1_125' title='bbox 201 1610 305 1686; x_wconf 88' lang='lat' dir='ltr'><strong>nepte,</strong></span> <span class='ocrx_word' id='word_1_126' title='bbox 328 1598 360 1662; x_wconf 90' lang='lat' dir='ltr'><strong>in</strong></span> <span class='ocrx_word' id='word_1_127' title='bbox 378 1599 609 1668; x_wconf 79' lang='lat' dir='ltr'><strong>matrimonium</strong></span> <span class='ocrx_word' id='word_1_128' title='bbox 631 1617 777 1688; x_wconf 82' lang='lat' dir='ltr'><strong>accepta3</strong></span> <span class='ocrx_word' id='word_1_129' title='bbox 809 1615 845 1664; x_wconf 90' lang='lat' dir='ltr'><strong>ut</strong></span> <span class='ocrx_word' id='word_1_130' title='bbox 866 1599 1009 1686; x_wconf 89' lang='lat' dir='ltr'><strong>ejusdem</strong></span> <span class='ocrx_word' id='word_1_131' title='bbox 1024 1600 1155 1663; x_wconf 86' lang='lat' dir='ltr'><strong>Antonii</strong></span> <span class='ocrx_word' id='word_1_132' title='bbox 1179 1598 1269 1662; x_wconf 88' lang='lat' dir='ltr'><strong>Felix</strong></span> 
     </span>
     <span class='ocr_line' id='line_1_17' title="bbox 204 1685 745 1774; baseline 0.006 -27"><span class='ocrx_word' id='word_1_133' title='bbox 204 1708 263 1772; x_wconf 90' lang='lat' dir='ltr'><strong>pro</strong></span> <span class='ocrx_word' id='word_1_134' title='bbox 304 1707 369 1764; x_wconf 89' lang='lat' dir='ltr'><strong>ner,</strong></span> <span class='ocrx_word' id='word_1_135' title='bbox 385 1685 537 1750; x_wconf 91' lang='lat' dir='ltr'><strong>Claudius</strong></span> <span class='ocrx_word' id='word_1_136' title='bbox 552 1709 647 1774; x_wconf 90' lang='lat' dir='ltr'><strong>nepos</strong></span> <span class='ocrx_word' id='word_1_137' title='bbox 659 1703 745 1751; x_wconf 88' lang='lat' dir='ltr'><strong>esset.</strong></span> 
     </span>
     <span class='ocr_line' id='line_1_18' title="bbox 283 1770 1270 1858; baseline -0.002 -23"><span class='ocrx_word' id='word_1_138' title='bbox 283 1819 292 1835; x_wconf 90' lang='lat'><strong>.</strong></span> <span class='ocrx_word' id='word_1_139' title='bbox 326 1771 463 1846; x_wconf 81' lang='lat' dir='ltr'><strong>Duravit</strong></span> <span class='ocrx_word' id='word_1_140' title='bbox 486 1787 588 1835; x_wconf 84' lang='lat' dir='ltr'><strong>tamen</strong></span> <span class='ocrx_word' id='word_1_141' title='bbox 613 1773 761 1858; x_wconf 89' lang='lat' dir='ltr'><strong>patientia</strong></span> <span class='ocrx_word' id='word_1_142' title='bbox 784 1771 906 1836; x_wconf 87' lang='lat' dir='ltr'><strong>Judaeis</strong></span> <span class='ocrx_word' id='word_1_143' title='bbox 934 1794 1034 1857; x_wconf 90' lang='lat' dir='ltr'><strong>usque</strong></span> <span class='ocrx_word' id='word_1_144' title='bbox 1048 1773 1098 1836; x_wconf 82' lang='lat' dir='ltr'><strong>ad</strong></span> <span class='ocrx_word' id='word_1_145' title='bbox 1124 1770 1270 1834; x_wconf 89' lang='lat' dir='ltr'><strong>Gessium</strong></span> 
     </span>
     <span class='ocr_line' id='line_1_19' title="bbox 202 1855 1271 1942; baseline -0.001 -22"><span class='ocrx_word' id='word_1_146' title='bbox 202 1855 344 1934; x_wconf 89' lang='lat' dir='ltr'><strong>Florum,</strong></span> <span class='ocrx_word' id='word_1_147' title='bbox 366 1858 615 1922; x_wconf 88' lang='lat' dir='ltr'><strong>Procuratorem.</strong></span> <span class='ocrx_word' id='word_1_148' title='bbox 663 1859 731 1922; x_wconf 86' lang='lat' dir='ltr'><strong>Sub</strong></span> <span class='ocrx_word' id='word_1_149' title='bbox 751 1882 789 1922; x_wconf 88' lang='lat' dir='ltr'><strong>eo</strong></span> <span class='ocrx_word' id='word_1_150' title='bbox 807 1857 924 1922; x_wconf 87' lang='lat' dir='ltr'><strong>bellum</strong></span> <span class='ocrx_word' id='word_1_151' title='bbox 944 1871 1066 1921; x_wconf 83' lang='lat' dir='ltr'><strong>ortum:</strong></span> <span class='ocrx_word' id='word_1_152' title='bbox 1090 1869 1122 1921; x_wconf 89' lang='lat' dir='ltr'><strong>et</strong></span> <span class='ocrx_word' id='word_1_153' title='bbox 1138 1856 1271 1942; x_wconf 89' lang='lat' dir='ltr'><strong>compri-</strong></span> 
     </span>
     <span class='ocr_line' id='line_1_20' title="bbox 202 1943 1269 2031; baseline -0.002 -25"><span class='ocrx_word' id='word_1_154' title='bbox 202 1965 287 2007; x_wconf 88' lang='lat' dir='ltr'><strong>mere</strong></span> <span class='ocrx_word' id='word_1_155' title='bbox 307 1955 494 2028; x_wconf 83' lang='lat' dir='ltr'><strong>coeptantem</strong></span> <span class='ocrx_word' id='word_1_156' title='bbox 524 1944 663 2009; x_wconf 89' lang='lat' dir='ltr'><strong>Cestium</strong></span> <span class='ocrx_word' id='word_1_157' title='bbox 694 1943 834 2023; x_wconf 85' lang='lat' dir='ltr'><strong>Gallum,</strong></span> <span class='ocrx_word' id='word_1_158' title='bbox 862 1943 962 2031; x_wconf 85' lang='lat' dir='ltr'><strong>Syriae</strong></span> <span class='ocrx_word' id='word_1_159' title='bbox 988 1943 1154 2029; x_wconf 86' lang='lat' dir='ltr'><strong>Legatum,</strong></span> <span class='ocrx_word' id='word_1_160' title='bbox 1184 1943 1269 2005; x_wconf 82' lang='lat' dir='ltr'><strong>varia</strong></span> 
     </span>
    </p>
   </div>
   <div class='ocr_carea' id='block_1_4' title="bbox 199 2128 1272 3354">
    <p class='ocr_par' dir='ltr' id='par_1_4' title="bbox 199 2128 1272 3354">
     <span class='ocr_line' id='line_1_21' title="bbox 202 2128 1270 2194; baseline 0 -18"><span class='ocrx_word' id='word_1_161' title='bbox 202 2130 305 2192; x_wconf 76' lang='lat' dir='ltr'><strong>genrinat</strong></span> <span class='ocrx_word' id='word_1_162' title='bbox 320 2129 387 2178; x_wconf 86' lang='lat' dir='ltr'><strong>civile</strong></span> <span class='ocrx_word' id='word_1_163' title='bbox 400 2139 423 2179; x_wconf 89' lang='lat' dir='ltr'><strong>et</strong></span> <span class='ocrx_word' id='word_1_164' title='bbox 433 2132 572 2181; x_wconf 83' lang='lat' dir='ltr'><strong>internum?</strong></span> <span class='ocrx_word' id='word_1_165' title='bbox 589 2132 665 2194; x_wconf 87' lang='lat' dir='ltr'><strong>placet</strong></span> <span class='ocrx_word' id='word_1_166' title='bbox 675 2133 720 2179; x_wconf 92' lang='lat' dir='ltr'><strong>im-</strong></span> <span class='ocrx_word' id='word_1_167' title='bbox 753 2134 842 2180; x_wconf 78' lang='lat' dir='ltr'><strong>Sensit</strong></span> <span class='ocrx_word' id='word_1_168' title='bbox 857 2138 893 2178; x_wconf 84' lang='lat' dir='ltr'><strong>est</strong></span> <span class='ocrx_word' id='word_1_169' title='bbox 909 2131 939 2178; x_wconf 91' lang='lat' dir='ltr'><strong>ab</strong></span> <span class='ocrx_word' id='word_1_170' title='bbox 951 2130 1060 2178; x_wconf 82' lang='lat' dir='ltr'><strong>Rhenani</strong></span> <span class='ocrx_word' id='word_1_171' title='bbox 1075 2130 1175 2193; x_wconf 84' lang='lat' dir='ltr'><strong>ingenio.</strong></span> <span class='ocrx_word' id='word_1_172' title='bbox 1196 2128 1270 2190; x_wconf 90' lang='lat' dir='ltr'><strong>(Bud.</strong></span> 
     </span>
     <span class='ocr_line' id='line_1_22' title="bbox 202 2193 1270 2259; baseline -0.001 -18"><span class='ocrx_word' id='word_1_173' title='bbox 202 2209 242 2242; x_wconf 79' lang='lat' dir='ltr'><strong>ino</strong></span> <span class='ocrx_word' id='word_1_174' title='bbox 258 2195 366 2242; x_wconf 86' lang='lat' dir='ltr'><strong>Romana</strong></span> <span class='ocrx_word' id='word_1_175' title='bbox 382 2197 482 2259; x_wconf 90' lang='lat' dir='ltr'><strong>scriptio,</strong></span> <span class='ocrx_word' id='word_1_176' title='bbox 502 2198 558 2243; x_wconf 78' lang='lat' dir='ltr'><strong>ballo</strong></span> <span class='ocrx_word' id='word_1_177' title='bbox 577 2199 643 2243; x_wconf 75' lang='lat' dir='ltr'><strong>civili</strong></span> <span class='ocrx_word' id='word_1_178' title='bbox 658 2199 720 2244; x_wconf 78' lang='lat' dir='ltr'><strong>tuter</strong></span> <span class='ocrx_word' id='word_1_179' title='bbox 752 2197 837 2254; x_wconf 79' lang='lat' dir='ltr'><strong>assit.)</strong></span> <span class='ocrx_word' id='word_1_180' title='bbox 859 2196 939 2243; x_wconf 72' lang='lat' dir='ltr'><strong>Auxit</strong></span> <span class='ocrx_word' id='word_1_181' title='bbox 962 2195 1061 2242; x_wconf 80' lang='lat' dir='ltr'><strong>restituit</strong></span> <span class='ocrx_word' id='word_1_182' title='bbox 1082 2195 1191 2242; x_wconf 80' lang='lat' dir='ltr'><strong>Pichena</strong></span> <span class='ocrx_word' id='word_1_183' title='bbox 1231 2193 1270 2240; x_wconf 86' lang='lat' dir='ltr'><strong>De</strong></span> 
     </span>
     <span class='ocr_line' id='line_1_23' title="bbox 202 2257 1270 2323; baseline -0.001 -19"><span class='ocrx_word' id='word_1_184' title='bbox 202 2273 250 2305; x_wconf 83' lang='lat' dir='ltr'><strong>nos.</strong></span> <span class='ocrx_word' id='word_1_185' title='bbox 268 2258 344 2306; x_wconf 81' lang='lat' dir='ltr'><strong>Ltus.</strong></span> <span class='ocrx_word' id='word_1_186' title='bbox 375 2259 430 2308; x_wconf 88' lang='lat' dir='ltr'><strong>MS.</strong></span> <span class='ocrx_word' id='word_1_187' title='bbox 448 2264 508 2323; x_wconf 84' lang='lat' dir='ltr'><strong>Agr.</strong></span> <span class='ocrx_word' id='word_1_188' title='bbox 524 2263 590 2307; x_wconf 77' lang='lat' dir='ltr'><strong>civili</strong></span> <span class='ocrx_word' id='word_1_189' title='bbox 607 2263 721 2308; x_wconf 79' lang='lat' dir='ltr'><strong>internos</strong></span> <span class='ocrx_word' id='word_1_190' title='bbox 752 2258 1111 2323; x_wconf 69' lang='lat' dir='ltr'><strong>saipouaSimoadalausi</strong></span> <span class='ocrx_word' id='word_1_191' title='bbox 1154 2257 1270 2316; x_wconf 85' lang='lat' dir='ltr'><strong>,Herodis</strong></span> 
     </span>
     <span class='ocr_line' id='line_1_24' title="bbox 203 2321 1270 2388; baseline -0.002 -19"><span class='ocrx_word' id='word_1_192' title='bbox 203 2323 270 2369; x_wconf 71' lang='lat' dir='ltr'><strong>liclia:</strong></span> <span class='ocrx_word' id='word_1_193' title='bbox 284 2325 424 2372; x_wconf 84' lang='lat' dir='ltr'><strong>concinnius.</strong></span> <span class='ocrx_word' id='word_1_194' title='bbox 442 2325 640 2388; x_wconf 86' lang='lat' dir='ltr'><strong>Perscriptionem</strong></span> <span class='ocrx_word' id='word_1_195' title='bbox 648 2326 719 2373; x_wconf 89' lang='lat' dir='ltr'><strong>Rom.</strong></span> <span class='ocrx_word' id='word_1_196' title='bbox 753 2341 826 2383; x_wconf 87' lang='lat' dir='ltr'><strong>servo,</strong></span> <span class='ocrx_word' id='word_1_197' title='bbox 838 2324 890 2372; x_wconf 83' lang='lat' dir='ltr'><strong>Jos.</strong></span> <span class='ocrx_word' id='word_1_198' title='bbox 903 2324 1021 2378; x_wconf 84' lang='lat' dir='ltr'><strong>n.17,11</strong></span> <span class='ocrx_word' id='word_1_199' title='bbox 1035 2325 1098 2387; x_wconf 84' lang='lat' dir='ltr'><strong>(to).</strong></span> <span class='ocrx_word' id='word_1_200' title='bbox 1126 2324 1184 2370; x_wconf 69' lang='lat' dir='ltr'><strong>‘nro</strong></span> <span class='ocrx_word' id='word_1_201' title='bbox 1201 2321 1270 2368; x_wconf 88' lang='lat' dir='ltr'><strong>Idem</strong></span> 
     </span>
     <span class='ocr_line' id='line_1_25' title="bbox 202 2387 1271 2452; baseline -0.002 -18"><span class='ocrx_word' id='word_1_202' title='bbox 202 2387 641 2452; x_wconf 80' lang='lat' dir='ltr'><strong>Lipsiusautnonintelligiteditionem</strong></span> <span class='ocrx_word' id='word_1_203' title='bbox 649 2391 719 2438; x_wconf 86' lang='lat' dir='ltr'><strong>Rom.</strong></span> <span class='ocrx_word' id='word_1_204' title='bbox 754 2405 848 2452; x_wconf 89' lang='lat' dir='ltr'><strong>quoque</strong></span> <span class='ocrx_word' id='word_1_205' title='bbox 859 2389 891 2436; x_wconf 89' lang='grc' dir='ltr'><strong>Β.</strong></span> <span class='ocrx_word' id='word_1_206' title='bbox 900 2388 958 2436; x_wconf 88' lang='lat' dir='ltr'><strong>Jud.</strong></span> <span class='ocrx_word' id='word_1_207' title='bbox 973 2389 996 2444; x_wconf 91' lang='lat' dir='ltr'><strong>l,</strong></span> <span class='ocrx_word' id='word_1_208' title='bbox 1010 2388 1040 2434; x_wconf 78' lang='lat'><strong>15</strong></span> <span class='ocrx_word' id='word_1_209' title='bbox 1056 2388 1120 2452; x_wconf 78' lang='lat'><strong>(20).</strong></span> <span class='ocrx_word' id='word_1_210' title='bbox 1136 2396 1229 2436; x_wconf 87' lang='lat' dir='ltr'><strong>auctum</strong></span> <span class='ocrx_word' id='word_1_211' title='bbox 1240 2387 1271 2432; x_wconf 90' lang='lat' dir='ltr'><strong>ab</strong></span> 
     </span>
     <span class='ocr_line' id='line_1_26' title="bbox 203 2451 1167 2517; baseline 0.002 -18"><span class='ocrx_word' id='word_1_212' title='bbox 203 2451 220 2499; x_wconf 92' lang='lat' dir='ltr'><strong>i.</strong></span> <span class='ocrx_word' id='word_1_213' title='bbox 230 2468 249 2500; x_wconf 83' lang='lat' dir='ltr'><strong>e.</strong></span> <span class='ocrx_word' id='word_1_214' title='bbox 266 2453 389 2516; x_wconf 74' lang='lat' dir='ltr'><strong>Spirensis,</strong></span> <span class='ocrx_word' id='word_1_215' title='bbox 400 2464 441 2503; x_wconf 89' lang='lat' dir='ltr'><strong>sut</strong></span> <span class='ocrx_word' id='word_1_216' title='bbox 450 2455 508 2503; x_wconf 86' lang='lat' dir='ltr'><strong>falso</strong></span> <span class='ocrx_word' id='word_1_217' title='bbox 518 2454 605 2503; x_wconf 86' lang='lat' dir='ltr'><strong>laudat.</strong></span> <span class='ocrx_word' id='word_1_218' title='bbox 622 2456 686 2503; x_wconf 90' lang='lat' dir='ltr'><strong>Nam</strong></span> <span class='ocrx_word' id='word_1_219' title='bbox 695 2455 720 2502; x_wconf 90' lang='lat' dir='ltr'><strong>in</strong></span> <span class='ocrx_word' id='word_1_220' title='bbox 752 2455 864 2517; x_wconf 83' lang='lat' dir='ltr'><strong>Augusto</strong></span> <span class='ocrx_word' id='word_1_221' title='bbox 874 2468 972 2516; x_wconf 87' lang='lat' dir='ltr'><strong>regnum</strong></span> <span class='ocrx_word' id='word_1_222' title='bbox 984 2453 1073 2501; x_wconf 89' lang='lat' dir='ltr'><strong>Herodi</strong></span> <span class='ocrx_word' id='word_1_223' title='bbox 1083 2462 1167 2501; x_wconf 80' lang='lat' dir='ltr'><strong>narrat.</strong></span> 
     </span>
     <span class='ocr_line' id='line_1_27' title="bbox 203 2517 1272 2579; baseline 0 -16"><span class='ocrx_word' id='word_1_224' title='bbox 203 2532 255 2564; x_wconf 76' lang='lat' dir='ltr'><strong>risco</strong></span> <span class='ocrx_word' id='word_1_225' title='bbox 266 2519 373 2579; x_wconf 86' lang='lat' dir='ltr'><strong>exemplo</strong></span> <span class='ocrx_word' id='word_1_226' title='bbox 387 2527 422 2566; x_wconf 87' lang='lat' dir='ltr'><strong>est</strong></span> <span class='ocrx_word' id='word_1_227' title='bbox 432 2521 499 2565; x_wconf 77' lang='lat' dir='ltr'><strong>civili</strong></span> <span class='ocrx_word' id='word_1_228' title='bbox 514 2522 681 2579; x_wconf 68' lang='lat' dir='ltr'><strong>intereamus,</strong></span> <span class='ocrx_word' id='word_1_229' title='bbox 694 2529 721 2565; x_wconf 91' lang='lat' dir='ltr'><strong>ut</strong></span> <span class='ocrx_word' id='word_1_230' title='bbox 780 2517 1011 2579; x_wconf 72' lang='lat' dir='ltr'><strong>Triponttaresers]</strong></span> <span class='ocrx_word' id='word_1_231' title='bbox 1019 2517 1272 2572; x_wconf 83' lang='lat' dir='ltr'><strong>ArchelausJudaeam,</strong></span> 
     </span>
     <span class='ocr_line' id='line_1_28' title="bbox 202 2580 1270 2643; baseline 0.001 -16"><span class='ocrx_word' id='word_1_232' title='bbox 202 2583 226 2627; x_wconf 92' lang='lat' dir='ltr'><strong>in</strong></span> <span class='ocrx_word' id='word_1_233' title='bbox 239 2581 300 2627; x_wconf 85' lang='lat' dir='ltr'><strong>Plor.</strong></span> <span class='ocrx_word' id='word_1_234' title='bbox 329 2580 362 2628; x_wconf 79' lang='lat' dir='ltr'><strong>Et</strong></span> <span class='ocrx_word' id='word_1_235' title='bbox 373 2591 449 2628; x_wconf 77' lang='lat' dir='ltr'><strong>tanton</strong></span> <span class='ocrx_word' id='word_1_236' title='bbox 467 2583 538 2628; x_wconf 87' lang='lat' dir='ltr'><strong>Rom.</strong></span> <span class='ocrx_word' id='word_1_237' title='bbox 551 2584 668 2643; x_wconf 72' lang='lat' dir='ltr'><strong>scripture</strong></span> <span class='ocrx_word' id='word_1_238' title='bbox 679 2598 720 2629; x_wconf 91' lang='lat' dir='ltr'><strong>no-</strong></span> <span class='ocrx_word' id='word_1_239' title='bbox 752 2581 858 2642; x_wconf 81' lang='lat' dir='ltr'><strong>Herodes</strong></span> <span class='ocrx_word' id='word_1_240' title='bbox 871 2581 973 2642; x_wconf 82' lang='lat' dir='ltr'><strong>Antipas</strong></span> <span class='ocrx_word' id='word_1_241' title='bbox 993 2581 1126 2639; x_wconf 70' lang='lat' dir='ltr'><strong>Gdilaesm,</strong></span> <span class='ocrx_word' id='word_1_242' title='bbox 1145 2582 1270 2643; x_wconf 87' lang='lat' dir='ltr'><strong>Philippus</strong></span> 
     </span>
     <span class='ocr_line' id='line_1_29' title="bbox 202 2643 1270 2705; baseline 0.001 -13"><span class='ocrx_word' id='word_1_243' title='bbox 202 2644 266 2692; x_wconf 90' lang='lat' dir='ltr'><strong>mine</strong></span> <span class='ocrx_word' id='word_1_244' title='bbox 276 2644 331 2693; x_wconf 85' lang='lat' dir='ltr'><strong>alibi</strong></span> <span class='ocrx_word' id='word_1_245' title='bbox 342 2645 401 2691; x_wconf 87' lang='lat' dir='ltr'><strong>hanc</strong></span> <span class='ocrx_word' id='word_1_246' title='bbox 409 2646 445 2691; x_wconf 87' lang='lat' dir='ltr'><strong>ed.</strong></span> <span class='ocrx_word' id='word_1_247' title='bbox 457 2646 542 2693; x_wconf 80' lang='lat' dir='ltr'><strong>laudat</strong></span> <span class='ocrx_word' id='word_1_248' title='bbox 574 2646 652 2693; x_wconf 80' lang='lat' dir='ltr'><strong>Etiam</strong></span> <span class='ocrx_word' id='word_1_249' title='bbox 664 2646 720 2692; x_wconf 87' lang='lat' dir='ltr'><strong>alibi</strong></span> <span class='ocrx_word' id='word_1_250' title='bbox 750 2644 879 2705; x_wconf 84' lang='lat' dir='ltr'><strong>(Herodes)</strong></span> <span class='ocrx_word' id='word_1_251' title='bbox 914 2643 1111 2704; x_wconf 85' lang='lat' dir='ltr'><strong>Trachonitidem‚</strong></span> <span class='ocrx_word' id='word_1_252' title='bbox 1135 2654 1163 2692; x_wconf 85' lang='lat' dir='ltr'><strong>ut</strong></span> <span class='ocrx_word' id='word_1_253' title='bbox 1189 2653 1270 2693; x_wconf 83' lang='lat' dir='ltr'><strong>tetrar-</strong></span> 
     </span>
     <span class='ocr_line' id='line_1_30' title="bbox 203 2707 807 2758; baseline -0.003 -1"><span class='ocrx_word' id='word_1_254' title='bbox 203 2710 262 2757; x_wconf 81' lang='lat' dir='ltr'><strong>fusa</strong></span> <span class='ocrx_word' id='word_1_255' title='bbox 280 2708 370 2757; x_wconf 86' lang='lat' dir='ltr'><strong>laudari</strong></span> <span class='ocrx_word' id='word_1_256' title='bbox 391 2709 454 2757; x_wconf 89' lang='lat' dir='ltr'><strong>hunc</strong></span> <span class='ocrx_word' id='word_1_257' title='bbox 475 2708 561 2757; x_wconf 88' lang='lat' dir='ltr'><strong>librum</strong></span> <span class='ocrx_word' id='word_1_258' title='bbox 584 2710 684 2758; x_wconf 87' lang='lat' dir='ltr'><strong>vidimus</strong></span> <span class='ocrx_word' id='word_1_259' title='bbox 705 2726 720 2757; x_wconf 85' lang='lat' dir='ltr'><strong>a</strong></span> <span class='ocrx_word' id='word_1_260' title='bbox 751 2707 807 2756; x_wconf 83' lang='lat' dir='ltr'><strong>clue.</strong></span> 
     </span>
     <span class='ocr_line' id='line_1_31' title="bbox 202 2774 1269 2839; baseline -0.001 -17"><span class='ocrx_word' id='word_1_261' title='bbox 202 2774 290 2836; x_wconf 82' lang='lat' dir='ltr'><strong>Lipsio.</strong></span> <span class='ocrx_word' id='word_1_262' title='bbox 323 2774 432 2822; x_wconf 86' lang='lat' dir='ltr'><strong>Ceterum</strong></span> <span class='ocrx_word' id='word_1_263' title='bbox 440 2777 550 2821; x_wconf 71' lang='lat' dir='ltr'><strong>insessos</strong></span> <span class='ocrx_word' id='word_1_264' title='bbox 561 2774 719 2839; x_wconf 81' lang='lat' dir='ltr'><strong>quidemtole·</strong></span> <span class='ocrx_word' id='word_1_265' title='bbox 784 2774 1269 2838; x_wconf 68' lang='lat' dir='ltr'><strong>Danasssetc.]Dequ01sgsndaPm-</strong></span> 
     </span>
     <span class='ocr_line' id='line_1_32' title="bbox 202 2838 1268 2901; baseline 0 -16"><span class='ocrx_word' id='word_1_266' title='bbox 202 2839 298 2887; x_wconf 80' lang='lat' dir='ltr'><strong>rabilius</strong></span> <span class='ocrx_word' id='word_1_267' title='bbox 313 2849 346 2887; x_wconf 88' lang='lat' dir='ltr'><strong>est</strong></span> <span class='ocrx_word' id='word_1_268' title='bbox 359 2854 430 2901; x_wconf 86' lang='lat' dir='ltr'><strong>quam</strong></span> <span class='ocrx_word' id='word_1_269' title='bbox 442 2841 541 2897; x_wconf 75' lang='lat' dir='ltr'><strong>interno,</strong></span> <span class='ocrx_word' id='word_1_270' title='bbox 554 2838 593 2887; x_wconf 85' lang='lat' dir='ltr'><strong>sed</strong></span> <span class='ocrx_word' id='word_1_271' title='bbox 608 2847 684 2887; x_wconf 85' lang='lat' dir='ltr'><strong>tamen</strong></span> <span class='ocrx_word' id='word_1_272' title='bbox 697 2850 720 2887; x_wconf 86' lang='lat' dir='ltr'><strong>et</strong></span> <span class='ocrx_word' id='word_1_273' title='bbox 751 2838 812 2886; x_wconf 89' lang='lat' dir='ltr'><strong>lonis</strong></span> <span class='ocrx_word' id='word_1_274' title='bbox 826 2839 925 2900; x_wconf 81' lang='lat' dir='ltr'><strong>Legatio</strong></span> <span class='ocrx_word' id='word_1_275' title='bbox 943 2840 973 2887; x_wconf 84' lang='lat' dir='ltr'><strong>ad</strong></span> <span class='ocrx_word' id='word_1_276' title='bbox 991 2839 1085 2900; x_wconf 85' lang='lat' dir='ltr'><strong>Caium,</strong></span> <span class='ocrx_word' id='word_1_277' title='bbox 1099 2848 1124 2887; x_wconf 87' lang='lat' dir='ltr'><strong>et</strong></span> <span class='ocrx_word' id='word_1_278' title='bbox 1137 2847 1213 2887; x_wconf 85' lang='lat' dir='ltr'><strong>noster</strong></span> <span class='ocrx_word' id='word_1_279' title='bbox 1229 2839 1268 2896; x_wconf 79' lang='lat'><strong>12,</strong></span> 
     </span>
     <span class='ocr_line' id='line_1_33' title="bbox 201 2902 1126 2966; baseline 0.002 -17"><span class='ocrx_word' id='word_1_280' title='bbox 201 2902 720 2966; x_wconf 56' lang='lat' dir='ltr'><strong>meumsupsrvacunmetcorrectorismanum</strong></span> <span class='ocrx_word' id='word_1_281' title='bbox 752 2905 792 2951; x_wconf 81' lang='lat'><strong>54.</strong></span> <span class='ocrx_word' id='word_1_282' title='bbox 810 2903 882 2951; x_wconf 78' lang='lat' dir='ltr'><strong>Enu-</strong></span> <span class='ocrx_word' id='word_1_283' title='bbox 1123 2932 1126 2937; x_wconf 97' lang='lat'>-</span> 
     </span>
     <span class='ocr_line' id='line_1_34' title="bbox 202 2966 1267 3032; baseline -0.004 -14"><span class='ocrx_word' id='word_1_284' title='bbox 202 2966 313 3018; x_wconf 75' lang='lat' dir='ltr'><strong>redolens.</strong></span> <span class='ocrx_word' id='word_1_285' title='bbox 339 2968 402 3015; x_wconf 88' lang='lat' dir='ltr'><strong>lllihi</strong></span> <span class='ocrx_word' id='word_1_286' title='bbox 412 2968 548 3016; x_wconf 87' lang='lat' dir='ltr'><strong>alterutrum</strong></span> <span class='ocrx_word' id='word_1_287' title='bbox 559 2970 626 3015; x_wconf 78' lang='lat' dir='ltr'><strong>civili</strong></span> <span class='ocrx_word' id='word_1_288' title='bbox 637 2968 673 3016; x_wconf 86' lang='lat' dir='ltr'><strong>vel</strong></span> <span class='ocrx_word' id='word_1_289' title='bbox 682 2971 719 3015; x_wconf 78' lang='lat' dir='ltr'><strong>irs-</strong></span> <span class='ocrx_word' id='word_1_290' title='bbox 784 2968 863 3015; x_wconf 83' lang='lat' dir='ltr'><strong>Arma</strong></span> <span class='ocrx_word' id='word_1_291' title='bbox 877 2972 958 3029; x_wconf 75' lang='lat' dir='ltr'><strong>portas</strong></span> <span class='ocrx_word' id='word_1_292' title='bbox 975 2971 1089 3032; x_wconf 76' lang='lat' dir='ltr'><strong>somme]</strong></span> <span class='ocrx_word' id='word_1_293' title='bbox 1112 2969 1199 3017; x_wconf 85' lang='lat' dir='ltr'><strong>Contra</strong></span> <span class='ocrx_word' id='word_1_294' title='bbox 1215 2968 1267 3014; x_wconf 90' lang='lat' dir='ltr'><strong>Jos.</strong></span> 
     </span>
     <span class='ocr_line' id='line_1_35' title="bbox 202 3032 1265 3095; baseline 0.001 -17"><span class='ocrx_word' id='word_1_295' title='bbox 202 3038 268 3079; x_wconf 81' lang='lat' dir='ltr'><strong>terno</strong></span> <span class='ocrx_word' id='word_1_296' title='bbox 276 3033 381 3095; x_wconf 91' lang='lat' dir='ltr'><strong>spurium</strong></span> <span class='ocrx_word' id='word_1_297' title='bbox 389 3033 485 3081; x_wconf 88' lang='lat' dir='ltr'><strong>videtur.</strong></span> <span class='ocrx_word' id='word_1_298' title='bbox 497 3033 568 3080; x_wconf 74' lang='lat' dir='ltr'><strong>Etru.</strong></span> <span class='ocrx_word' id='word_1_299' title='bbox 585 3032 649 3080; x_wconf 90' lang='lat' dir='ltr'><strong>Bud.</strong></span> <span class='ocrx_word' id='word_1_300' title='bbox 658 3034 721 3081; x_wconf 85' lang='lat' dir='ltr'><strong>male</strong></span> <span class='ocrx_word' id='word_1_301' title='bbox 751 3033 813 3079; x_wconf 89' lang='lat' dir='ltr'><strong>Ant.</strong></span> <span class='ocrx_word' id='word_1_302' title='bbox 830 3033 868 3092; x_wconf 90' lang='lat'><strong>18,</strong></span> <span class='ocrx_word' id='word_1_303' title='bbox 886 3033 917 3080; x_wconf 89' lang='lat' dir='ltr'><strong>ltl</strong></span> <span class='ocrx_word' id='word_1_304' title='bbox 929 3034 976 3095; x_wconf 82' lang='grc'>(8).</span> <span class='ocrx_word' id='word_1_305' title='bbox 989 3040 1011 3081; x_wconf 90' lang='lat' dir='ltr'><strong>et</strong></span> <span class='ocrx_word' id='word_1_306' title='bbox 1021 3033 1052 3080; x_wconf 92' lang='lat' dir='ltr'><strong>B.</strong></span> <span class='ocrx_word' id='word_1_307' title='bbox 1063 3033 1121 3081; x_wconf 85' lang='lat' dir='ltr'><strong>Jud.</strong></span> <span class='ocrx_word' id='word_1_308' title='bbox 1133 3036 1158 3093; x_wconf 78' lang='lat'><strong>2,</strong></span> <span class='ocrx_word' id='word_1_309' title='bbox 1175 3035 1191 3081; x_wconf 78' lang='grc'><strong>9</strong></span> <span class='ocrx_word' id='word_1_310' title='bbox 1202 3032 1265 3093; x_wconf 82' lang='grc'><strong>(10).</strong></span> 
     </span>
     <span class='ocr_line' id='line_1_36' title="bbox 201 3096 1269 3155; baseline 0 -12"><span class='ocrx_word' id='word_1_311' title='bbox 201 3098 269 3143; x_wconf 78' lang='lat' dir='ltr'><strong>cicili</strong></span> <span class='ocrx_word' id='word_1_312' title='bbox 281 3099 380 3155; x_wconf 78' lang='lat' dir='ltr'><strong>interno,</strong></span> <span class='ocrx_word' id='word_1_313' title='bbox 392 3097 476 3145; x_wconf 85' lang='lat' dir='ltr'><strong>omisso</strong></span> <span class='ocrx_word' id='word_1_314' title='bbox 483 3099 546 3145; x_wconf 82' lang='lat' dir='ltr'><strong>bello.</strong></span> <span class='ocrx_word' id='word_1_315' title='bbox 579 3097 647 3144; x_wconf 89' lang='lat' dir='ltr'><strong>Prius</strong></span> <span class='ocrx_word' id='word_1_316' title='bbox 657 3097 719 3145; x_wconf 86' lang='lat' dir='ltr'><strong>idem</strong></span> <span class='ocrx_word' id='word_1_317' title='bbox 750 3096 825 3154; x_wconf 84' lang='lat' dir='ltr'><strong>docet,</strong></span> <span class='ocrx_word' id='word_1_318' title='bbox 846 3112 895 3143; x_wconf 78' lang='lat' dir='ltr'><strong>rem</strong></span> <span class='ocrx_word' id='word_1_319' title='bbox 915 3096 1076 3145; x_wconf 84' lang='lat' dir='ltr'><strong>intercessione</strong></span> <span class='ocrx_word' id='word_1_320' title='bbox 1098 3097 1200 3145; x_wconf 89' lang='lat' dir='ltr'><strong>Petronii</strong></span> <span class='ocrx_word' id='word_1_321' title='bbox 1221 3112 1269 3144; x_wconf 87' lang='lat' dir='ltr'><strong>esse</strong></span> 
     </span>
     <span class='ocr_line' id='line_1_37' title="bbox 201 3160 1269 3224; baseline 0 -17"><span class='ocrx_word' id='word_1_322' title='bbox 201 3163 303 3222; x_wconf 78' lang='lat' dir='ltr'><strong>dirupti.</strong></span> <span class='ocrx_word' id='word_1_323' title='bbox 750 3160 902 3224; x_wconf 81' lang='lat' dir='ltr'><strong>compositam</strong></span> <span class='ocrx_word' id='word_1_324' title='bbox 912 3172 936 3210; x_wconf 85' lang='lat' dir='ltr'><strong>et</strong></span> <span class='ocrx_word' id='word_1_325' title='bbox 950 3176 1006 3209; x_wconf 84' lang='lat' dir='ltr'><strong>mox</strong></span> <span class='ocrx_word' id='word_1_326' title='bbox 1020 3161 1147 3210; x_wconf 87' lang='lat' dir='ltr'><strong>Claudium</strong></span> <span class='ocrx_word' id='word_1_327' title='bbox 1157 3162 1205 3209; x_wconf 83' lang='lat' dir='ltr'><strong>vita</strong></span> <span class='ocrx_word' id='word_1_328' title='bbox 1215 3160 1269 3208; x_wconf 82' lang='lat' dir='ltr'><strong>lun-</strong></span> 
     </span>
     <span class='ocr_line' id='line_1_38' title="bbox 233 3226 823 3290; baseline -0.002 -18"><span class='ocrx_word' id='word_1_329' title='bbox 233 3227 370 3273; x_wconf 76' lang='lat' dir='ltr'><strong>Prooirsciae</strong></span> <span class='ocrx_word' id='word_1_330' title='bbox 381 3228 508 3290; x_wconf 77' lang='lat' dir='ltr'><strong>cesserant]</strong></span> <span class='ocrx_word' id='word_1_331' title='bbox 523 3226 609 3273; x_wconf 85' lang='lat' dir='ltr'><strong>Utrum</strong></span> <span class='ocrx_word' id='word_1_332' title='bbox 617 3229 719 3289; x_wconf 83' lang='lat' dir='ltr'><strong>provia-</strong></span> <span class='ocrx_word' id='word_1_333' title='bbox 752 3234 823 3273; x_wconf 88' lang='lat' dir='ltr'><strong>ctum.</strong></span> 
     </span>
     <span class='ocr_line' id='line_1_39' title="bbox 199 3288 1268 3354; baseline -0.002 -17"><span class='ocrx_word' id='word_1_334' title='bbox 199 3292 238 3337; x_wconf 72' lang='lat' dir='ltr'><strong>aaa</strong></span> <span class='ocrx_word' id='word_1_335' title='bbox 246 3296 355 3348; x_wconf 78' lang='lat' dir='ltr'><strong>cesserat,</strong></span> <span class='ocrx_word' id='word_1_336' title='bbox 364 3305 393 3337; x_wconf 87' lang='lat' dir='ltr'><strong>sn</strong></span> <span class='ocrx_word' id='word_1_337' title='bbox 407 3292 492 3338; x_wconf 76' lang='lat' dir='ltr'><strong>Ortess</strong></span> <span class='ocrx_word' id='word_1_338' title='bbox 502 3298 608 3338; x_wconf 80' lang='lat' dir='ltr'><strong>cesserat.</strong></span> <span class='ocrx_word' id='word_1_339' title='bbox 625 3291 715 3339; x_wconf 78' lang='lat' dir='ltr'><strong>onos.</strong></span> <span class='ocrx_word' id='word_1_340' title='bbox 759 3312 761 3317; x_wconf 96' lang='lat'>·</span> <span class='ocrx_word' id='word_1_341' title='bbox 778 3292 819 3338; x_wconf 81' lang='lat' dir='ltr'><strong>Ad</strong></span> <span class='ocrx_word' id='word_1_342' title='bbox 830 3292 946 3338; x_wconf 75' lang='lat' dir='ltr'><strong>modicam</strong></span> <span class='ocrx_word' id='word_1_343' title='bbox 953 3292 1066 3354; x_wconf 70' lang='lat' dir='ltr'><strong>redactis]</strong></span> <span class='ocrx_word' id='word_1_344' title='bbox 1078 3292 1147 3339; x_wconf 88' lang='lat' dir='ltr'><strong>Unus</strong></span> <span class='ocrx_word' id='word_1_345' title='bbox 1157 3299 1209 3337; x_wconf 88' lang='lat' dir='ltr'><strong>turn</strong></span> <span class='ocrx_word' id='word_1_346' title='bbox 1217 3288 1268 3335; x_wconf 85' lang='lat' dir='ltr'><strong>He·</strong></span> 
     </span>
    </p>
   </div>
   <div class='ocr_carea' id='block_1_5' title="bbox 200 3352 1357 3429">
    <p class='ocr_par' dir='ltr' id='par_1_5' title="bbox 200 3352 1357 3429">
     <span class='ocr_line' id='line_1_40' title="bbox 200 3352 1357 3429; baseline 0.001 -28"><span class='ocrx_word' id='word_1_347' title='bbox 200 3355 718 3419; x_wconf 76' lang='lat' dir='ltr'><strong>Prouincisevenrm:int.Orierstis,utRyo·</strong></span> <span class='ocrx_word' id='word_1_348' title='bbox 750 3354 825 3429; x_wconf 71' lang='lat' dir='ltr'><strong>rodes,</strong></span> <span class='ocrx_word' id='word_1_349' title='bbox 837 3356 1185 3419; x_wconf 77' lang='lat' dir='ltr'><strong>AgrippaeM.frater,regnum</strong></span> <span class='ocrx_word' id='word_1_350' title='bbox 1195 3352 1267 3401; x_wconf 73' lang='lat' dir='ltr'><strong>Chol-</strong></span> <span class='ocrx_word' id='word_1_351' title='bbox 1354 3393 1357 3402; x_wconf 82' lang='lat'><strong>.</strong></span> 
     </span>
    </p>
   </div>
   <div class='ocr_carea' id='block_1_6' title="bbox 197 3418 1268 4387">
    <p class='ocr_par' dir='ltr' id='par_1_6' title="bbox 200 3418 1110 3483">
     <span class='ocr_line' id='line_1_41' title="bbox 200 3418 1110 3483; baseline 0 -16"><span class='ocrx_word' id='word_1_352' title='bbox 200 3418 340 3480; x_wconf 84' lang='lat' dir='ltr'><strong>kiusjubet.</strong></span> <span class='ocrx_word' id='word_1_353' title='bbox 357 3420 429 3467; x_wconf 73' lang='grc'><strong>11111.</strong></span> <span class='ocrx_word' id='word_1_354' title='bbox 463 3420 526 3468; x_wconf 90' lang='lat' dir='ltr'><strong>Bud.</strong></span> <span class='ocrx_word' id='word_1_355' title='bbox 538 3423 674 3483; x_wconf 61' lang='lat' dir='ltr'><strong>mortaria.</strong></span> <span class='ocrx_word' id='word_1_356' title='bbox 750 3420 951 3481; x_wconf 80' lang='lat' dir='ltr'><strong>crdisoccupabat.</strong></span> <span class='ocrx_word' id='word_1_357' title='bbox 1106 3452 1110 3459; x_wconf 90' lang='lat'>-</span> 
     </span>
    </p>

    <p class='ocr_par' dir='ltr' id='par_1_7' title="bbox 198 3480 1267 3789">
     <span class='ocr_line' id='line_1_42' title="bbox 231 3480 1267 3550; baseline -0.002 -20"><span class='ocrx_word' id='word_1_358' title='bbox 231 3485 285 3531; x_wconf 81' lang='lat' dir='ltr'><strong>Rea·</strong></span> <span class='ocrx_word' id='word_1_359' title='bbox 302 3484 422 3547; x_wconf 77' lang='lat' dir='ltr'><strong>Pacorus]</strong></span> <span class='ocrx_word' id='word_1_360' title='bbox 446 3484 542 3549; x_wconf 86' lang='lat' dir='ltr'><strong>Proprie</strong></span> <span class='ocrx_word' id='word_1_361' title='bbox 559 3485 631 3548; x_wconf 85' lang='lat' dir='ltr'><strong>Regis</strong></span> <span class='ocrx_word' id='word_1_362' title='bbox 646 3485 717 3545; x_wconf 89' lang='lat' dir='ltr'><strong>filius,</strong></span> <span class='ocrx_word' id='word_1_363' title='bbox 782 3486 903 3532; x_wconf 77' lang='lat' dir='ltr'><strong>Antonias</strong></span> <span class='ocrx_word' id='word_1_364' title='bbox 913 3484 997 3550; x_wconf 67' lang='lat' dir='ltr'><strong>Felix]</strong></span> <span class='ocrx_word' id='word_1_365' title='bbox 1014 3485 1177 3533; x_wconf 75' lang='lat' dir='ltr'><strong>Antonianum</strong></span> <span class='ocrx_word' id='word_1_366' title='bbox 1190 3480 1267 3543; x_wconf 86' lang='lat' dir='ltr'><strong>potius</strong></span> 
     </span>
     <span class='ocr_line' id='line_1_43' title="bbox 198 3546 1265 3613; baseline -0.004 -16"><span class='ocrx_word' id='word_1_367' title='bbox 198 3548 246 3597; x_wconf 78' lang='lat' dir='ltr'><strong>scit</strong></span> <span class='ocrx_word' id='word_1_368' title='bbox 262 3548 356 3597; x_wconf 87' lang='lat' dir='ltr'><strong>Orodis.</strong></span> <span class='ocrx_word' id='word_1_369' title='bbox 378 3548 424 3598; x_wconf 89' lang='lat' dir='ltr'><strong>Sed</strong></span> <span class='ocrx_word' id='word_1_370' title='bbox 435 3550 466 3597; x_wconf 89' lang='lat' dir='ltr'><strong>sic</strong></span> <span class='ocrx_word' id='word_1_371' title='bbox 477 3550 559 3608; x_wconf 88' lang='lat' dir='ltr'><strong>solent,</strong></span> <span class='ocrx_word' id='word_1_372' title='bbox 576 3560 602 3597; x_wconf 88' lang='lat' dir='ltr'><strong>ut</strong></span> <span class='ocrx_word' id='word_1_373' title='bbox 613 3566 681 3613; x_wconf 88' lang='lat' dir='ltr'><strong>supra</strong></span> <span class='ocrx_word' id='word_1_374' title='bbox 692 3552 717 3609; x_wconf 81' lang='lat'><strong>2,</strong></span> <span class='ocrx_word' id='word_1_375' title='bbox 750 3548 875 3596; x_wconf 86' lang='lat' dir='ltr'><strong>dicendum</strong></span> <span class='ocrx_word' id='word_1_376' title='bbox 883 3549 986 3613; x_wconf 86' lang='lat' dir='ltr'><strong>disputat</strong></span> <span class='ocrx_word' id='word_1_377' title='bbox 997 3550 1099 3607; x_wconf 76' lang='lat' dir='ltr'><strong>Canneg.</strong></span> <span class='ocrx_word' id='word_1_378' title='bbox 1111 3546 1140 3592; x_wconf 88' lang='lat' dir='ltr'><strong>de</strong></span> <span class='ocrx_word' id='word_1_379' title='bbox 1151 3554 1209 3591; x_wconf 79' lang='lat' dir='ltr'><strong>mut.</strong></span> <span class='ocrx_word' id='word_1_380' title='bbox 1220 3548 1265 3593; x_wconf 88' lang='lat' dir='ltr'><strong>sub</strong></span> 
     </span>
     <span class='ocr_line' id='line_1_44' title="bbox 199 3611 1267 3678; baseline -0.004 -19"><span class='ocrx_word' id='word_1_381' title='bbox 199 3616 238 3659; x_wconf 78' lang='lat'><strong>25.</strong></span> <span class='ocrx_word' id='word_1_382' title='bbox 255 3614 309 3659; x_wconf 80' lang='lat' dir='ltr'><strong>Res</strong></span> <span class='ocrx_word' id='word_1_383' title='bbox 318 3616 461 3675; x_wconf 77' lang='lat' dir='ltr'><strong>Epiphanes.</strong></span> <span class='ocrx_word' id='word_1_384' title='bbox 484 3616 718 3678; x_wconf 61' lang='lat' dir='ltr'><strong>Necnscessequod</strong></span> <span class='ocrx_word' id='word_1_385' title='bbox 751 3613 814 3677; x_wconf 91' lang='lat' dir='ltr'><strong>Imp.</strong></span> <span class='ocrx_word' id='word_1_386' title='bbox 831 3629 894 3661; x_wconf 90' lang='lat' dir='ltr'><strong>nom.</strong></span> <span class='ocrx_word' id='word_1_387' title='bbox 906 3623 948 3661; x_wconf 84' lang='lat' dir='ltr'><strong>rat</strong></span> <span class='ocrx_word' id='word_1_388' title='bbox 967 3630 990 3676; x_wconf 91' lang='lat' dir='ltr'><strong>p.</strong></span> <span class='ocrx_word' id='word_1_389' title='bbox 1001 3615 1038 3658; x_wconf 80' lang='lat'><strong>54.</strong></span> <span class='ocrx_word' id='word_1_390' title='bbox 1072 3611 1097 3657; x_wconf 91' lang='lat' dir='ltr'><strong>Is</strong></span> <span class='ocrx_word' id='word_1_391' title='bbox 1106 3618 1184 3657; x_wconf 86' lang='lat' dir='ltr'><strong>autem</strong></span> <span class='ocrx_word' id='word_1_392' title='bbox 1196 3624 1267 3673; x_wconf 88' lang='lat' dir='ltr'><strong>nepos</strong></span> 
     </span>
     <span class='ocr_line' id='line_1_45' title="bbox 199 3674 1266 3741; baseline -0.003 -17"><span class='ocrx_word' id='word_1_393' title='bbox 199 3676 334 3737; x_wconf 84' lang='lat' dir='ltr'><strong>conjiciebat</strong></span> <span class='ocrx_word' id='word_1_394' title='bbox 345 3679 410 3727; x_wconf 89' lang='lat' dir='ltr'><strong>Brot.</strong></span> <span class='ocrx_word' id='word_1_395' title='bbox 428 3682 459 3727; x_wconf 87' lang='lat' dir='ltr'><strong>F.</strong></span> <span class='ocrx_word' id='word_1_396' title='bbox 474 3680 536 3741; x_wconf 80' lang='lat' dir='ltr'><strong>Reg.</strong></span> <span class='ocrx_word' id='word_1_397' title='bbox 543 3680 630 3727; x_wconf 83' lang='lat' dir='ltr'><strong>Parth.</strong></span> <span class='ocrx_word' id='word_1_398' title='bbox 644 3682 718 3727; x_wconf 80' lang='lat' dir='ltr'><strong>Paeo·</strong></span> <span class='ocrx_word' id='word_1_399' title='bbox 749 3677 795 3725; x_wconf 86' lang='lat' dir='ltr'><strong>fuit</strong></span> <span class='ocrx_word' id='word_1_400' title='bbox 806 3677 907 3734; x_wconf 81' lang='lat' dir='ltr'><strong>Claudii,</strong></span> <span class='ocrx_word' id='word_1_401' title='bbox 917 3679 957 3739; x_wconf 91' lang='lat' dir='ltr'><strong>qui</strong></span> <span class='ocrx_word' id='word_1_402' title='bbox 966 3693 995 3724; x_wconf 83' lang='lat' dir='ltr'><strong>ex</strong></span> <span class='ocrx_word' id='word_1_403' title='bbox 1005 3676 1083 3722; x_wconf 89' lang='lat' dir='ltr'><strong>Druso</strong></span> <span class='ocrx_word' id='word_1_404' title='bbox 1091 3674 1172 3721; x_wconf 85' lang='lat' dir='ltr'><strong>Germ.</strong></span> <span class='ocrx_word' id='word_1_405' title='bbox 1182 3675 1266 3722; x_wconf 86' lang='lat' dir='ltr'><strong>etAn-</strong></span> 
     </span>
     <span class='ocr_line' id='line_1_46' title="bbox 201 3740 1196 3789; baseline -0.003 0"><span class='ocrx_word' id='word_1_406' title='bbox 201 3758 251 3789; x_wconf 72' lang='grc' dir='ltr'><strong>πω.</strong></span> <span class='ocrx_word' id='word_1_407' title='bbox 750 3742 813 3789; x_wconf 84' lang='lat' dir='ltr'><strong>tonia</strong></span> <span class='ocrx_word' id='word_1_408' title='bbox 823 3742 881 3789; x_wconf 92' lang='lat' dir='ltr'><strong>min.</strong></span> <span class='ocrx_word' id='word_1_409' title='bbox 890 3741 989 3788; x_wconf 86' lang='lat' dir='ltr'><strong>Antonii</strong></span> <span class='ocrx_word' id='word_1_410' title='bbox 1003 3740 1051 3787; x_wconf 86' lang='lat' dir='ltr'><strong>lilia</strong></span> <span class='ocrx_word' id='word_1_411' title='bbox 1060 3748 1130 3786; x_wconf 86' lang='lat' dir='ltr'><strong>natus</strong></span> <span class='ocrx_word' id='word_1_412' title='bbox 1140 3749 1196 3787; x_wconf 85' lang='lat' dir='ltr'><strong>erat.</strong></span> 
     </span>
    </p>

    <p class='ocr_par' dir='ltr' id='par_1_8' title="bbox 197 3804 1268 4256">
     <span class='ocr_line' id='line_1_47' title="bbox 230 3804 1268 3871; baseline -0.004 -16"><span class='ocrx_word' id='word_1_413' title='bbox 230 3808 258 3855; x_wconf 86' lang='lat' dir='ltr'><strong>C.</strong></span> <span class='ocrx_word' id='word_1_414' title='bbox 268 3808 361 3871; x_wconf 80' lang='lat' dir='ltr'><strong>Sosius]</strong></span> <span class='ocrx_word' id='word_1_415' title='bbox 370 3808 423 3856; x_wconf 89' lang='lat' dir='ltr'><strong>Sive</strong></span> <span class='ocrx_word' id='word_1_416' title='bbox 430 3812 529 3858; x_wconf 75' lang='lat' dir='ltr'><strong>Sossios.</strong></span> <span class='ocrx_word' id='word_1_417' title='bbox 549 3806 717 3867; x_wconf 82' lang='lat' dir='ltr'><strong>Malequidam</strong></span> <span class='ocrx_word' id='word_1_418' title='bbox 791 3808 952 3868; x_wconf 78' lang='lat' dir='ltr'><strong>Comprimsre</strong></span> <span class='ocrx_word' id='word_1_419' title='bbox 971 3805 1120 3868; x_wconf 61' lang='lat' dir='ltr'><strong>cremantem]</strong></span> <span class='ocrx_word' id='word_1_420' title='bbox 1149 3804 1188 3853; x_wconf 91' lang='lat' dir='ltr'><strong>Sic</strong></span> <span class='ocrx_word' id='word_1_421' title='bbox 1210 3807 1268 3853; x_wconf 89' lang='lat' dir='ltr'><strong>bene</strong></span> 
     </span>
     <span class='ocr_line' id='line_1_48' title="bbox 199 3868 1267 3931; baseline -0.006 -12"><span class='ocrx_word' id='word_1_422' title='bbox 199 3872 261 3930; x_wconf 86' lang='lat' dir='ltr'><strong>libri,</strong></span> <span class='ocrx_word' id='word_1_423' title='bbox 273 3874 372 3919; x_wconf 80' lang='lat' dir='ltr'><strong>Sestius.</strong></span> <span class='ocrx_word' id='word_1_424' title='bbox 386 3874 459 3921; x_wconf 82' lang='lat' dir='ltr'><strong>lars.</strong></span> <span class='ocrx_word' id='word_1_425' title='bbox 479 3876 562 3922; x_wconf 81' lang='lat' dir='ltr'><strong>Socios</strong></span> <span class='ocrx_word' id='word_1_426' title='bbox 572 3873 627 3930; x_wconf 71' lang='lat' dir='ltr'><strong>MS.</strong></span> <span class='ocrx_word' id='word_1_427' title='bbox 638 3872 717 3919; x_wconf 83' lang='lat' dir='ltr'><strong>Guelf.</strong></span> <span class='ocrx_word' id='word_1_428' title='bbox 751 3871 839 3919; x_wconf 84' lang='lat' dir='ltr'><strong>editum</strong></span> <span class='ocrx_word' id='word_1_429' title='bbox 856 3887 870 3917; x_wconf 86' lang='lat' dir='ltr'><strong>a</strong></span> <span class='ocrx_word' id='word_1_430' title='bbox 888 3869 1011 3918; x_wconf 87' lang='lat' dir='ltr'><strong>Rhenano.</strong></span> <span class='ocrx_word' id='word_1_431' title='bbox 1030 3870 1086 3917; x_wconf 85' lang='lat' dir='ltr'><strong>MS.</strong></span> <span class='ocrx_word' id='word_1_432' title='bbox 1103 3868 1167 3917; x_wconf 87' lang='lat' dir='ltr'><strong>Bud.</strong></span> <span class='ocrx_word' id='word_1_433' title='bbox 1183 3869 1218 3916; x_wconf 89' lang='lat' dir='ltr'><strong>ed.</strong></span> <span class='ocrx_word' id='word_1_434' title='bbox 1233 3884 1267 3931; x_wconf 88' lang='lat' dir='ltr'><strong>pr.</strong></span> 
     </span>
     <span class='ocr_line' id='line_1_49' title="bbox 200 3937 1268 4000; baseline -0.006 -15"><span class='ocrx_word' id='word_1_435' title='bbox 200 3937 237 3985; x_wconf 80' lang='lat' dir='ltr'><strong>etl.</strong></span> <span class='ocrx_word' id='word_1_436' title='bbox 253 3952 290 4000; x_wconf 92' lang='lat' dir='ltr'><strong>pr.</strong></span> <span class='ocrx_word' id='word_1_437' title='bbox 306 3946 437 3999; x_wconf 74' lang='lat' dir='ltr'><strong>ceteraque.</strong></span> <span class='ocrx_word' id='word_1_438' title='bbox 457 3938 528 3989; x_wconf 76' lang='lat' dir='ltr'><strong>Ean.</strong></span> <span class='ocrx_word' id='word_1_439' title='bbox 561 3937 599 3985; x_wconf 87' lang='lat' dir='ltr'><strong>De</strong></span> <span class='ocrx_word' id='word_1_440' title='bbox 615 3939 714 3985; x_wconf 72' lang='lat' dir='ltr'><strong>Sosiae.</strong></span> <span class='ocrx_word' id='word_1_441' title='bbox 751 3938 904 3997; x_wconf 77' lang='lat' dir='ltr'><strong>comprimere</strong></span> <span class='ocrx_word' id='word_1_442' title='bbox 916 3942 1089 3997; x_wconf 80' lang='lat' dir='ltr'><strong>receptantem.-</strong></span> <span class='ocrx_word' id='word_1_443' title='bbox 1108 3942 1192 3981; x_wconf 88' lang='lat' dir='ltr'><strong>temere</strong></span> <span class='ocrx_word' id='word_1_444' title='bbox 1203 3947 1268 3993; x_wconf 88' lang='lat' dir='ltr'><strong>repe-</strong></span> 
     </span>
     <span class='ocr_line' id='line_1_50' title="bbox 199 3996 1267 4062; baseline -0.007 -13"><span class='ocrx_word' id='word_1_445' title='bbox 199 4002 319 4050; x_wconf 78' lang='lat' dir='ltr'><strong>JosAnt.</strong></span> <span class='ocrx_word' id='word_1_446' title='bbox 332 4000 485 4062; x_wconf 56' lang='lat' dir='ltr'><strong>lateran).</strong></span> <span class='ocrx_word' id='word_1_447' title='bbox 498 4013 521 4051; x_wconf 90' lang='lat' dir='ltr'><strong>et</strong></span> <span class='ocrx_word' id='word_1_448' title='bbox 533 4002 718 4062; x_wconf 68' lang='lat' dir='ltr'><strong>Diuturnae</strong></span> <span class='ocrx_word' id='word_1_449' title='bbox 750 4001 794 4048; x_wconf 77' lang='lat' dir='ltr'><strong>tite</strong></span> <span class='ocrx_word' id='word_1_450' title='bbox 812 3999 896 4047; x_wconf 83' lang='lat' dir='ltr'><strong>ultima</strong></span> <span class='ocrx_word' id='word_1_451' title='bbox 910 4000 993 4062; x_wconf 84' lang='lat' dir='ltr'><strong>prioris</strong></span> <span class='ocrx_word' id='word_1_452' title='bbox 1012 4000 1075 4046; x_wconf 89' lang='lat' dir='ltr'><strong>verbi</strong></span> <span class='ocrx_word' id='word_1_453' title='bbox 1092 3998 1191 4061; x_wconf 88' lang='lat' dir='ltr'><strong>syllaba,</strong></span> <span class='ocrx_word' id='word_1_454' title='bbox 1205 3996 1267 4043; x_wconf 91' lang='lat' dir='ltr'><strong>unde</strong></span> 
     </span>
     <span class='ocr_line' id='line_1_51' title="bbox 199 4060 1268 4130; baseline -0.008 -15"><span class='ocrx_word' id='word_1_455' title='bbox 199 4084 221 4115; x_wconf 87' lang='lat' dir='ltr'><strong>a.</strong></span> <span class='ocrx_word' id='word_1_456' title='bbox 234 4067 289 4122; x_wconf 82' lang='grc'><strong>718.</strong></span> <span class='ocrx_word' id='word_1_457' title='bbox 308 4065 355 4113; x_wconf 91' lang='lat' dir='ltr'><strong>Dio</strong></span> <span class='ocrx_word' id='word_1_458' title='bbox 366 4066 472 4113; x_wconf 82' lang='lat' dir='ltr'><strong>Sassiam</strong></span> <span class='ocrx_word' id='word_1_459' title='bbox 484 4076 556 4115; x_wconf 84' lang='lat' dir='ltr'><strong>vocat.</strong></span> <span class='ocrx_word' id='word_1_460' title='bbox 568 4069 618 4130; x_wconf 88' lang='lat' dir='ltr'><strong>Ap.</strong></span> <span class='ocrx_word' id='word_1_461' title='bbox 627 4068 717 4115; x_wconf 73' lang='lat' dir='ltr'><strong>Mutat.</strong></span> <span class='ocrx_word' id='word_1_462' title='bbox 750 4066 838 4113; x_wconf 87' lang='lat' dir='ltr'><strong>factum</strong></span> <span class='ocrx_word' id='word_1_463' title='bbox 850 4080 899 4112; x_wconf 81' lang='lat' dir='ltr'><strong>reos</strong></span> <span class='ocrx_word' id='word_1_464' title='bbox 914 4066 939 4111; x_wconf 92' lang='lat' dir='ltr'><strong>in</strong></span> <span class='ocrx_word' id='word_1_465' title='bbox 950 4066 1001 4112; x_wconf 84' lang='lat' dir='ltr'><strong>aliis</strong></span> <span class='ocrx_word' id='word_1_466' title='bbox 1014 4064 1086 4112; x_wconf 82' lang='lat' dir='ltr'><strong>MSS.</strong></span> <span class='ocrx_word' id='word_1_467' title='bbox 1098 4073 1121 4111; x_wconf 89' lang='lat' dir='ltr'><strong>et</strong></span> <span class='ocrx_word' id='word_1_468' title='bbox 1129 4060 1178 4109; x_wconf 82' lang='lat' dir='ltr'><strong>edd.</strong></span> <span class='ocrx_word' id='word_1_469' title='bbox 1188 4060 1268 4107; x_wconf 88' lang='lat' dir='ltr'><strong>ceteris</strong></span> 
     </span>
     <span class='ocr_line' id='line_1_52' title="bbox 200 4128 984 4193; baseline -0.004 -14"><span class='ocrx_word' id='word_1_470' title='bbox 200 4132 273 4179; x_wconf 88' lang='lat' dir='ltr'><strong>Inscr.</strong></span> <span class='ocrx_word' id='word_1_471' title='bbox 284 4139 300 4177; x_wconf 91' lang='lat' dir='ltr'><strong>t.</strong></span> <span class='ocrx_word' id='word_1_472' title='bbox 314 4131 335 4176; x_wconf 90' lang='lat' dir='ltr'><strong>l.</strong></span> <span class='ocrx_word' id='word_1_473' title='bbox 352 4146 375 4193; x_wconf 89' lang='lat' dir='ltr'><strong>p.</strong></span> <span class='ocrx_word' id='word_1_474' title='bbox 387 4132 441 4178; x_wconf 76' lang='lat'><strong>295.</strong></span> <span class='ocrx_word' id='word_1_475' title='bbox 454 4131 510 4178; x_wconf 88' lang='lat' dir='ltr'><strong>item</strong></span> <span class='ocrx_word' id='word_1_476' title='bbox 521 4133 545 4178; x_wconf 89' lang='lat' dir='ltr'><strong>in</strong></span> <span class='ocrx_word' id='word_1_477' title='bbox 554 4132 657 4179; x_wconf 87' lang='lat' dir='ltr'><strong>nummis</strong></span> <span class='ocrx_word' id='word_1_478' title='bbox 668 4146 717 4178; x_wconf 89' lang='lat' dir='ltr'><strong>me·</strong></span> <span class='ocrx_word' id='word_1_479' title='bbox 751 4139 805 4178; x_wconf 86' lang='lat' dir='ltr'><strong>ante</strong></span> <span class='ocrx_word' id='word_1_480' title='bbox 816 4128 894 4177; x_wconf 85' lang='lat' dir='ltr'><strong>Rhea.</strong></span> <span class='ocrx_word' id='word_1_481' title='bbox 911 4130 984 4177; x_wconf 65' lang='grc' dir='ltr'><strong>ΕΜ.</strong></span> 
     </span>
     <span class='ocr_line' id='line_1_53' title="bbox 197 4190 1266 4256; baseline -0.007 -13"><span class='ocrx_word' id='word_1_482' title='bbox 197 4204 301 4243; x_wconf 86' lang='lat' dir='ltr'><strong>moratur</strong></span> <span class='ocrx_word' id='word_1_483' title='bbox 313 4196 341 4243; x_wconf 81' lang='lat' dir='ltr'><strong>C.</strong></span> <span class='ocrx_word' id='word_1_484' title='bbox 355 4196 443 4243; x_wconf 77' lang='lat' dir='ltr'><strong>Sosius.</strong></span> <span class='ocrx_word' id='word_1_485' title='bbox 475 4196 538 4244; x_wconf 86' lang='lat' dir='ltr'><strong>Bud.</strong></span> <span class='ocrx_word' id='word_1_486' title='bbox 557 4196 587 4243; x_wconf 86' lang='lat' dir='ltr'><strong>G.</strong></span> <span class='ocrx_word' id='word_1_487' title='bbox 600 4198 689 4242; x_wconf 80' lang='lat' dir='ltr'><strong>Sosius.</strong></span> <span class='ocrx_word' id='word_1_488' title='bbox 785 4196 890 4243; x_wconf 82' lang='lat' dir='ltr'><strong>Cestium</strong></span> <span class='ocrx_word' id='word_1_489' title='bbox 902 4194 1014 4256; x_wconf 81' lang='lat' dir='ltr'><strong>Gallum]</strong></span> <span class='ocrx_word' id='word_1_490' title='bbox 1023 4191 1089 4239; x_wconf 88' lang='lat' dir='ltr'><strong>Idem</strong></span> <span class='ocrx_word' id='word_1_491' title='bbox 1098 4190 1266 4239; x_wconf 86' lang='lat' dir='ltr'><strong>Suetonionar-</strong></span> 
     </span>
    </p>

    <p class='ocr_par' dir='ltr' id='par_1_9' title="bbox 200 4256 1268 4387">
     <span class='ocr_line' id='line_1_54' title="bbox 236 4256 1268 4321; baseline -0.007 -15"><span class='ocrx_word' id='word_1_492' title='bbox 236 4262 316 4307; x_wconf 76' lang='lat' dir='ltr'><strong>Victor</strong></span> <span class='ocrx_word' id='word_1_493' title='bbox 331 4260 457 4320; x_wconf 81' lang='lat' dir='ltr'><strong>Arsgustus</strong></span> <span class='ocrx_word' id='word_1_494' title='bbox 475 4260 567 4321; x_wconf 76' lang='lat' dir='ltr'><strong>sanxit]</strong></span> <span class='ocrx_word' id='word_1_495' title='bbox 585 4259 657 4307; x_wconf 86' lang='lat' dir='ltr'><strong>Prisci</strong></span> <span class='ocrx_word' id='word_1_496' title='bbox 672 4260 717 4306; x_wconf 96' lang='grc'><strong>111</strong></span> <span class='ocrx_word' id='word_1_497' title='bbox 750 4268 814 4307; x_wconf 87' lang='lat' dir='ltr'><strong>ratur</strong></span> <span class='ocrx_word' id='word_1_498' title='bbox 822 4259 921 4321; x_wconf 79' lang='lat' dir='ltr'><strong>vespas.</strong></span> <span class='ocrx_word' id='word_1_499' title='bbox 930 4260 953 4305; x_wconf 79' lang='lat'><strong>4.</strong></span> <span class='ocrx_word' id='word_1_500' title='bbox 971 4258 1053 4306; x_wconf 76' lang='lat' dir='ltr'><strong>Jaaat</strong></span> <span class='ocrx_word' id='word_1_501' title='bbox 1064 4256 1214 4311; x_wconf 79' lang='lat' dir='ltr'><strong>rebellarant,</strong></span> <span class='ocrx_word' id='word_1_502' title='bbox 1225 4270 1268 4300; x_wconf 83' lang='lat' dir='ltr'><strong>coe·</strong></span> 
     </span>
     <span class='ocr_line' id='line_1_55' title="bbox 200 4321 1267 4387; baseline -0.002 -20"><span class='ocrx_word' id='word_1_503' title='bbox 200 4332 257 4381; x_wconf 87' lang='lat' dir='ltr'><strong>quot</strong></span> <span class='ocrx_word' id='word_1_504' title='bbox 266 4323 328 4383; x_wconf 88' lang='lat' dir='ltr'><strong>libri,</strong></span> <span class='ocrx_word' id='word_1_505' title='bbox 340 4326 415 4372; x_wconf 81' lang='lat' dir='ltr'><strong>aucit.</strong></span> <span class='ocrx_word' id='word_1_506' title='bbox 434 4324 509 4372; x_wconf 74' lang='lat' dir='ltr'><strong>lars.</strong></span> <span class='ocrx_word' id='word_1_507' title='bbox 543 4322 619 4387; x_wconf 84' lang='lat' dir='ltr'><strong>quue</strong></span> <span class='ocrx_word' id='word_1_508' title='bbox 631 4339 716 4373; x_wconf 82' lang='lat' dir='ltr'><strong>verum.</strong></span> <span class='ocrx_word' id='word_1_509' title='bbox 748 4323 1183 4387; x_wconf 69' lang='lat' dir='ltr'><strong>soquer’rapasas,1.agaraminsuper</strong></span> <span class='ocrx_word' id='word_1_510' title='bbox 1189 4321 1267 4381; x_wconf 66' lang='lat' dir='ltr'><strong>Syria</strong></span> 
     </span>
    </p>
   </div>
   <div class='ocr_carea' id='block_1_7' title="bbox 0 0 1534 4975">
    <p class='ocr_par' dir='ltr' id='par_1_10' title="bbox 0 0 1534 4975">
     <span class='ocr_line' id='line_1_56' title="bbox 0 0 1534 4975; baseline 0 1"><span class='ocrx_word' id='word_1_511' title='bbox 0 0 1534 4975; x_wconf 95' lang='lat' dir='ltr'><strong> </strong></span> 
     </span>
    </p>
   </div>
  </div>
 </body>
</html>
