3059 4975
470 599 523 690 C.
547 596 831 690 CORNELII
865 595 1065 690 TACITI

399 823 1139 930 HISTORIARUM

541 1045 706 1120 utone
739 1045 993 1136 QUINTUS,
1075 1119 1080 1128 .

687 1242 855 1274 »0-

565 1387 840 1446 BREVIARIUM
860 1387 987 1447 LIBRI.

136 1581 138 1586 .
239 1529 312 1605 Gap.
328 1533 353 1586 l.
392 1526 514 1586 Interim
535 1525 619 1584 Titus
640 1546 708 1584 cum
721 1525 819 1583 valido
838 1517 973 1584 exercitu
991 1544 1084 1603 prope
1099 1525 1306 1606 Hierosolyma

276 1619 372 1666 castra
384 1606 465 1664 facit.
506 1609 591 1666 2-5.
612 1607 631 1662 J
635 1604 747 1664 udaicae
761 1604 857 1681 gentis
871 1602 1039 1681 primordia,
1052 1623 1146 1673 sacra,
1160 1605 1305 1678 institute,

277 1685 374 1764 deque
388 1685 423 1744 iis
444 1683 572 1760 maligna
592 1684 781 1762 profanorum
792 1683 913 1760 judicia.
947 1686 975 1742 6.
989 1684 1016 1745 7.
1038 1682 1205 1760 Descriptio
1219 1696 1306 1746 terrae

275 1763 443 1842 finiumque,
463 1761 595 1831 balsami,
614 1762 731 1832 Libani,
744 1764 763 1819 J
765 1762 891 1829 ordanis‚
904 1761 987 1820 lacus
1000 1761 1133 1820 bitumen
1147 1764 1305 1838 egerentis,

280 1862 450 1918 camporum
461 1841 647 1910 torridorum,
658 1841 809 1900 fructuum
822 1841 851 1896 in
863 1840 991 1898 cinerem
1000 1841 1232 1911 vanescentium,
1240 1841 1306 1900 Beli

279 1922 381 1990 amnis,
404 1921 485 1996 cujus
502 1937 598 1976 arenae
611 1920 686 1977 vitro
705 1919 904 1976 inservientes.
943 1922 972 1978 8.
997 1918 1204 1996 Hierosolyma
1223 1921 1306 1996 genti

277 2010 376 2077 caput.
403 2001 547 2057 Inmensae
558 1997 714 2074 opulentiae
726 1996 880 2074 templum.
910 1999 929 2054 J
931 1997 1079 2054 udaeorum
1091 1998 1145 2054 sub
1159 1997 1223 2054 aliis
1232 2018 1307 2075 gen·

278 2080 355 2136 tibus
368 2089 398 2135 et
408 2079 467 2134 suis
479 2076 611 2152 Regibus
625 2076 706 2146 fata3
728 2082 754 2138 9.
769 2075 849 2133 varia
858 2093 922 2133 sors
933 2077 987 2133 sub
999 2074 1148 2133 Romanis.
1181 2081 1306 2136 10-12.

277 2157 394 2216 Bellum
407 2157 461 2214 sub
477 2154 582 2213 Gessio
597 2155 683 2212 Floro
693 2157 887 2214 Procuratore
897 2166 1003 2214 ortum.
1036 2154 1123 2212 Titus
1135 2155 1266 2224 Jndaeos,
1276 2155 1307 2214 in

278 2237 380 2294 urbem
390 2233 565 2311 compulsos
577 2233 700 2294 obsidet.
727 2232 1000 2311 Hierosolymorum
1010 2231 1194 2304 munitiones,
1204 2235 1306 2312 copiae,

280 2315 391 2374 Duces.
434 2317 480 2373 13,
501 2312 639 2390 Prodigia
653 2324 721 2371 ante
735 2311 890 2370 obsidium.

250 2425 252 2432 ⁴
320 2397 364 2452 14.
384 2391 503 2449 Interea
512 2390 621 2461 Civilis,
632 2402 768 2468 reparato
782 2409 835 2466 per
843 2389 1031 2449 Germaniam
1042 2389 1185 2460 exercitu,
1195 2390 1306 2449 bellum

245 2477 246 2484 ’
278 2481 407 2531 renovat.
458 2476 503 2531 15.
534 2467 658 2529 Manum
679 2471 807 2529 conserit
834 2489 902 2528 cum
922 2469 1051 2540 Ceriale,
1068 2469 1137 2527 satis
1157 2490 1308 2548 prospere.

279 2552 423 2629 Uterque,
438 2551 476 2609 ad
490 2550 692 2609 maturandum
703 2569 823 2607 summre
835 2549 877 2605 rei
890 2548 1048 2608 discrimen
1062 2560 1188 2618 erectus,
1202 2554 1248 2611 16.
1262 2552 1310 2615 17.

278 2631 373 2688 aciem
387 2628 513 2697 instruit,
527 2646 595 2685 suos
606 2628 784 2705 adloquitur.
820 2630 866 2687 18.
886 2626 933 2686 Fit
945 2638 1030 2686 atrox
1043 2646 1152 2706 pugna,
1164 2648 1232 2705 qua,
1241 2649 1309 2706 pro·

278 2709 389 2767 ditione
399 2707 553 2783 cujusdam
568 2706 680 2774 Batavi,
692 2706 830 2765 Germani
843 2705 1008 2767 vincuntur.
1038 2710 1082 2768 19.
1096 2710 1146 2765 20.
1159 2708 1268 2775 Civilis,
1278 2708 1309 2765 in

279 2788 457 2845 Batavorum
471 2783 593 2842 insulam
607 2796 815 2862 transgressus,
828 2785 962 2861 praesidia
975 2785 1174 2843 Romanorum
1187 2786 1309 2855 invadit,

281 2866 406 2931 Verace,
422 2863 563 2929 Classico,
581 2864 692 2920 Tutore
710 2862 855 2920 suffultus.
894 2866 943 2922 2l.
965 2863 1148 2940 Ambiguum
1166 2864 1313 2942 proelium.

283 2941 425 3001 Subvenit
446 2940 567 2999 Cerialis
587 2940 794 3019 fortunamque
810 2940 912 3008 vertit3
933 2944 983 3000 22.
1001 2951 1033 2999 et
1049 2960 1153 3018 parum
1170 2943 1310 3019 providus

235 3028 239 3033 “
280 3022 373 3079 ferme
391 3019 573 3098 opprimitur.
612 3022 661 3079 23.
682 3020 781 3077 Civilis
797 3018 931 3077 navalem
947 3018 1040 3077 aciem
1061 3029 1200 3090 ostentat,
1220 3022 1275 3079 sed
1292 3040 1312 3081 a

283 3100 397 3159 Ceriale
411 3109 490 3156 trans
505 3098 642 3157 Rhenum
655 3098 784 3176 pellitur.
816 3098 884 3167 Hic,
893 3097 1016 3156 insulam
1026 3098 1203 3156 Batavorum
1216 3118 1311 3177 popu·

281 3179 369 3246 laton,
390 3176 545 3255 superfuso
566 3196 661 3246 amne,
682 3196 790 3235 novum
810 3176 966 3235 discrimen
987 3176 1060 3235 adit.
1100 3179 1149 3238 24.
1163 3181 1211 3237 25.
1232 3178 1311 3237 Turn

237 3318 239 3325 ,
281 3257 409 3315 hostium
423 3256 534 3314 animos
549 3255 673 3313 occultis
686 3255 796 3313 nuntiis
808 3254 979 3315 labefactat.
1018 3258 1067 3318 26.
1087 3256 1197 3328 Civilis,
1215 3258 1311 3336 petito

280 3334 439 3414 colloquio,
452 3334 491 3393 ad
504 3332 683 3393 deditionem
696 3352 729 3392 se
742 3353 868 3413 pronum
881 3334 1044 3413 profitetur.

287 3496 315 3559 1.
339 3492 501 3557 Erusnurr
516 3491 589 3557 anni
609 3490 760 3578 principio
776 3491 882 3555 Caesar
896 3490 1001 3571 Titus,
1016 3490 1237 3579 perdomandae
1251 3494 1275 3557 J
1276 3515 1312 3558 u·

244 3580 321 3645 daeae
335 3578 473 3643 delectus
485 3601 505 3643 a
522 3591 620 3665 patre,
637 3590 669 3643 et
688 3576 826 3665 praelatis
839 3576 1002 3664 utriusque
1020 3577 1114 3643 rebus
1126 3576 1237 3643 militia
1249 3579 1313 3645 cla·

276 3752 388 3801 Parnm.
409 3751 501 3799 rurae
518 3751 631 3815 aenens]
660 3746 706 3797 un
723 3765 758 3813 pr.
830 3750 942 3798 Priora
957 3752 1093 3816 areaque]
1116 3750 1219 3800 emtam
1234 3742 1314 3801 retro.

245 3817 372 3877 delegatur.
404 3815 483 3862 Immo
493 3815 515 3863 ei
524 3814 602 3879 potius
611 3814 698 3863 Jndaea
707 3830 761 3879 per·
797 3830 852 3862 nem
867 3829 972 3863 censeam
990 3823 1014 3863 et
1027 3816 1171 3877 sententiam,
1184 3818 1272 3882 absque
1282 3818 1313 3865 li·

244 3878 361 3929 domanda
368 3878 487 3940 delegem
499 3878 760 3943 quaphrrsisapeSue·
797 3879 844 3927 bris
859 3878 903 3927 rit:
920 3880 963 3944 qui
978 3894 1089 3929 eonsensn
1104 3895 1193 3941 omnes,
1202 3885 1314 3945 pretiatis

243 3944 322 3993 tonius
337 3944 418 3994 utitur·
451 3942 564 3991 ›eetaum
581 3959 642 4007 sepe
660 3951 761 3992 tentatus
797 3946 937 4006 nartmques
955 3953 1004 4005 aut,
1051 3948 1124 3993 aare.
1152 3946 1214 4009 Ego,
1228 3962 1313 4012 qnam·

244 4022 298 4057 eum
313 4008 423 4071 corrigere
439 4008 542 4055 relictui.
579 4007 644 4055 Nam
659 4008 761 4071 profecto
797 4024 869 4073 quam
879 4008 990 4070 intentur,
1040 4009 1135 4059 'elicio
1147 4011 1223 4059 Irrrs.
1242 4013 1314 4059 Proe·

245 4076 341 4123 rerbum
352 4071 570 4121 delecturnorrsatis
577 4070 761 4137 dignumIrnpe·
798 4072 925 4121 ametor.
936 4073 960 4120 A
990 4074 1045 4123 .ed.
1056 4091 1092 4141 pr.
1121 4076 1237 4124 Prelr'atr'r
1246 4074 1312 4122 Bud.

245 4136 326 4186 rororis
341 4137 390 4185 filio
408 4145 449 4187 sut
464 4145 546 4200 aptum
562 4135 659 4186 ridetur.
698 4137 762 4187 Gon·
799 4138 940 4186 Proelimtir
981 4138 1036 4187 udf.
1051 4140 1088 4189 ed.
1110 4140 1167 4188 rut.
1184 4138 1240 4185 Ber.
1256 4136 1312 4187 Alc.

246 4202 314 4250 sendt
325 4202 420 4249 Sueten.
439 4202 488 4251 Tit.
499 4203 522 4247 t.
540 4200 582 4265 qui
596 4216 650 4249 eum
666 4202 761 4264 adper-
799 4201 1315 4261 Privatamoerroetinnenhnnntsuma

246 4266 614 4315 dmnmdamJudaeamreltctam
619 4264 687 4313 diota
700 4264 763 4330 quod
798 4265 942 4326 exusta
953 4270 994 4316 Fr.
1003 4267 1239 4329 eatam-pravam
1249 4266 1313 4313 utri-

245 4339 351 4379 enostro
367 4340 471 4379 sumtum
486 4330 585 4381 ridetur.
616 4331 650 4378 Et
667 4330 764 4379 Tacitus
798 4333 1099 4393 mqscreturascton'tnre
1104 4331 1249 4395 pecuniaque
1268 4331 1313 4378 Ve-

245 4409 266 4442 c.
278 4394 315 4442 1⁰.
325 4397 398 4443 stand
406 4410 501 4443 manere
511 4396 576 4456 apud
589 4396 706 4445 coercitas
720 4396 764 4445 Tl-
798 4398 1047 4457 marmaniam.
1055 4396 1127 4444 Eun.
1135 4392 1268 4444 Lectionem
1274 4408 1314 4442 co-

245 4461 423 4517 rum-utilius
435 4462 564 4509 aldebaran
583 4459 654 4509 Eur.
798 4459 877 4507 dicum
884 4459 1315 4523 rindlcmtBipdeguntqueproelctin·
