3059 4975
410 229 466 290 DE
487 223 950 294 MORIBUS'GERMANIAE.
980 224 1134 290 caum.
1244 225 1307 298 393
1407 255 1410 260 .

245 389 363 468 uolunt,
464 413 504 458 ue
513 389 698 454 intervenire
708 388 983 465 rebushominum,
994 385 1098 459 invehi
1150 385 1244 473 pulis,
1258 407 1326 451 ar-.

245 472 410 538 bitra'ntur.
462 473 553 538 'stin
571 473 674 538 insula
691 472 809 540 Oceani
825 487 946 537 uastum
965 493 1085 548 nemus,
1105 407 1244 537 iicetum
1268 493 1308 534 ue

244 557 278 620 in
300 582 337 622 eo
360 557 548 636 vehiculum,
569 571 654 621 veste
675 570 869 622 contectum:
891 556 1051 642 adtingere
1069 555 1125 618 uni
1145 493 1306 619 Sauertioti

247 661 432 708 concessum.
478 645 511 706 Is
531 642 636 706 edesse
656 640 807 726 penetrali
829 643 932 710 Deam
947 639 1103 724 intelligit,
1127 651 1310 724 vectamque

245 727 350 792 bubus
363 726 673 792 femiuismultacum
683 724 879 790 veneratione
888 723 1098 810 prosequitur.
1137 723 1220 788 Laeti
1235 738 1310 787 tunc

245 809 323 888 dice,
335 811 424 875 'festa
444 810 522 888 loca,
545 831 741 896 quaeeunque
762 809 899 874 adventu
929 808 1124 894 hospitioque
1148 807 1308 894 dignatur.

246 895 321 958 Non
334 895 415 960 bella
427 895 547 973 ineunt,
557 902 621 962 nou
635 917 722 958 arma
736 907 884 968 sumunt;
907 892 1047 968 clausum
1062 915 1155 955 omne
1167 893 1307 963 ferrumr,

246 998 310 1064 pax
323 991 354 1044 et
365 978 453 1065 quies
463 993 538 1044 tuno
548 991 671 1044 tantum
684 991 768 1058 nota,
779 992 855 1042 tuno
863 991 987 1042 tautum
996 989 1108 1053 amata,
1120 976 1219 1040 donec
1226 975 1311 1049 idem

249 1064 397 1128 Sacerdos
411 1064 551 1128 uticum
564 1064 798 1129 conversatione
803 1063 981 1128 mortalium
995 1063 1097 1126 Deam
1112 1059 1228 1146 templo
1240 1056 1311 1122 'red-

244 1146 319 1212 dat:
343 1171 416 1212 mox
431 1147 608 1213 vehiculum
622 1162 653 1213 et
667 1161 775 1222 vestes
788 1158 832 1227 et,
845 1147 872 1217 si
885 1147 1010 1212 credere
1019 1146 1106 1224 velis,
1122 1147 1249 1209 Numen
1261 1144 1310 1231 ip-

248 1410 332 1459 volunt
342 1413 446 1462 Hortum
457 1413 494 1462 vel
503 1415 632 1465 ,Hirtium
648 1412 761 1462 feminino
794 1412 921 1467 sanctitate,
933 1411 973 1459 sed
988 1427 1034 1460 non
1046 1427 1080 1467 ea,
1090 1426 1144 1474 qua
1160 1418 1196 1458 eat
1209 1424 1314 1460 anense-

250 1490 340 1538 gencre,
351 1492 399 1540 quo
409 1477 505 1542 postde
515 1478 563 1534 hoc¹
570 1477 675 1526 Numine
684 1478 761 1541 loqui·
793 1477 894 1526 cratim
914 1475 1000 1538 aliqua,
1016 1475 1056 1522 sed
1074 1490 1128 1539 quae
1142 1475 1173 1521 ab
1188 1473 1267 1522 animo
1288 1481 1312 1521 et

251 1548 290 1585 tur
301 1537 408 1600 Tacitus,
420 1541 497 1588 Deam
512 1543 571 1590 clare
582 1541 683 1589 faciens:
701 1541 764 1604 quod
796 1541 844 1588 vita
849 1539 949 1587 hominis
957 1540 1034 1588 venit:
1046 1540 1109 1586 unde
1120 1540 1179 1584 aaut
1190 1552 1313 1600 opponun-

251 1616 332 1650 verum
342 1613 408 1666 puto.
439 1605 553 1653 Elsnerus
569 1614 645 1652 autem
657 1604 682 1652 in
693 1607 766 1654 Com·
796 1614 834 1652 tur
844 1603 966 1663 sceleratis,
977 1603 1046 1666 culpa
1060 1604 1140 1665 dmua
1150 1617 1192 1649 sua
1202 1601 1314 1650 aliorum-

249 1676 321 1715 ment.
330 1667 398 1716 cita.
407 1667 764 1733 1747.p10banshancf0rmam‚
796 1685 824 1716 ve
839 1668 944 1731 pollutis,
959 1670 1001 1731 qni
1019 1676 1043 1715 et
1061 1666 1141 1714 incesti
1158 1665 1276 1725 dicuntur,
1288 1674 1314 1712 et

250 1739 320 1792 negat
336 1746 380 1793 pro
400 1732 560 1780 terminatione
581 1732 704 1780 accusativi
722 1733 765 1780 ba·
797 1740 861 1779 cortu
880 1740 934 1779 sunt
949 1749 1016 1796 pura,
1035 1731 1102 1778 nulla
1120 1745 1146 1776 re
1161 1729 1252 1792 polluta
1272 1735 1314 1775 aut

250 1792 349 1840 bendam
361 1795 469 1844 ultimam
480 1795 651 1859 syllabamsed
662 1812 766 1857 essever-
796 1805 909 1858 corrupta.
943 1797 1028 1858 Igitur,
1043 1805 1070 1842 ut
1085 1794 1152 1852 silva,
1169 1808 1216 1849 non
1233 1807 1314 1840 eonse-

250 1857 309 1903 bum
334 1859 499 1908 Germanicum
525 1860 686 1908 indeclinabile
714 1863 765 1909 Er·
796 1869 858 1908 mata
873 1860 935 1919 Diis,
952 1874 999 1906 non
1011 1859 1092 1906 statim
1107 1857 1256 1916 incesta,.sic
1269 1871 1317 1906 nec

250 1921 329 1968 durum
339 1921 354 1968 i.
364 1938 385 1970 e.
401 1926 538 1984 Erdumma
552 1939 581 1972 ex
592 1925 655 1983 Erd,
665 1933 768 1984 terrant
796 1939 832 1984 ea,
843 1940 897 1987 quar
911 1932 1040 1972 consecrata
1050 1923 1087 1979 sit,
1099 1920 1190 1984 proprie
1201 1927 1265 1967 curta
1277 1919 1314 1965 di·

250 1983 434 2045 Ammoniatai,
456 1988 535 2036 nutrix
557 1987 671 2050 (Hesych.
693 1989 766 2048 ἅμμα,
796 1987 871 2035 citur:
887 1996 911 2036 et
926 2003 988 2048 aqua
1002 1994 1066 2034 curto
1079 2000 1127 2033 nou
1138 1994 1172 2032 est
1188 1999 1259 2044 sacra,
1273 1982 1314 2030 sed

250 2049 333 2120 μῆῖηρ,
342 2052 430 2111 τροφὸς,
442 2053 483 2098 ubi
494 2068 515 2101 v-
527 2053 584 2100 Iutt.
597 2061 619 2100 et
630 2051 654 2098 iu
666 2051 765 2112 ἄμμοις),
795 2068 863 2114 pura,
874 2068 927 2114 quae
937 2051 1005 2099 sacris
1015 2049 1119 2097 adhiberi
1127 2049 1208 2111 possit,
1214 2057 1241 2095 ut
1251 2050 1315 2093 ince-

251 2125 306 2172 quia
317 2113 414 2162 Tacitus
430 2115 592 2177 interpretatur
608 2121 765 2164 tetrameter.
796 2122 833 2163 rto
844 2127 931 2174 uonna,
942 2131 996 2178 quae
1005 2129 1052 2162 non
1062 2114 1141 2177 possit,
1150 2112 1249 2175 impura.
1267 2111 1314 2158 Po-

251 2173 343 2247 lllirum
354 2188 396 2242 est,
412 2179 460 2227 viro
474 2179 584 2241 elegantis
598 2179 707 2227 doctrina
722 2179 766 2230 hoc
796 2179 841 2226 tuit
857 2189 935 2226 tamen
950 2179 1009 2240 fieri,
1025 2187 1060 2236 ut,
1078 2177 1134 2240 quia
1150 2192 1215 2224 sacra
1230 2175 1315 2223 debem

251 2250 372 2288 inventum
386 2242 443 2292 adeo
453 2243 571 2306 placuisse
605 2243 669 2290 Nam
680 2243 764 2304 primo,
796 2251 856 2290 caste
866 2243 919 2302 ooli,
930 2252 992 2290 casta
1002 2241 1095 2300 servari,
1106 2241 1131 2288 id
1137 2243 1233 2288 verbum
1244 2239 1314 2287 etiam

252 2301 348 2352 Tacitus
371 2321 461 2369 semper
486 2307 561 2356 verbis
579 2307 680 2356 barbaris
699 2307 765 2356 Lati-
796 2322 850 2355 cum
865 2307 937 2355 altero
951 2307 993 2355 illo
1007 2313 1183 2370 permutaretur.
1216 2304 1242 2352 Si
1256 2302 1314 2367 quid

250 2378 305 2420 uam
322 2367 421 2417 formem
436 2370 519 2429 induit,
532 2381 559 2418 ut
575 2385 654 2418 omnes
670 2372 765 2434 scripto.
797 2379 875 2418 tamen
892 2369 1038 2430 tentandum,
1057 2370 1149 2433 pronior
1163 2369 1207 2416 sim
1219 2367 1250 2414 ad
1266 2383 1315 2416 crc-

250 2444 286 2478 res
305 2432 419 2495 elegantes
435 2435 522 2482 fenera:
547 2435 629 2482 deinde
648 2437 765 2483 Erdorum
796 2430 908 2494 tiendum,
919 2435 1083 2498 huncquoque
1094 2448 1173 2481 vocem
1186 2432 1315 2495 emaigine

250 2508 280 2541 ex
300 2498 406 2560 analogia
425 2500 512 2562 lingua
534 2500 616 2559 Germ,
640 2515 687 2547 nou
708 2510 766 2549 esset
797 2498 821 2545 in
838 2497 1042 2548 textumvenisse:
1061 2514 1117 2545 nam
1132 2496 1234 2559 profecto
1250 2512 1315 2546 com,

251 2563 316 2606 terra
338 2569 422 2619 muter,
446 2564 487 2617 sed
510 2571 579 2611 turne
606 2572 697 2611 ututur:
726 2564 766 2612 de·
796 2563 865 2610 mode
875 2564 982 2611 abfuerit.
1015 2562 1082 2621 Quid
1092 2560 1315 2609 occanoneminter-

226 2678 228 2685 s
249 2622 320 2686 nique
338 2625 434 2673 Tacitus
460 2634 548 2674 terrum
573 2635 673 2675 matrem
695 2628 765 2675 iuter·
780 2646 783 2651 ·
796 2627 907 2689 polatioui
917 2628 971 2675 dare
982 2626 1090 2689 potuerit,
1101 2625 1189 2674 dictum
1198 2626 1229 2672 ad
1239 2640 1259 2672 a
1271 2627 1312 2673 39.

249 2696 360 2747 pretatur,
377 2706 440 2738 more
459 2692 557 2753 loquens
580 2692 696 2749 Romano,
718 2706 765 2739 non
797 2690 868 2737 Euri.
893 2691 939 2739 Ed.
951 2688 1314 2736 Rom-habetcustumsineuc-

249 2751 377 2799 subtilitate
394 2755 544 2815 grammatica
562 2770 619 2802 usus
634 2764 656 2801 et
676 2764 764 2817 etymo·
797 2770 856 2801 mus.
874 2755 932 2801 Nor.
949 2760 1040 2800 castum
1055 2768 1145 2800 reomau.
1180 2752 1249 2800 Clnv.
1263 2752 1315 2801 vuit

250 2808 529 2875 logiamsecutusbun.
552 2820 672 2865 Nerthum
680 2818 766 2867 habent
796 2817 1232 2866 sacrum.Freinsh.etConr.uualurru
1244 2816 1315 2863 Albi-

252 2877 409 2927 eternus.
429 2880 531 2927 Humm.
548 2890 571 2928 et
581 2882 616 2928 ed
628 2882 698 2929 Rom.
717 2882 765 2931 Ta·
795 2881 975 2929 nusiuMeiasn.
993 2880 1313 2939 Laud-Chronickvurstum‚

251 2938 324 2987 citum
335 2942 448 3006 scripsisse
460 2946 580 2992 Hirtium
591 2946 627 2993 vel
643 2947 763 3005 sbi-tham,
796 2945 933 3008 undeforst‚
946 2945 1091 3007 satisinepte.
1113 2944 1314 3005 Copulamiudi-

252 3002 378 3053 admodum
394 3017 428 3055 est
439 3008 568 3056 verisimile.
601 3010 698 3057 Terram
715 3024 765 3057 ma-
795 3016 925 3070 cetumque,
945 3008 1055 3056 omissam
1071 3023 1086 3055 a
1103 3007 1192 3069 Iaipsio,
1214 3008 1315 3056 restituit

252 3076 311 3115 trem
328 3080 387 3119 certe
403 3071 509 3119 feminini
522 3072 611 3134 generis
629 3073 765 3122 admittebat
797 3072 905 3121 Pichena.
931 3072 1030 3121 Habent
1045 3086 1097 3119 eam
1112 3072 1150 3119 ed.
1166 3073 1237 3120 Rom.
1254 3072 1314 3128 Nor,

252 3132 410 3181 terminatione
428 3150 536 3198 congrua.
568 3138 619 3185 Nec
635 3138 716 3185 dubito
732 3138 765 3187 sic
797 3137 867 3185 Put·
1108 3171 1111 3176 ·
1309 3144 1313 3151 '

221 3226 222 3230 ,
251 3208 367 3257 reponere,
394 3200 538 3247 consentiunt
565 3201 687 3257 Brennus,
716 3201 765 3249 La-
828 3201 1313 3267 Adessepcuelruli1Perpenetraleipsum

171 3282 172 3289 κ
252 3260 344 3320 carnus,
366 3263 413 3309 alii.
455 3264 587 3312 Gebaverus
603 3265 619 3313 l.
635 3281 654 3313 c.
669 3282 692 3328 p.
709 3268 764 3315 899.
796 3267 1000 3317 vehiculumveste
1015 3276 1145 3315 contectum
1160 3266 1267 3329 intelligi,
1278 3267 1315 3315 fa·

250 3326 333 3398 probat
348 3325 424 3373 Coleii
440 3328 602 3389 conjecturam,
614 3330 656 3393 qui
670 3329 700 3376 ad
717 3330 764 3393 pri-
795 3330 838 3378 uile
853 3332 928 3397 liquet
941 3332 1075 3379 attendenti.
1099 3331 1162 3379 Mox
1181 3331 1237 3377 MS.
1253 3332 1312 3379 Tur.

250 3400 295 3462 tuae
314 3389 408 3451 lingua.
426 3390 560 3439 Teutonicae
582 3393 764 3443 terminationem
796 3396 1123 3444 manutenementum.

250 3453 396 3525 spnbeudum
412 3458 595 3517 putatErtbua.
626 3458 765 3521 Bip.conji-
831 3456 1222 3523 Quacuuqruuduentuetu1·00d.
1232 3459 1313 3523 Kapp.

249 3518 472 3591 ciuntAErtlicunne
487 3532 680 3581 aeuuue‚mater
695 3538 712 3569 a
725 3538 765 3585 ge·
796 3525 824 3576 (a
845 3524 880 3571 ed.
897 3524 968 3585 Nor.)
990 3538 1163 3585 quemcunque.-
1186 3524 1249 3585 quod
1265 3539 1313 3571 nou

251 3588 334 3628 uetur.
357 3632 360 3639 ,
566 3596 569 3603 ’
796 3602 909 3649 spernam
943 3588 991 3635 Pro
1001 3590 1104 3635 adventu
1115 3586 1243 3634 Rhenanus
1259 3600 1314 3636 oon·

282 3646 315 3691 Iu
330 3648 408 3694 insilia
427 3649 526 3713 Oceani]
554 3650 631 3697 Kreus
652 3648 677 3695 in
695 3649 763 3712 Orig.
793 3650 1010 3711 jiciebataduectur
1027 3652 1095 3699 male·
1109 3650 1140 3698 V.
1152 3651 1182 3697 ad
1193 3650 1227 3697 H.
1239 3654 1315 3712 4,84.

251 3706 378 3757 Mansfeld.
390 3712 477 3761 selectis
485 3713 553 3775 capit.
567 3714 634 3787 plll.
642 3713 679 3759 vel
686 3714 765 3762 delen·
797 3714 835 3774 Ile
846 3715 1012 3779 laslnplpDeoe
1022 3715 1069 3762 b.l.
1081 3730 1164 3775 sermo,
1176 3715 1218 3778 qui
1226 3725 1260 3764 est
1270 3719 1313 3763 ad·
1386 3735 1388 3737 ’

249 3772 305 3821 dam
316 3788 392 3821 vocem
409 3778 496 3823 Oceani
506 3778 618 3840 precipit,
633 3776 670 3824 vel
686 3778 765 3841 legen-
796 3785 886 3827 ventur.
902 3780 975 3827 Euri.
994 3782 1159 3841 Quemcunque
1169 3780 1226 3828 MS.
1238 3782 1316 3844 Long-

250 3836 521 3893 dumlnriluaBucent.
550 3840 629 3901 Hujus
640 3840 705 3889 silvae
715 3857 764 3889 me·
796 3843 865 3890 eted.
877 3843 949 3890 Rom.

250 3901 320 3950 minit
335 3902 412 3949 Oaesar
427 3905 457 3951 B.
474 3905 504 3951 G.
524 3905 548 3963 6,
566 3906 604 3953 lt.
620 3904 764 3969 crediturque
832 3909 928 3970 Templo
947 3908 1042 3971 reddat]
1064 3908 1080 3954 i.
1098 3923 1117 3956 e.
1136 3924 1199 3957 sacro
1218 3907 1314 3955 nemori.

250 3980 303 4039 pare
313 3964 382 4039 fuisse
393 3968 521 4031 Hercyniae.
538 3968 590 4017 Alii
599 3968 700 4015 insulam
711 3970 764 4017 Ru·
797 3970 887 4019 Izatinis
901 3974 1013 4033 templum
1029 3971 1104 4019 omnis
1118 3974 1181 4020 locus
1192 3986 1261 4018 sacen
1278 3971 1313 4019 V.

248 4042 312 4092 giam
324 4028 362 4076 hic
372 4031 511 4093 intelligunt.
794 4034 857 4083 dicta
865 4035 890 4081 in
898 4035 970 4084 clave
981 4036 1052 4083 Cicer.
1062 4037 1147 4084 inbv.
1164 4036 1203 4084 Sic
1212 4043 1236 4081 ct
1244 4036 1314 4086 Gra·

283 4094 382 4141 Castum
400 4097 494 4159 nemius]
520 4096 622 4147 Tentant
638 4096 680 4144 viri
702 4096 763 4145 docti
795 4098 898 4166 cislego‘a.
924 4100 1149 4156 ‘Aliudaerbaaada
1165 4098 1238 4145 Eun.

247 4170 342 4203 socrum
352 4156 389 4213 vel
401 4166 499 4219 uastum.
532 4160 656 4209 Senserunt
666 4161 763 4220 aulica·
828 4166 928 4210 Numen
944 4166 1033 4225 trusum]
1051 4164 1148 4212 Frustra
1157 4163 1272 4211 Elsnerus
1282 4162 1311 4211 de
1402 4214 1405 4221 ,

248 4226 312 4267 stum
322 4222 430 4271 nonsatis
440 4224 588 4271 commodum
600 4224 716 4287 epitheton
728 4241 764 4273 es·
794 4219 916 4276 mmulacro
934 4227 993 4277 Deae
1008 4227 1048 4274 hic
1060 4225 1159 4289 cogitare
1177 4242 1219 4274 nos
1231 4228 1311 4287 ¹jubet,

246 4298 279 4371 εξ.
313 4284 376 4359 illam
388 4294 464 4337 castris
471 4288 554 4336 dicitur
563 4288 621 4337 illud
629 4288 723 4351 quidem
735 4288 764 4338 de
793 4291 864 4357 idque
872 4292 961 4360 credere
972 4291 1072 4357 lapidum
1084 4292 1191 4353 nigrum,
1201 4290 1271 4371 quale
1279 4291 1312 4340 si-
