3059 4975
241 298 274 340 x.
290 303 314 340 ο.
328 284 392 356 rt]
634 285 715 344 nra.
737 285 774 342 v.
795 283 887 342 car.
906 288 936 344 r.
1257 288 1314 346 aar

238 469 413 532 congruens
430 447 552 512 videtur
566 449 735 535 primordia
754 451 824 535 ejus
842 449 972 535 aperire.
1017 455 1039 488 “
1055 449 1077 510 J
1079 446 1198 525 udaeoS,
1214 451 1308 512 Creta

240 531 340 596 insula
349 533 510 619 profuoos,
522 535 686 599 norissima
698 535 811 621 Libyae
823 534 1000 609 insedisse,”
1013 547 1195 611 memorant,
1212 542 1234 572 “
1245 557 1311 619 qua

242 630 423 704 tempestate
443 585 610 697 Saturnus,
631 621 663 682 vi
680 621 771 682 Jovis
791 619 914 705 pulsae,
932 621 1058 684 cesserit
1080 619 1184 705 regnis
1191 621 1219 688 1'?
1243 624 1308 697 (ar-

240 716 424 788 gumentum
449 728 473 788 cf
493 706 616 768 nomine
641 707 776 790 petitur:
811 704 1006 792 “inclytum
1033 707 1068 769 in
1093 708 1188 769 Creta
1212 706 1306 770 Idam

239 803 386 867 montem,
415 789 538 854 adcolas
561 790 682 863 Idaeos;
720 804 812 854 aucto
834 790 868 853 in
896 791 1065 854 barbarum
1088 806 1304 875 cognomento,

239 874 371 939 Judaeos
392 875 520 940 vocitari
530 877 572 959 :'')
599 875 739 961 quidam,
766 884 840 939 “re
883 890 955 957 ante
977 875 1069 954 lside,
1092 877 1304 942 exundantem

238 983 294 1045 per
307 962 488 1048 AEgyptum
510 960 754 1037 multitudinem,
768 962 844 1024 duci
866 984 904 1025 us
919 961 1138 1048 Hierosolymo
1152 985 1188 1025 ac
1201 964 1302 1042 duda,

238 1047 396 1131 pmximas
424 1046 456 1110 in
485 1059 580 1110 terras
608 1061 805 1110 exoneratam
819 1049 851 1111 :''
885 1046 963 1133 pleri
987 1069 1037 1125 ue,
1069 1055 1090 1086 ‘⁴
1112 1047 1304 1135 AEthiopum

238 1131 368 1216 prolem,
383 1153 463 1218 quos
477 1131 567 1218 Rege
582 1132 710 1218 Cepheo
724 1147 827 1196 metus
840 1144 935 1217 atque
949 1071 1056 1198 odium
1075 1144 1197 1196 mutare
1216 1135 1303 1198 sedes

280 1217 437 1303 rpulerit.''
482 1220 571 1294 Sunt,
597 1218 652 1303 qui
682 1219 817 1296 tradant,
847 1217 1038 1304 “Assyrios
1066 1240 1227 1297 convenae,
1257 1220 1304 1283 in-

238 1239 347 1400 digum
369 1325 516 1390 agrorum
538 1303 702 1390 populum,
725 1320 813 1390 parte
834 1303 970 1390 AEgypti
991 1304 1116 1390 potitos,
1138 1327 1210 1367 mox
1232 1329 1304 1391 pro-

237 1409 321 1472 pnas
349 1390 442 1453 urbes
464 1390 679 1474 Hebraeasque
704 1401 801 1453 terras
825 1403 857 1452 et
882 1390 1028 1476 propiora
1053 1390 1152 1477 Syriae
1174 1389 1303 1455 coluisse

238 1475 340 1540 rura.”
372 1473 448 1552 Alii,
466 1482 487 1512 “
499 1477 522 1537 J
525 1474 685 1538 udaeorum
697 1475 796 1553 initia,
809 1473 961 1560 Solymos,
973 1474 1161 1540 carminibus
1171 1474 1303 1541 Homeri

270 1711 585 1776 Primordioejasaprrtrr]
615 1713 649 1770 Si,
661 1729 714 1775 quae
724 1712 753 1759 de
788 1711 864 1760 Taciti
877 1714 953 1759 verba.
987 1713 1051 1759 Nam
1068 1711 1092 1758 in
1104 1711 1209 1759 Graues
1223 1713 1304 1775 trisyl-

237 1776 304 1823 rebus
312 1775 418 1823 Judaicis
428 1775 497 1823 tradit
509 1777 611 1835 Tacitus,
623 1778 702 1824 omnia
712 1792 753 1823 ex·
785 1777 839 1824 labo
853 1777 880 1823 fit
894 1776 1111 1839 quadrisyllabum:
1127 1776 1206 1838 augeri
1223 1785 1302 1824 autem

237 1848 313 1886 cutere
323 1839 456 1901 diligentius
467 1841 585 1899 vellemus,
605 1842 706 1903 plurima
717 1841 752 1886 di·
786 1843 854 1888 verba
872 1841 982 1888 dicuntur
995 1843 1026 1888 ab
1044 1839 1172 1888 accessione
1188 1855 1301 1887 noramm

237 1902 308 1949 cenda
330 1902 410 1950 forent.
444 1904 490 1950 Sed
511 1905 566 1951 istas
587 1905 752 1967 disputationes
785 1905 942 1966 syllabarum:
960 1920 1102 1969 quamquam
1119 1914 1143 1951 et
1158 1905 1255 1952 aeremia
1271 1904 1301 1951 li·

236 1981 283 2012 non
300 1968 394 2030 capiunt
413 1975 481 2026 notae,
501 1968 628 2032 inquibus
650 1970 752 2034 maxime
784 1969 975 2030 teraeaintelligi
986 1978 1068 2032 potest.
1094 1969 1166 2016 Eleu.
1199 1969 1302 2016 Pichena

237 2039 358 2094 spectatur,
371 2041 397 2078 ut
406 2032 526 2079 emendata
537 2035 606 2080 verba
617 2033 670 2088 sint,
682 2043 704 2080 et
715 2035 753 2080 in·
784 2032 876 2092 delevit,
888 2034 944 2096 quia
954 2048 1000 2081 non
1011 2034 1036 2080 in
1047 2033 1111 2081 Flor.

235 2096 353 2157 telligatur
363 2111 442 2144 sensus
458 2111 545 2144 eorum.
578 2097 751 2162 Adspergemns
823 2102 894 2156 Sunt,
914 2100 956 2158 qai
977 2100 1085 2162 tradant]
1117 2099 1226 2146 Tradunt
1243 2097 1301 2146 MS.

236 2167 314 2206 tamen
328 2161 425 2208 subinde
435 2161 530 2223 aliquid,
543 2163 584 2208 ubi
594 2177 653 2225 opus
663 2161 752 2210 videbi·
785 2163 865 2212 Guelf.
879 2163 932 2211 edd.
952 2162 1043 2210 Puteol.
1060 2163 1115 2210 Ber.
1132 2163 1186 2209 Are.
1204 2164 1301 2210 tradent

235 2233 279 2270 tur.
314 2223 379 2272 Illud
398 2227 428 2272 ab
444 2225 510 2272 initio
528 2226 606 2273 mirari
626 2227 690 2284 libet,
710 2229 750 2290 qui
783 2238 915 2276 verumest
941 2227 1026 2288 (Dedit
1037 2225 1220 2288 meseum.)
1232 2227 1312 2281 Sem—,

235 2289 375 2336 commiserit
394 2289 499 2348 Tacitus,
518 2300 545 2338 ut
563 2291 662 2355 dosephi
680 2293 751 2339 libros
783 2309 824 2356 per
842 2293 937 2340 Tacitus
954 2290 1100 2352 conjunctim
1116 2293 1141 2338 in
1163 2291 1207 2339 hac
1224 2291 1300 2338 forma

236 2367 282 2401 non
294 2355 431 2414 consuleret,
442 2356 484 2417 qui
494 2355 540 2402 illis
550 2356 691 2420 temporibus
704 2372 750 2403 non
783 2359 864 2406 utitur.
897 2357 943 2405 Sed
957 2357 1060 2419 sapesic
1071 2364 1193 2420 paecsrunt
1202 2355 1299 2412 librarii,

236 2419 326 2466 obscuri
343 2427 408 2466 erant
426 2419 517 2478 Romae,
535 2429 557 2466 et
573 2436 586 2466 e
603 2421 751 2484 scriptoribus
783 2431 810 2468 ut
831 2437 876 2469 non
899 2437 947 2468 uno
968 2422 1018 2467 loeo
1039 2421 1069 2467 ad
1089 2421 1185 2468 bivium
1212 2419 1300 2467 notavit

235 2483 336 2596 titiis
352 2484 751 2614 tltthtttlntltttttt
783 2484 1300 2615 Sublatutztutlult

236 2612 320 2671 dicam,
338 2628 385 2661 non
404 2614 482 2661 omnia
499 2630 553 2661 eum
569 2615 687 2676 procertis
704 2625 750 2662 tra·
782 2616 1066 2680 giantqueinscribendo.
1100 2615 1299 2678 Postedpr.ia·

234 2676 296 2736 dere,
305 2677 344 2725 sed
355 2694 407 2741 que
415 2678 485 2741 vulgo
494 2676 642 2737 traderentur,
653 2680 677 2725 in
687 2694 751 2727 com-
783 2682 883 2742 digoam
906 2681 981 2745 (Bud.
997 2678 1127 2742 indigam).
1161 2678 1252 2727 Deinde
1270 2695 1301 2725 oe

234 2742 345 2803 pendium
363 2752 470 2804 congesta
486 2743 607 2790 lectoribus
625 2759 751 2806 proponere
783 2756 835 2793 ante
846 2742 1305 2807 madeleri,cum1tyctioetJ.uron.

233 2806 339 2853 voluisse.
373 2807 751 2855 Itatetotumhunclocumexse·
783 2810 845 2872 quod
856 2808 1149 2870 addideratdeeonJ‘ectura
1157 2807 1299 2870 Rbenquia

235 2878 302 2917 cutus
313 2879 347 2917 est
358 2870 442 2918 Christ.
453 2870 583 2929 Wonnius,
594 2872 619 2917 in
630 2871 751 2933 Corruptis
782 2873 806 2919 in
819 2874 881 2921 Bud.
891 2880 940 2919 erat
947 2888 979 2919 aa
989 2887 1051 2919 mor.
1077 2874 1153 2921 Abest
1163 2886 1191 2918 ac
1202 2870 1297 2919 sMSS.

234 2935 411 2997 Antiquitatum
432 2934 489 2982 Ebr.
510 2934 573 2997 apud
596 2934 706 2982 Tacitum
728 2944 753 2981 et
783 2937 845 2984 Flor.
855 2937 934 2986 uuelf.
943 2935 1022 2984 oxon.
1031 2940 1091 2998 Agr.
1099 2936 1150 2984 edd.
1158 2945 1211 2983 autc
1219 2935 1297 2984 Rhen.

235 2998 459 3061 Martialvestigiis.
478 2998 572 3045 Hafniae
585 2999 654 3046 1693.
678 2999 752 3046 Ean.
783 3002 892 3049 Ceterum
902 3000 940 3049 hic
953 3002 1077 3047 inbonum
1087 3008 1203 3047 auctorem
1218 3000 1300 3047 incidit

214 3114 219 3125 ¹
236 3063 335 3126 Egregie
343 3064 411 3109 etiam
423 3065 466 3111 ista
476 3062 600 3111 illustrarit
607 3064 733 3111 Broterius.
783 3066 889 3124 Tacitus,
900 3065 983 3112 ethaec
991 3064 1108 3112 verissima
1116 3062 1214 3111 traditio.
1232 3064 1298 3110 Nam

275 3130 376 3175 Advolat
398 3129 610 3176 Idoeos-Jadoeos
637 3130 749 3193 vocitari]
782 3146 796 3177 e
815 3130 986 3193 Mesopotamia
1007 3129 1082 3191 gentis
1099 3129 1172 3190 origo,
1192 3143 1245 3191 quae
1263 3137 1300 3174 est

234 3192 306 3241 Unde
319 3191 368 3239 liae
381 3191 473 3239 traditio
483 3194 513 3240 de
522 3192 599 3249 Creta,
610 3192 628 3239 J
630 3193 750 3241 udaeorum
782 3196 864 3242 veteris
873 3194 938 3257 regni
943 3193 1063 3257 Assyriaci
1070 3208 1129 3257 pars.
1145 3192 1217 3240 Enu-
1234 3190 1298 3239 Bud.

234 3258 317 3320 patria,
335 3256 400 3305 docet
410 3256 482 3304 Huet.
495 3257 565 3303 Dem.
576 3258 666 3319 Evang.
679 3256 749 3318 Prop.
778 3266 874 3320 partem
880 3261 974 3321 Egypti
979 3261 1075 3320 potitos.

234 3324 259 3377 4,
277 3324 300 3369 9.
318 3338 341 3383 p.
359 3322 413 3371 194.
432 3330 551 3385 putatque,
574 3322 674 3369 exoticos
695 3322 750 3369 scri·
822 3325 930 3371 Celabat.
944 3324 1030 3387 Clara]
1058 3323 1148 3371 Verum
1164 3322 1212 3382 hic,
1231 3331 1296 3385 puto,

232 3396 309 3449 ptores
317 3387 586 3436 IdoeosCretensrscum
594 3387 750 3433 Jadaeiscom
782 3388 865 3436 vidisse
880 3387 936 3448 Bip.
954 3388 995 3449 qui
1014 3390 1048 3444 τῷ
1069 3390 1133 3434 clara
1154 3386 1298 3435 substimunt

234 3452 327 3499 fudisse.
361 3452 439 3515 Negat
453 3450 606 3499 hoel-“and
620 3450 751 3514 lampade
782 3468 842 3498 ntro
857 3460 881 3499 et
898 3467 932 3510 eo,
948 3468 995 3514 quo
1010 3452 1119 3513 expressi,
1136 3450 1301 3498 mododistin·

234 3518 365 3577 symb-vet
378 3518 402 3575 2,
420 3518 470 3563 liet
487 3516 524 3563 12.
557 3516 593 3562 At
609 3515 658 3579 ipse
672 3525 750 3563 tamen
782 3526 865 3578 guunt.
898 3516 961 3564 Bud.
972 3516 1176 3577 maleproprioro.

233 3580 317 3640 firmat,
333 3581 391 3628 dum
407 3580 525 3635 Tacitum,
543 3578 693 3629 similitudine
709 3594 751 3627 no·
816 3582 1092 3644 CarminibaaHomart]
1110 3580 1187 3629 Imeus
1197 3578 1297 3627 Homeri

233 3638 303 3691 ininis
316 3644 595 3709 deceptumJnmosea
608 3646 679 3693 Creta
691 3658 752 3707 pro·
783 3644 1109 3710 nummulariorum.
1138 3644 1185 3692 od.
1198 3643 1305 3705 ι.283.)-

234 3714 310 3755 vectos
331 3709 460 3767 adlinnare,
483 3709 560 3768 tradit,
580 3724 655 3773 quum
674 3710 750 3757 Idoeos
782 3711 895 3758 sententia
910 3718 1002 3757 tantum
1021 3708 1089 3756 valde
1107 3709 1218 3772 ambigua
1238 3708 1298 3756 inter

233 3771 332 3819 deberet.
782 3784 887 3823 natantes
897 3774 1036 3822 scholiastas-
1053 3774 1122 3832 Sunt,
1134 3776 1176 3837 qui
1183 3773 1299 3836 designari

265 3837 668 3899 Auctotobarbarumeogoomento
694 3840 753 3885 Mo·
783 3839 868 3902 Lycios
887 3847 928 3887 aut
946 3839 1056 3887 finitimos
1074 3839 1187 3902 quosdam
1208 3838 1295 3886 velint:

231 3916 283 3949 rem
290 3900 381 3949 addunt
387 3901 441 3950 MS.
450 3902 528 3949 Guelf.
535 3902 587 3950 edd.
597 3902 672 3950 Puteo
682 3903 752 3951 .Ber.
782 3919 830 3967 quo
839 3905 923 3953 Strabo
935 3903 972 3950 14.
984 3920 1008 3967 p.
1019 3902 1075 3957 667.
1086 3911 1110 3951 et
1119 3902 1257 3951 Eustathius
1268 3901 1298 3949 ad

193 4014 196 4021 ,
231 3966 285 4014 Alc.
293 3965 363 4013 male.
380 3967 544 4013 Barbaroram
552 3967 683 4014 estinMS.
691 3968 752 4029 Agr.
783 3968 813 4015 11
831 3972 847 4022 ζ.
867 3966 1064 4015 lucerinum
1084 3968 1194 4033 interpres
1211 3968 1240 4015 ad
1255 3965 1296 4014 Ol.

234 4030 269 4079 ed.
285 4046 320 4094 pr.
332 4030 464 4093 vulgatum
487 4039 580 4078 utentur
599 4030 671 4078 MSS.
687 4031 749 4079 Flor.
785 4031 824 4091 13,
843 4032 897 4080 129.
916 4032 1042 4079 inclinant:
1064 4042 1118 4080 sum
1133 4034 1176 4097 qui
1190 4030 1296 4080 Pisidssr

233 4094 295 4143 Bud.
310 4094 372 4143 unde
383 4094 455 4143 edidit
469 4094 605 4154 Rhenanus,
620 4104 644 4143 et
654 4095 750 4143 Tacitus
783 4111 830 4159 quo
841 4096 941 4156 Plinius,
958 4099 984 4156 5,
999 4097 1039 4151 27.
1050 4098 1103 4154 (24)
1114 4107 1138 4145 et
1148 4095 1295 4157 Stephanus:

233 4161 283 4223 ipse
293 4160 326 4206 A.
337 4160 361 4217 6,
378 4162 418 4207 42.
429 4174 501 4221 seqare
518 4163 543 4207 tn
561 4161 685 4207 barborum
698 4175 749 4207 ror·
782 4167 845 4220 arnt,
858 4161 899 4223 qui
907 4160 1017 4208 Judaosr
1035 4162 1099 4225 quod
1109 4169 1184 4207 noster
1194 4159 1232 4207 hic
1242 4172 1299 4219 sug·

234 4230 313 4285 rupta.
347 4223 451 4271 Additur
469 4226 536 4285 quasi
556 4226 632 4273 Idoeor
651 4225 676 4271 in
694 4226 750 4273 MS.
782 4225 849 4286 gerit,
867 4234 890 4272 et
908 4225 1005 4274 Tretzes
1019 4225 1117 4280 cnut,
1135 4224 1189 4270 149.
1213 4222 1297 4293 Euse-

235 4286 315 4336 Guelt.
335 4287 387 4335 cdd.
405 4287 460 4336 Put.
480 4290 534 4337 Ber·
552 4291 678 4351 ceterisque
697 4300 751 4337 unte
782 4289 835 4336 bius
850 4290 921 4338 etiam
937 4290 978 4337 Pr.
988 4292 1034 4339 Er.
1049 4292 1072 4337 9.
1089 4305 1113 4351 p.
1130 4286 1185 4333 249.
1203 4284 1297 4332 Chardi

234 4352 302 4400 Pich.
313 4352 386 4403 (Bur.
398 4356 466 4413 quari
480 4355 566 4411 Ydeor)
580 4362 636 4466 gost
650 4356 749 4401 voutam
782 4346 1299 4413 Poetetoesmuo,uebrae0s8015m0sotim

233 4416 303 4463 male.
320 4416 429 4464 Ceterum
446 4417 521 4480 inagis
537 4417 567 4465 de
604 4432 751 4480 remquam
782 4414 1028 4465 dictosoenseteriuei·
1040 4413 1301 4473 Naucalmemne

232 4480 318 4531 Latina
329 4482 517 4542 pronunciatione
534 4480 683 4547 intelligenda
695 4492 748 4530 sum
782 4483 847 4531 aliter
864 4482 928 4547 apud
944 4480 1077 4529 Honurum
1095 4477 1181 4541 accepit
1201 4475 1301 4541 ideoque

276 4564 350 4609 VOL.
368 4564 418 4610 111.
1104 4563 1125 4607 Y
