3059 4975
234 267 293 325 210
610 260 897 325 nrsrosmauu
1133 268 1299 343 [casas.

235 428 415 495 cohortibus
428 441 460 495 et
474 426 652 515 quingentis
665 428 833 515 equitibus,
853 427 1011 515 ingruenti
1023 449 1081 528 per
1095 429 1172 495 Cam
1215 430 1301 494 niam

234 515 319 582 bello
333 515 487 603 opposuit.
508 534 512 543 ’
532 516 605 601 Ipse
620 537 703 613 aeger
717 514 822 592 animi,
843 516 954 581 studiis
967 516 1102 581 militum
1116 530 1178 580 etc
1242 515 1302 580 ori·

235 602 296 668 bus
304 600 424 749 populi,
433 614 692 687 armaposcentrs,
700 601 916 667 refovebatur:
929 603 1006 667 dum
1014 601 1300 687 vulgusignavum,

236 703 267 752 et
281 687 347 751 mhi
370 686 452 751 ultra
463 687 558 751 verba
567 708 730 765 ausurum,
741 686 821 753 falsa
830 687 930 775 specie
940 691 1105 753 meritone
1115 699 1147 751 et
1160 689 1301 775 legionen

236 772 382 871 adpellat.
428 772 639 837 Hortantibus
657 772 776 839 libertis
802 776 890 856 (nam
908 775 1078 839 amictirum
1097 774 1165 861 ejus
1181 786 1301 860 quanto

237 884 308 947 quis
317 858 438 937 clarior,
450 857 553 923 sitinus
562 858 658 940 fidus)
671 860 775 924 vocari
790 864 893 925 trione
902 860 1004 947 jubet.
1039 860 1161 925 Dentes
1174 859 1301 923 nomina

237 957 427 1010 sacramento
440 944 557 1031 adigit:
581 944 791 1033 superfluente
808 946 1020 1026 multitudine,
1039 968 1146 1010 curam
1163 944 1302 1009 delectus

237 1031 270 1095 in
286 1029 436 1095 Consules
449 1029 593 1118 partitur.
636 1031 805 1097 Servorum
819 1054 985 1097 numerum
999 1044 1031 1096 et
1045 1031 1169 1118 pondus
1182 1029 1303 1117 argenti

239 1115 440 1181 Senatoribus
461 1115 578 1181 indicit.
623 1116 757 1201 Equites
779 1117 917 1181 Romani
936 1118 1079 1181 obtulere
1102 1139 1228 1204 operam
1249 1140 1303 1203 pe·

239 1201 420 1288 cuniasque,
442 1201 535 1265 etiam
557 1200 706 1265 libertinis
728 1202 813 1265 idem
834 1226 951 1268 munus
973 1202 1057 1267 ultro
1080 1202 1304 1288 flagitantibus.

241 1290 290 1355 Ea
301 1286 455 1352 simulatio
469 1284 570 1365 officii,
585 1310 605 1350 a
617 1301 704 1351 metu
740 1288 867 1365 rofecta,
879 1299 1014 1353 verterat
1028 1288 1060 1351 in
1074 1288 1220 1351 favorem.
1257 1286 1305 1351 Et

239 1373 380 1462 plerique
390 1371 475 1435 haud
509 1371 615 1435 erinde
626 1310 802 1453 Vitellium,
813 1396 909 1461 quam
920 1396 1026 1438 casum
1036 1373 1139 1437 locum
1161 1372 1305 1436 uePrin-

240 1460 371 1557 cipatus,
382 1394 624 1523 miserabantur:
648 1481 705 1523 nec
715 1458 822 1524 deerat
835 1459 918 1547 ipse:
941 1459 1045 1538 vultu,
1059 1396 1304 1538 voceilacrimis,

240 1542 478 1607 misericordiam
494 1542 619 1618 elicere;
642 1544 749 1630 largus
763 1546 932 1633 promissis,
946 1559 988 1626 et,
1004 1568 1077 1632 quae
1086 1558 1200 1609 natura
1210 1542 1304 1629 trepi-

240 1629 382 1694 dantium
398 1642 455 1711 est,
469 1628 650 1695 inmodicus.
689 1630 775 1709 Quin
788 1635 820 1695 et
833 1634 990 1697 Coescrern
1005 1655 1038 1696 se
1051 1630 1113 1694 dici
1127 1629 1235 1706 voluit,
1250 1628 1307 1702 ads

241 1728 404 1802 spernatus
418 1728 526 1779 antea:
550 1715 604 1781 sed
623 1728 709 1795 tunc,
729 1718 946 1804 superstitione
964 1716 1108 1793 nominis,
1127 1726 1160 1779 et
1178 1714 1254 1799 quia
1272 1715 1307 1777 in

241 1813 328 1865 metu
351 1799 476 1865 consilia
495 1800 698 1887 prudentium
720 1815 752 1865 et
773 1803 862 1889 vulgi
881 1825 990 1866 rumor
1005 1803 1099 1889 juxta
1119 1799 1303 1865 audiuntur.

244 1888 402 1963 Ceterum,
426 1898 463 1950 nt
485 1887 589 1951 omnia
606 1886 773 1952 inconsulti
794 1887 920 1975 inpetus
941 1901 1054 1975 crepta,
1078 1886 1172 1951 initiis
1191 1886 1305 1964 valida,

242 1972 343 2060 spatio
369 1971 586 2058 languescunt,
609 1972 705 2037 dilabi
729 1973 892 2060 paullatim
915 1976 1079 2039 Senatores
1099 1972 1305 2059 Equitesque,

242 2058 344 2147 primo
354 2071 546 2137 cunctanter,
561 2072 603 2137 ct,
618 2058 673 2124 ubi
687 2058 754 2145 ipse
764 2081 828 2123 non
841 2058 959 2139 aderat,
974 2083 1049 2132 mox
1060 2057 1261 2144 contemptim
1275 2069 1308 2119 et

244 2145 308 2208 sine
322 2144 514 2221 discrimine3
537 2143 635 2209 donec
656 2143 804 2209 Vitellius
825 2144 946 2232 pudore
965 2144 1051 2211 inriti
1072 2158 1212 2222 conatus,
1235 2163 1308 2230 quae

243 2252 307 2295 non
321 2228 488 2309 dabantur,
503 2230 628 2294 remisit.

240 2403 242 2409 ’
277 2404 419 2453 Exercitum
437 2408 460 2450 et
478 2403 592 2467 legiones]
613 2402 651 2453 Sic
669 2411 761 2452 rectae
790 2402 991 2451 malebatcmetc
1001 2403 1116 2467 prqt‘ectc.
1143 2399 1207 2449 Mihi
1217 2398 1308 2448 dudum

245 2467 309 2517 Flor.
324 2467 441 2516 adituma
458 2467 567 2516 Pichena.
593 2466 761 2518 Consentited.
790 2467 917 2531 legendum
933 2469 1010 2517 vuum
1031 2484 1059 2516 ec
1074 2468 1193 2516 amentio
1209 2467 1279 2528 officii
1293 2479 1309 2512 n

245 2549 280 2597 pr.
306 2534 381 2581 Ceteri
392 2548 433 2580 scr.
446 2531 520 2596 (Bud.
532 2531 613 2595 etiam)
626 2541 648 2582 et
659 2533 710 2582 edd
722 2549 762 2583 us·
793 2539 857 2580 metu
862 2533 987 2596 prosector
1005 2549 1081 2596 neque
1090 2533 1156 2580 aliter
1163 2546 1199 2579 res
1209 2540 1234 2578 et
1243 2530 1312 2578 Isati-

247 2596 606 2660 queadPichenamencrcitos.
623 2599 695 2646 Ean.
792 2597 853 2645 nites
867 2597 959 2660 petitur.
988 2596 1018 2644 Id
1032 2597 1088 2660 quia
1102 2605 1126 2644 et
1139 2611 1153 2643 e
1167 2595 1222 2643 MS.
1239 2595 1309 2642 Bodl.

285 2663 369 2710 Vocari
384 2663 458 2710 tribas
468 2663 554 2773 juittt
565 2662 612 2710 Est
624 2663 725 2712 delectus
741 2663 766 2710 in
792 2670 899 2709 notatum
915 2661 997 2726 reperi,
1013 2661 1095 2724 recepi.
1128 2660 1229 2708 Sennu:
1249 2659 1310 2708 Haec

247 2728 304 2774 urbe
320 2735 391 2784 actus,
409 2741 480 2790 quern
495 2734 516 2774 tr
548 2725 565 2775 't
581 2727 674 2775 Sueten.
692 2743 712 2776 c.
726 2727 763 2774 15.
793 2741 834 2789 per
844 2725 1015 2774 simulationem
1026 2725 1095 2774 officii
1107 2719 1238 2781 offdrebant,
1255 2739 1311 2786 pro·

247 2791 318 2839 Unde
334 2790 481 2838 conlimatur
497 2791 627 2852 conjectura
643 2801 720 2840 nostra
735 2791 765 2840 de
794 2799 845 2852 pter
856 2797 955 2851 metum,
965 2790 1006 2838 sed
1016 2798 1095 2838 tamen
1103 2789 1159 2837 inde
1170 2795 1234 2835 crtus
1248 2787 1313 2836 favor

193 2883 194 2890 κ
247 2856 402 2905 locoSueton.
416 2855 472 2902 Ner.
484 2858 523 2904 44.
535 2856 706 2916 ubiinierbis,
718 2860 763 2904 tri·
793 2855 819 2902 iu
833 2855 967 2915 Vitellium,
984 2856 1033 2904 sive
1046 2854 1178 2919 profanare
1187 2852 1312 2916 acdp'ntta-

247 2921 289 2968 hoe
297 2921 398 2968 urbanae
407 2921 437 2968 od
445 2927 616 2968 accrementum
625 2923 716 2980 citauit,
725 2936 764 2970 au·
793 2928 838 2966 tur.
850 2919 922 2969 Eleu.
939 2921 1043 2968 Probent
1053 2917 1238 2968 emendationem
1245 2917 1311 2968 Brot-

247 2985 627 3048 spectamvocemurianaehabui.
648 2986 688 3035 Sic
695 2985 765 3033 etiarn
794 2983 857 3030 boll.
872 2985 927 3047 Bip.

247 3058 325 3097 noster
338 3050 372 3097 A.
389 3049 427 3108 lt,
441 3050 478 3098 13.
494 3052 571 3097 maiar
584 3051 659 3098 tribas
673 3051 764 3108 leniuit,
827 3050 883 3096 Nec
890 3051 969 3096 deerat
977 3049 1034 3110 ipre,
1043 3049 1099 3113 etc]
1109 3046 1198 3097 Similia
1207 3053 1309 3096 macu-

249 3113 278 3163 de
294 3114 361 3176 plebe
372 3113 485 3162 Romana
496 3114 566 3163 urbis
594 3114 649 3172 Sed,
664 3113 720 3179 quia
731 3123 766 3162 ta·
794 3111 840 3160 ctio
851 3113 887 3160 Η.
897 3114 922 3174 4,
935 3115 955 3161 l.
970 3113 1007 3160 ll.
1019 3115 1059 3161 80.

247 3181 472 3300 cercenna
482 3178 768 3306 etiterum
828 3177 1122 3242 ab...
1134 3174 1313 3238 ...nn

472 3277 480 3301 i
713 3277 721 3303 i
757 3271 768 3284 '
840 3276 847 3289 ·

248 3320 303 3353 men
319 3306 454 3369 ferripcsae
469 3307 572 3356 arbitror.
608 3306 670 3356 Mox
686 3308 766 3356 dantes
830 3308 1083 3370 Conterritimaertive]
1095 3303 1315 3366 unicamque:

248 3385 329 3419 omnes
344 3370 395 3419 edd.
407 3380 430 3418 et
440 3386 483 3420 scr.
493 3381 574 3434 preter
589 3370 654 3421 Bud.
667 3371 709 3436 qui
723 3373 766 3420 ha·
796 3375 921 3434 contempti
940 3374 1045 3433 naeninc,
1067 3371 1170 3420 Pidtena
1190 3367 1313 3416 emendat:

249 3437 319 3484 hebet
337 3436 393 3484 dot.-
416 3436 480 3499 quod
495 3435 583 3484 factum
598 3445 657 3500 puto
673 3453 686 3485 e
701 3439 765 3496 dota,
796 3439 946 3499 contemptim
961 3443 984 3484 et
995 3439 1045 3484 eine
1055 3438 1126 3484 dicer.
1158 3431 1234 3489 Belle,
1245 3431 1313 3480 belle.

249 3499 313 3563 quod
326 3500 395 3548 estin
408 3499 487 3550 ouen.
498 3501 568 3550 Bodl.
580 3510 603 3550 et
612 3501 692 3550 Oxou.
705 3503 766 3550 bone
796 3499 870 3549 Lina.
904 3499 946 3551 Ad
963 3501 1025 3548 Flor.
1042 3516 1114 3564 prope
1129 3497 1240 3546 moedunt
1256 3496 1313 3547 MS·

250 3572 273 3610 et
288 3565 358 3624 plana
374 3565 494 3626 sententia,
513 3566 585 3631 idque
601 3582 681 3614 verum
697 3575 766 3630 puta-
795 3567 856 3629 Agr.
872 3564 907 3613 ed.
925 3581 960 3630 pr.
977 3567 1078 3613 contenti
1093 3565 1205 3611 monice.
1246 3561 1313 3610 Nam

249 3629 290 3678 bat
308 3629 335 3676 J.
351 3629 490 3690 Gronovius,
513 3647 527 3678 a
545 3647 592 3695 quo
610 3631 707 3678 allatum
724 3647 764 3679 ex·
796 3632 898 3679 contenti
912 3639 935 3677 et
948 3632 1073 3677 cmnmti:
1089 3629 1146 3676 item
1156 3627 1206 3674 hac
1221 3634 1245 3676 et
1260 3640 1314 3674 eon-

249 3693 353 3755 emplum
370 3711 399 3742 ex
415 3694 449 3742 A.
468 3695 506 3753 14,
525 3695 561 3742 15.
578 3711 625 3744 non
641 3696 695 3744 satie
710 3695 765 3744 huic
796 3697 887 3744 omnm
897 3693 1008 3742 confundi
1018 3693 1119 3741 vidimus
1130 3692 1161 3740 ad
1171 3707 1192 3740 c.
1206 3694 1246 3749 47.
1284 3692 1315 3739 In

248 3755 298 3805 lcco
309 3757 398 3806 simile:
414 3759 453 3806 sed
461 3761 541 3807 decta
549 3759 638 3808 melius.
662 3758 766 3808 Vultdi·
795 3759 851 3808 MS
869 3758 947 3806 Guelf.
968 3767 1003 3807 est
1018 3759 1115 3806 contriti
1134 3759 1254 3806 masticet
1274 3756 1314 3804 sed

248 3835 306 3880 cere,
319 3823 347 3870 ab
357 3822 424 3870 initio
434 3823 570 3888 promiscue,
581 3823 713 3888 quicimque
723 3823 765 3872 da-
795 3823 848 3872 duae
863 3823 953 3871 ultima
968 3823 1064 3888 syllabis
1081 3831 1136 3871 sunt
1151 3839 1166 3872 a
1181 3838 1254 3871 manu
1269 3835 1314 3884 sec,

248 3895 300 3934 rent
315 3887 417 3947 nomina,
434 3896 574 3938 sacramento
593 3887 692 3947 adacwa
717 3887 766 3938 sine
795 3896 819 3936 et
840 3889 865 3934 in
889 3887 966 3937 litura.
994 3889 1066 3937 Ean.
1100 3888 1163 3936 Bud.
1191 3887 1314 3949 conterriti

248 3949 352 3998 delectus
373 3960 432 4015 post,
448 3953 590 4002 redundante
606 3952 763 4014 multitudine,
795 3955 898 4000 enectine.
924 3952 1020 4002 Trilleri
1030 3961 1161 4002 commenta
1171 3969 1194 4000 v.
1205 3951 1231 3998 in
1241 3950 1314 4014 ipsius

167 4061 172 4070 ,
248 4015 318 4064 etiam
334 4015 448 4064 delectum
464 4017 544 4066 haberi
559 4017 659 4081 cepisse.
691 4019 763 4066 Eure.
796 4015 854 4066 Oba.
865 4017 948 4081 crttp.
958 4019 1015 4067 311.

248 4079 303 4127 Put
321 4082 384 4128 date.
408 4081 464 4130 Alc.
483 4083 560 4130 Rhen.
582 4085 669 4130 dantes.
702 4083 764 4131 Mox
830 4082 1072 4141 Quoenondcbcntur,
1083 4075 1312 4144 remirit18icMSS.

247 4143 325 4192 Rhen.
341 4145 432 4194 e'Bud.
452 4148 552 4194 indicite
572 4148 637 4209 prius
647 4148 765 4210 legebatur
796 4147 858 4195 Flor.
870 4148 930 4211 Agr.
940 4148 1018 4196 Guelf.
1028 4147 1079 4196 edd.
1090 4160 1171 4194 omnes
1182 4153 1236 4192 ante
1247 4144 1313 4193 anc-

246 4211 344 4257 indncit.
371 4211 444 4258 Porro
454 4209 518 4257 Bud.
527 4214 705 4272 pecuniamque.
795 4227 892 4271 amum,
904 4211 946 4276 qui
956 4210 1063 4276 (eBud.)
1079 4209 1150 4258 edidit
1160 4211 1250 4272 omisit,
1259 4223 1314 4258 eum

279 4277 317 4322 En
334 4277 454 4322 cimnbtio
472 4276 545 4334 inficio
565 4281 628 4322 rnctc
643 4276 763 4341 pernicia]
795 4293 858 4342 seqq.
871 4291 944 4341 usque
954 4275 1128 4326 edPichenam.
1145 4273 1221 4325 Itan.-

245 4337 284 4387 Sic
295 4339 346 4387 edd.
356 4353 436 4388 ornnes
447 4341 480 4394 (et
490 4354 510 4387 c.
522 4337 597 4400 Bud.)
611 4339 643 4386 N.
653 4338 763 4390 Heinsius
787 4342 789 4345 ’
