3059 4975
211 249 268 307 aar
593 238 898 301 nrsronmnun
1103 243 1280 316 [naara

218 408 328 476 dolum
355 406 498 486 obscura,
523 430 621 493 eoque
645 368 845 471 inevitabilia.
892 402 1024 469 Civilem
1052 417 1134 470 stare
1159 414 1279 481 cenna,

221 508 338 559 struere
366 492 479 569 aciem:
513 491 732 557 Hordeonium
756 514 774 555 a
797 488 942 557 cubiculo
965 505 997 557 et
1021 490 1137 556 lectulo
1155 489 1280 575 jubere,

221 576 379 666 quidquid
388 578 471 641 hosti
481 578 642 642 conducat.
675 580 741 643 Tot
752 590 886 641 armatas
895 574 1131 641 fortissimorum
1142 574 1282 642 virorum

221 686 333 731 manus
349 664 444 727 unius
460 664 541 739 senis
556 662 732 727 valetudiue
751 662 828 748 regi
874 661 959 738 Quin
979 662 1096 747 potius,
1119 660 1283 725 interfecto

222 749 382 826 traditore,
407 750 565 825 fortunam
587 748 798 834 virtutemque
817 768 905 811 suam
924 747 1007 811 malo
1023 749 1126 811 omine
1143 744 1282 811 exsolve·

222 836 320 901 rent.''
365 834 427 899 His
451 834 531 911 inter
555 857 587 898 se
608 834 735 897 vocibus
759 832 918 899 instinctos
942 832 1137 899 flammavere
1154 832 1282 917 insuper

222 920 335 991 adlatae
359 944 378 985 a
402 919 596 1007 Vespasiano
619 918 742 996 litterae,
767 942 847 1005 quas
871 920 1015 997 Flaccus,
1038 919 1113 1004 quia
1136 913 1286 983 occultari

224 1006 406 1092 nequibant,
421 1028 480 1093 pro
493 1006 637 1069 concione
651 1006 806 1069 recitavit:
828 1004 1020 1091 vinctosque,
1031 1004 1087 1090 qui
1096 1002 1286 1079 sambram,

225 1092 265 1157 ad
282 1092 440 1157 Vitellium
455 1092 545 1167 misit.

236 1238 239 1243 .
269 1178 382 1243 XXV.
409 1176 626 1261 Sicfmitigatis
650 1172 771 1250 animiS,
791 1175 945 1250 Bonnam,
967 1175 1097 1239 hiberna
1114 1175 1226 1271 primae
1242 1172 1289 1239 le-

249 1262 337 1340 ionis,
352 1275 488 1325 ventum.
534 1260 688 1324 Infensior
706 1258 769 1323 illic
787 1258 886 1336 miles,
904 1258 1029 1345 culpam
1042 1258 1138 1323 clads
1151 1261 1186 1322 in
1200 1262 1290 1323 Hor·

226 1288 374 1411 deonium
393 1344 549 1409 vertebat:
577 1347 678 1433 “ejus
698 1347 789 1433 jussu
811 1344 959 1408 directam
982 1345 1130 1409 adversus
1149 1346 1291 1433 Batavoq

227 1434 334 1511 aciem,
346 1442 505 1516 tamquam
515 1455 536 1494 a
547 1431 748 1516 Magontiaeo
761 1430 898 1516 legiones
907 1441 1128 1516 sequerentur3
1147 1428 1296 1515 ejusdem

228 1516 405 1603 proditione
415 1538 520 1594 caesos,
532 1516 625 1581 nullis
636 1516 924 1603 supervenientibus
936 1514 1068 1581 auxiliis
1099 1516 1213 1601 Ignota
1221 1514 1289 1579 baen

229 1603 338 1666 ceteris
357 1602 551 1679 exercitibus,
572 1625 673 1689 neque
695 1602 880 1687 Imperatori
899 1624 956 1665 suo
972 1601 1125 1664 nuntiari:
1148 1622 1221 1663 cum
1234 1599 1290 1664 ad·

229 1711 321 1753 cursu
344 1700 392 1771 ¹tot
411 1688 639 1773 provinciarum
652 1686 817 1772 ,exstingui
839 1707 949 1784 repens
970 1686 1102 1773 perfidia
1120 1686 1289 1784 potuerit?

233 1772 435 1839 Hordeonius
466 1773 653 1859 exemplaria
687 1772 827 1836 omnium
863 1772 1048 1849 btterarum,
1084 1772 1200 1857 quibus
1232 1792 1295 1870 per

233 1858 352 1925 Gallias
366 1858 621 1945 Britanniamque
636 1873 667 1923 et
682 1858 851 1945 Hispanias
866 1857 983 1921 currilia
1001 1859 1121 1934 orabat,
1141 1856 1292 1921 exercitui

231 1944 387 2023 recitavit3
411 1944 606 2031 instituitque
625 1944 793 2031 pessimum
812 1943 943 2021 facinus,
963 1957 1001 2006 ut
1014 1942 1151 2030 epistola
1165 1941 1294 2027 Aquili

232 2030 306 2093 feris
316 2030 473 2117 legionum
484 2031 698 2103 traderentur;
717 2053 736 2093 a
750 2030 822 2129 quis
835 2044 907 2093 ante
921 2029 1023 2107 militi,
1032 2052 1128 2115 quarn
1136 2028 1292 2106 Ducibus,

233 2114 427 2202 legebantur.
474 2116 562 2181 Tum
588 2142 605 2179 e
631 2116 781 2181 seditiosis
809 2137 908 2180 uuum
936 2115 1045 2177 vinciri
1068 2115 1171 2202 jubet,
1194 2112 1297 2200 magis

233 2202 404 2288 usurpandi
427 2201 521 2286 juris,
542 2224 636 2287 quam
659 2202 733 2286 quia
757 2200 852 2266 unius
873 2198 967 2286 culpa
985 2200 1074 2263 foret.
1119 2201 1296 2286 Motusque

245 2448 249 2455 ·
266 2429 395 2493 Interfecto
405 2420 534 2494 traditore]
547 2432 695 2477 Proditorem
706 2444 748 2494 pro
813 2430 927 2492 Epistola
938 2429 1094 2494 Aqatlljtrta]
1112 2428 1161 2476 Cur
1176 2421 1297 2490 Aquilife·

236 2495 351 2558 proditore
367 2509 413 2541 non
430 2495 508 2541 dixere
524 2505 624 2542 veteresr
646 2511 688 2544 nec
703 2495 750 2542 huc
780 2496 829 2542 ris?
841 2494 897 2556 quia
906 2494 1009 2556 legendae
1019 2495 1129 2540 nimirum
1138 2493 1256 2556 adsigna:
1268 2491 1294 2540 id

235 2558 351 2622 pertinent
377 2560 502 2606 traditores
533 2559 665 2618 Christiani,
693 2573 751 2622 quos
781 2557 992 2620 astinprincipiis.
1015 2556 1295 2606 Facitomninoadbnnc

237 2621 343 2683 Ryclrius
359 2621 439 2668 adfert.
472 2621 505 2668 N.
518 2621 629 2669 Heinsius
643 2623 749 2684 conigit:
781 2637 877 2680 morem,
897 2621 960 2685 quod
976 2621 1113 2686 Spartianus
1127 2621 1153 2668 in
1170 2619 1300 2670 Pescennio

238 2688 360 2752 interserto
382 2687 505 2745 traditore,
527 2701 610 2750 nempe
633 2685 749 2744 custodiae,
782 2685 857 2748 Nigro
868 2700 888 2733 c·
899 2689 923 2732 4.
939 2685 1046 2734 refert-ex
1057 2684 1153 2748 epistola
1165 2685 1205 2733 M.
1217 2686 1298 2732 Anto·

237 2767 291 2816 quae
307 2751 337 2800 ad
353 2751 520 2814 Imperatorem
538 2751 667 2799 adduceret.
700 2751 752 2798 Alii
782 2749 900 2813 niniImp.
912 2751 1297 2811 rtaqaemattttrerarrectraadar

238 2815 330 2863 malunt
344 2817 474 2881 proditore,
494 2815 557 2878 quod
572 2816 646 2878 magis
662 2815 751 2880 placet:
783 2816 898 2876 adsigna.
914 2813 990 2862 Inrs.
1006 2813 1033 2863 Si
1041 2813 1170 2878 Aquiliferi
1177 2814 1299 2863 Cenmrio-

239 2895 294 2927 nam
305 2879 365 2927 illud
379 2881 467 2938 durius,
484 2880 531 2928 sive
547 2881 654 2928 custodies
670 2880 754 2928 intelli·
783 2895 825 2928 nes
834 2877 995 2942 primipilaras,
1011 2888 1037 2927 nt
1052 2895 1122 2942 snpra
1133 2879 1235 2928 diximus
1245 2879 1297 2942 ph·

240 2959 289 3008 gas,
301 2945 348 2991 sive
358 2941 469 2992 hostibus.
502 2945 563 2992 Mor
578 2945 598 2992 ei
611 2960 630 2992 c
645 2948 683 2993 25.
695 2960 755 3005 pro·
784 2960 834 2993 cere
846 2943 963 2998 Fabretto,
977 2944 1024 2992 dia
1040 2959 1120 2992 caussa
1133 2943 1235 2991 instituti
1247 2943 1300 2992 erit.

240 3009 468 3072 dittoexprobratur.
506 3011 608 3056 Tradere
623 3018 646 3056 et
658 3010 756 3070 prodere
786 3006 851 3055 Nam
886 3006 1215 3070 rCenturionestalinvulgari
1224 3008 1299 3056 solita.

241 3073 341 3122 inlibris
355 3072 480 3138 permutari
496 3072 583 3134 aliquot
599 3073 654 3118 locis
669 3073 756 3119 notavit
785 3071 846 3118 lliox
881 3071 1301 3136 ipsiusvolebatlegitcgaeturesinc

241 3137 272 3184 ad
287 3137 382 3184 Livium
395 3137 513 3184 Drakenb.
533 3136 576 3199 (V.
588 3137 669 3182 saitem
686 3137 716 3182 ad
730 3137 756 3195 3,
785 3136 923 3184 necessitate.
947 3136 1027 3187 Verba
1036 3138 1160 3200 postniora
1169 3136 1302 3185 dieunan

242 3199 294 3261 54.)
322 3199 667 3262 moxedpramaroomaa.
683 3199 755 3248 Ena.
784 3216 882 3263 persona
892 3199 978 3249 Taciti.
991 3198 1049 3250 MS.
1061 3201 1122 3265 Agr.
1135 3203 1208 3250 Duri.
1225 3199 1299 3252 nna.

245 3265 348 3312 Tradere
366 3273 390 3312 et
406 3271 482 3310 noster
499 3271 522 3311 et
541 3262 623 3312 Livius
639 3280 666 3311 eo
682 3280 759 3319 seusu,
784 3263 972 3315 Bannatia.
992 3265 1301 3329 Acidperrimamfacbrur

242 3327 333 3390 Quidni
346 3337 369 3376 et
383 3327 485 3377 traditor
499 3335 576 3376 noster
590 3327 691 3376 dixerit?
707 3329 732 3376 N
734 3345 759 3378 ec
784 3329 883 3378 includit
892 3329 1022 3393 parenthesi
1032 3345 1087 3378 curn
1097 3329 1271 3378 exclamatione.

241 3396 325 3453 obstat,
336 3392 400 3458 quod
410 3391 461 3440 aliis
470 3391 515 3439 alia
523 3392 686 3456 significatione
697 3409 758 3441 acce·
818 3395 905 3456 Magis
920 3396 1052 3458 usurpandi
1058 3394 1141 3458 jara]
1160 3393 1302 3444 vanarum

242 3468 284 3524 pta
299 3473 345 3506 vox
361 3458 398 3506 sit.
436 3457 502 3504 Brot.
517 3465 539 3506 et
556 3457 616 3505 tart
633 3457 758 3522 praefennrt
784 3459 837 3520 jure
895 3475 938 3507 nor
952 3459 979 3508 iu
994 3457 1302 3522 degantasimaeneredi-

244 3525 366 3572 tradr'toce.
786 3523 861 3572 cendi.
914 3540 951 3572 am
960 3523 1050 3586 vulgati
1059 3521 1152 3580 scilieet,
1164 3536 1254 3583 ramea,
1264 3524 1303 3572 in.

281 3589 377 3636 Voetbrra
388 3589 532 3652 ematurat]
543 3585 603 3646 Alii,
618 3589 710 3634 arettae
721 3590 759 3636 ia·
787 3587 939 3645 calcaverurt,
955 3588 1005 3636 sine
1019 3602 1107 3635 cauma.
1133 3581 1208 3634 Prisci
1221 3595 1305 3638 autem

243 3652 346 3700 retacta.
372 3651 448 3700 lans.
480 3651 534 3702 Hoc
549 3666 639 3711 verum,
655 3653 760 3714 beneque
787 3651 1070 3700 haebrevitatesermonis
1083 3649 1198 3714 usisaepe.
1223 3651 1303 3702 Sebu-

245 3839 341 3891 'l'acitus
351 3843 384 3891 A.
393 3847 418 3904 2,
427 3847 467 3894 46.
479 3845 552 3894 ΕῐῑΝ.
571 3845 604 3892 Et
614 3845 706 3907 inAgr.
717 3845 756 3892 35.
787 3844 918 3904 vius·27,9·
935 3846 1204 3908 Eaproderrdilmperir'
1212 3849 1302 3895 Ram-

244 3906 310 3956 Bud.
323 3911 384 3954 voris
395 3911 531 3960 insistenter.
788 3911 823 3968 ai,
846 3909 965 3957 tradenda
980 3907 1095 3958 Atmtboli
1113 3912 1227 3970 oictwiae,
1247 3925 1309 3960 erre·

277 3975 432 4034 Erreraplarta
443 3989 464 4020 o.
476 3977 507 4040 1.]
528 3973 757 4024 mamertina
789 3969 888 4022 Plaunts
903 3973 969 4022 Rud.
986 3974 1048 4035 5,3,
1061 3975 1099 4022 18.
1126 3976 1306 4037 aedwardum

245 4037 324 4086 Guelf.
341 4039 498 4098 ademptam.-
519 4041 570 4090 edd.
586 4055 666 4088 omnes
683 4055 760 4088 caera-
788 4041 824 4086 ree'
835 4040 962 4099 servanda,
975 4054 1022 4087 reon
1030 4039 1169 4102 perdundae,
1184 4040 1307 4088 ceaddam

241 4103 331 4166 ptarta.
350 4101 421 4149 Enn-
449 4104 612 4165 Ererspara,
629 4104 707 4152 Rhan.
722 4103 760 4152 in·
787 4111 829 4152 ert.
845 4103 977 4167 Ulpianus:
989 4105 1071 4166 Siquis
1080 4102 1185 4157 wboadi
1195 4105 1315 4152 erminit-

232 4165 329 4230 telligit
339 4166 433 4214 litteras.
460 4166 505 4214 Sed
520 4167 658 4228 adjectivum
673 4168 698 4214 id
712 4169 760 4230 pri·
789 4167 885 4230 tetegit,
896 4174 924 4216 at
934 4167 1006 4232 neap.
1019 4183 1101 4216 carata
1116 4168 1209 4216 desset.
1231 4167 1306 4217 Recte

244 4245 311 4277 mum
334 4231 431 4278 occurrit
455 4231 517 4295 apud
540 4231 645 4280 Macrob.
670 4232 711 4295 qui
735 4233 760 4280 in
789 4233 852 4280 enim
877 4232 911 4281 ita
936 4233 994 4281 liber
1021 4231 1084 4280 Flor.
1116 4231 1191 4280 Inna.
1229 4233 1306 4282 Abest

245 4294 325 4342 Somn.
337 4296 399 4361 Scip.
412 4297 434 4360 1,
444 4297 466 4344 8.
479 4296 548 4345 babet
558 4299 698 4359 eaeraptorer
711 4299 760 4344 vtr-
789 4313 872 4344 eaarra
885 4297 956 4346 etiam
966 4299 996 4346 ab
1010 4297 1047 4348 ed.
1060 4313 1098 4361 pr.
1117 4295 1194 4347 Ean.
1213 4297 1279 4347 -Itenr
1291 4313 1309 4345 e

245 4365 314 4406 tuter.
694 4392 699 4398 ·
791 4358 1032 4428 Budanegtalt
