3059 4975
233 262 293 325 2⁴26
608 261 910 323 HlsToluanUM
925 263 928 267 ’
1131 264 1172 337 [s.
1187 280 1218 323 υ.
1231 268 1301 325 823.

233 440 312 504 ono,
335 428 459 493 sordida
480 450 553 516 pars
573 426 672 514 plebis
693 425 881 515 supplicium
901 426 1008 491 Sabini
1028 427 1180 512 exposcit,
1201 428 1301 492 minas

233 513 488 601 adulationesque
509 514 625 583 misoet.
669 514 812 578 Stantem
833 534 891 598 pro
912 511 1063 598 gradibus
1083 512 1190 597 palatii
1206 514 1301 577 vitel„

234 599 323 678 lium,
339 613 369 665 et
384 624 489 688 preces
502 612 674 688 parantem,
689 600 856 687 pervicere,
870 611 905 664 ut
917 597 1085 663 absisteret
1129 600 1217 661 Tum
1229 622 1302 663 con-

232 686 351 751 fossum
362 685 665 771 maceratumque,
680 698 712 749 et
725 684 827 772 capite
840 696 998 762 truncum,
1013 705 1128 769 corpus
1143 683 1250 748 Sabini
1267 686 1302 749 in

235 772 404 837 Gemonias
417 772 555 837 trahunt
906 792 908 802 ⁴
1053 824 1059 835 ,

277 854 427 925 LXXV.
451 858 515 923 Hic
527 858 630 923 exitus
648 857 708 922 viri
727 855 817 921 haud
835 876 909 920 sane
930 856 1104 943 spernendi.
1148 857 1302 944 Quinque

128 1011 130 1015 ,
233 955 264 1007 et
287 943 415 1031 triginta
438 942 591 1031 stipendia
613 945 646 1008 in
666 939 988 1029 Republicafecerat,
1009 940 1097 1007 domi
1118 942 1301 1030 militiaeque

233 1028 352 1093 clanis:
371 1029 806 1117 innocentnmjusdnamque
815 1027 885 1113 ejus
897 1050 962 1092 non
974 1050 1139 1115 argueres:
1154 1030 1304 1095 sermonis

233 1114 347 1179 nimius
361 1130 436 1180 erat.
483 1114 524 1180 Id
542 1132 642 1179 unum
664 1124 782 1201 septem
800 1112 901 1190 aunis,
914 1112 1207 1200 quibusMoesiam,
1221 1114 1300 1179 duo

233 1199 344 1277 decim,
364 1200 480 1288 quibus
501 1200 724 1264 Prmfeeturam
748 1198 836 1261 urbis
855 1197 1004 1276 obtinuit,
1025 1200 1234 1266 calumniatus
1254 1215 1302 1266 est

233 1308 349 1351 rumor.
395 1288 435 1349 In
449 1286 511 1349 fine
522 1284 596 1349 vitae
606 1284 658 1348 alii
672 1306 810 1373 segnem,
824 1283 917 1348 multi
930 1284 1127 1349 moderatum
1140 1297 1173 1351 et
1185 1287 1301 1350 civium

234 1371 393 1457 sanguinus
416 1390 545 1469 parcum
567 1369 732 1435 credidere.
778 1369 873 1447 Quod
894 1369 976 1434 inter
993 1393 1100 1435 omnes
1119 1372 1301 1451 constiterit,

233 1468 305 1521 ante
328 1456 542 1544 Principatum
566 1456 756 1544 Vespasiani,
780 1456 876 1520 decus
898 1455 1010 1521 domus
1032 1479 1127 1554 penes
1151 1458 1302 1522 Sabinum

233 1555 308 1607 erat.
333 1542 459 1606 Caedem
471 1543 541 1630 ejus
555 1542 659 1607 laetam
672 1542 769 1607 fuisse
779 1541 931 1607 Muciano
940 1564 1123 1629 recepimus
1146 1544 1303 1609 Ferebant

256 1627 385 1715 lenique,
409 1635 430 1667 “
446 1628 539 1692 edam
559 1628 629 1716 paci
642 1626 831 1706 consultum,
846 1626 1006 1713 dirempta
1012 1628 1209 1693 emulatione
1221 1630 1302 1693 inter

233 1650 324 1792 duos,
346 1736 481 1814 quorum
503 1713 580 1777 alter
600 1736 631 1779 se
649 1712 779 1777 fratrem
797 1712 1008 1799 Imperatoris,
1031 1713 1110 1777 alter
1127 1726 1301 1779 consortem

236 1800 366 1887 Imperir
387 1822 424 1865 eo
446 1798 565 1865 'tarent
608 1798 674 1863 Sed
687 1796 1003 1864 Vitellius.Consulis
1024 1798 1211 1887 supplicium
1232 1824 1303 1888 pos-

231 1884 312 1949 centi
335 1822 456 1973 popul¹
473 1884 596 1965 restitit,
614 1883 771 1983 placatus,
784 1907 821 1949 ac
835 1882 922 1968 velut
934 1884 1035 1949 neem
1055 1884 1201 1964 reddens,
1215 1887 1301 1974 quod

233 1970 506 2057 interrogantibus,
530 1978 553 2011 ‘⁶
568 1994 639 2058 quis
653 1970 833 2057 capitolium
854 1970 1069 2049 incendisset,”
1083 1994 1116 2035 se
1137 1994 1227 2035 reum
1240 1977 1302 2037 At-

233 2056 314 2121 ticus
326 2056 492 2145 obtulerat.
527 2057 640 2143 anue
655 2056 855 2136 confessione,
872 2054 935 2119 sive
948 2069 1058 2157 aptum
1073 2056 1205 2145 tempori
1218 2080 1302 2121 men-

233 2140 358 2207 dacium
387 2144 460 2222 fuit,
489 2139 638 2207 invidiam
663 2141 842 2229 crimenque
865 2164 1038 2228 agnomsse,
1062 2154 1094 2207 et
1117 2142 1303 2229 apartibus

234 2226 350 2293 Vitellii
364 2228 520 2306 amolitus,
534 2224 709 2292 videbatur.

277 2312 443 2379 LXXVI.
460 2313 577 2379 Iisdem
588 2312 699 2378 diebus
711 2310 909 2390 L.Vitellius,
919 2312 1027 2399 positis
1038 2309 1123 2399 apud
1135 2313 1302 2377 Feroniam

231 2399 349 2483 castris,
362 2398 483 2465 excidio
495 2398 675 2465 Tarracinae
685 2397 871 2463 inminebat:
887 2396 998 2463 clausis
1006 2396 1069 2463 illic
1078 2395 1303 2486 gladiatoribus

230 2484 474 2571 remigibusque,
498 2484 555 2572 qui
580 2509 642 2550 non
668 2483 774 2571 egredi
800 2484 923 2563 moenia,
946 2508 1048 2571 neque
1069 2483 1242 2571 periculum
1267 2486 1301 2549 in

231 2593 251 2634 a
290 2581 339 2633 rto
354 2571 521 2636 audebant.
565 2573 716 2652 Praeerat,
731 2583 768 2633 ut
783 2589 878 2656 supra
891 2569 1141 2644 memoravimus
1154 2571 1303 2634 Julianus

266 2653 468 2734 adiatonbus,
482 2653 674 2743 Apollinaris
688 2653 868 2740 remigibus,
882 2653 1007 2719 lascivia
1021 2654 1223 2742 socordiaque
1236 2652 1303 2742 glass

230 2679 386 2808 diatonum
401 2741 509 2829 magis,
523 2763 619 2829 quam
627 2739 756 2806 Ducum
771 2738 895 2819 similes,
910 2763 974 2806 nou
982 2738 1104 2827 vigilias
1119 2763 1222 2827 agere,
1238 2765 1301 2808 non

231 2828 334 2892 intuta
346 2827 496 2892 moenium
510 2827 645 2905 firmare,
660 2837 754 2890 noctu
770 2824 803 2888 di
843 2847 883 2890 ue
897 2825 976 2891 fluxi
995 2839 1027 2890 et
1040 2847 1163 2890 amoeua
1175 2826 1301 2892 litorum

231 2925 441 3000 personantes,
455 2913 488 2978 in
503 2913 706 2980 ministerium
720 2848 976 3000 luxuidispersis
989 2911 1150 2990 militibus,
1166 2913 1207 2977 de
1220 2913 1301 2978 bello

231 3012 353 3064 tantum
381 2999 461 3066 inter
484 2999 626 3066 convivia
650 2997 868 3084 loquebantur.
914 2999 1037 3062 Paucos
1056 3014 1129 3062 ante
1150 2997 1217 3064 dies
1239 2999 1300 3063 dis

231 3100 362 3150 cesserat
376 3085 514 3172 Apinius
529 3085 626 3152 Tiro:
651 3084 804 3170 donisque
817 3105 853 3146 ac
872 3082 1013 3170 pecuniis
1033 3084 1142 3148 acerbe
1204 3107 1302 3148 rmu-

229 3169 343 3320 iiiia
356 3167 586 3258 conquirendis,
606 3169 679 3257 plus
703 3167 831 3233 invidiae
845 3193 940 3255 quam
954 3169 1069 3234 viritim
1087 3170 1169 3256 parti
1191 3194 1229 3235 us
1248 3171 1302 3235 ad-

255 3277 274 3320 θ
315 3269 336 3320 t.
590 3303 593 3310 ·

276 3341 463 3406 LXXVII.
489 3341 620 3407 Interim
641 3341 682 3405 ad
698 3339 736 3404 L.
748 3339 908 3404 Vitellium
928 3364 1036 3405 servus
1050 3341 1194 3427 Verginii
1208 3340 1302 3428 Capi-

256 3605 380 3664 Stipendia
391 3607 417 3652 in
427 3577 529 3666 Repulsi
538 3573 652 3728 ficerat&
664 3603 744 3652 Verba
775 3612 841 3651 ctum
850 3604 930 3652 miuus
940 3618 996 3652 cum
1006 3604 1061 3667 Bip.
1071 3618 1134 3667 pono
1144 3611 1167 3651 et
1179 3604 1300 3666 sequentia

228 3671 254 3714 tn
265 3668 395 3728 RepublIca
407 3667 468 3727 mihi
480 3678 592 3734 suspects.
652 3682 749 3716 norsum
781 3667 812 3716 ad
822 3669 974 3729 lcqaeimm
985 3683 1060 3732 usque
1068 3683 1118 3715 uno
1125 3676 1200 3716 traam
1209 3669 1291 3731 jungo.

228 3731 749 3846 timidissimum
780 3732 1301 3846 tantaliealsmittm

229 3859 749 3926 amtpoernoneaaannaannmaqu
781 3812 1007 3922 nmilnrt,
1020 3861 1301 3927 unqusavapnan

230 3923 697 3989 manusticdedita.XXXVrtijrcndia
708 3929 751 3989 fe·
782 3925 975 3988 partibusfumae.
989 3927 1065 3977 Ean.

231 3995 312 4036 mar:
323 3989 349 4036 in
357 3991 416 4052 Rap.
424 3992 445 4037 d
453 4006 485 4040 m.
493 3993 578 4040 claren.
595 3991 662 4040 Infra
670 3991 750 4040 vitiose
793 4014 797 4020 ·
814 3991 855 4038 Ad
863 3993 893 4039 L.
905 3993 1040 4058 Vitellium]
1066 3993 1202 4040 prenomen
1208 3989 1300 4038 addunt

230 4053 283 4101 edd.
300 4063 354 4101 ante
369 4053 446 4102 Rhea.
461 4056 563 4119 dlrapta,
584 4071 626 4120 pro
641 4058 749 4106 dircmtc.
782 4055 845 4103 Flos.
864 4056 952 4120 (aua)
971 4057 1030 4122 Aga.
1045 4057 1123 4106 Guelf-
1141 4063 1195 4103 vett.
1211 4069 1304 4103 omnes.

229 4118 301 4166 Ean.
335 4119 374 4166 Ex
385 4117 478 4182 ingenio
488 4121 565 4170 Rhea.
575 4135 630 4170 nam
639 4121 702 4171 Eud
712 4123 749 4168 dt-
782 4120 878 4169 Excidit
897 4137 951 4170 casu
965 4123 991 4169 in
1006 4123 1043 4170 ed.
1055 4121 1179 4170 rincum
1201 4133 1266 4179 nam·
1275 4121 1301 4168 iu

202 4237 205 4246 Ι
231 4190 306 4246 repta.
340 4183 424 4232 Patdlo
439 4194 493 4234 ante
507 4185 571 4232 Bud.
587 4187 632 4231 alit
644 4187 750 4232 madara-
769 4186 922 4248 ‘eaprimuin
938 4187 1078 4235 interlibms
1091 4183 1300 4233 menadisideravi.

231 4255 292 4307 tum,
305 4247 382 4296 Rhan.
392 4252 471 4298 multi.
654 4289 656 4293 .
782 4249 894 4298 Renimit
910 4250 1022 4314 Ryclrius.
1055 4250 1118 4298 Max
1134 4249 1208 4299 MSS·
1222 4249 1299 4313 (Bud.

266 4315 299 4360 Ut
308 4329 382 4374 supra
392 4315 586 4377 memorantium]
603 4314 631 4361 G.
644 4313 684 4374 51.
781 4329 801 4361 a
809 4314 832 4360 1.
841 4314 888 4376 m.)
898 4316 961 4363 I'Ior.
974 4315 1035 4378 Agr.
1047 4315 1127 4363 enelf.
1139 4315 1175 4362 ed.
1188 4330 1224 4379 pe.
1244 4315 1301 4361 Vir-

265 4378 377 4427 Laeca'uic
388 4379 444 4441 etc]
471 4377 676 4428 Antehaeverba
687 4394 747 4442 pun·
780 4381 846 4440 gilii,
857 4390 885 4428 ut
896 4379 930 4429 H.
941 4380 1081 4441 4,·3.male.
1099 4377 1301 4445 CapitocatVer-
