3059 4975
229 292 261 335 t.
278 293 306 335 c.
321 276 388 351 rc]
610 277 695 339 tra
711 276 751 337 n.
773 278 865 339 car.
889 281 932 336 10.
1263 278 1301 335 ra

228 452 386 525 metatum
402 438 564 527 Cythnum
577 440 712 508 insulam
726 442 883 515 detrusus,
899 456 930 507 et
943 439 1078 505 militum
1092 436 1244 525 quosdam
1260 460 1300 503 ex

230 524 359 589 Oriente
374 528 611 591 commeantium
630 529 771 608 adscivit,
786 528 835 591 vel
855 528 1025 591 abnuentes
1047 524 1177 589 interfici
1196 524 1301 611 jussit,

229 626 262 675 et
275 611 412 697 spoliatis
427 612 683 697 negotiatoribus,
697 613 922 701 mancipiorum
932 610 1175 675 valentissimum
1190 632 1300 696 qnem-

229 719 291 781 que
304 698 444 761 armavit
488 698 772 786 centurionemque
793 700 961 775 Sisennam,
977 698 1113 771 dextras,
1127 695 1300 761 concordiae

229 781 372 878 insignia,
397 783 515 869 Syriaci
537 785 691 849 exereitus
709 786 833 850 nonune
852 783 893 847 ad
910 781 1116 847 Praetorianos
1135 780 1298 861 serentem,

229 867 322 931 varirs
338 868 458 933 artibus
477 869 643 955 adgressus
659 884 724 936 est:
748 870 847 935 donec
870 869 1007 947 Sisenna,
1028 866 1107 932 clam
1129 867 1235 931 relicta
1253 866 1300 931 in-

229 952 307 1031 sula,
330 969 377 1019 tre
399 955 472 1019 idus
492 970 524 1019 et
545 955 609 1019 vim
632 970 774 1021 metuens
794 954 976 1040 aufugeret:
1008 952 1082 1018 inde
1105 950 1166 1017 late
1188 966 1298 1031 terror,

229 1038 336 1103 multis
356 977 400 1103 ad
418 1040 627 1105 celebritatem
650 1041 782 1106 nominis
803 1040 920 1119 erectis,
943 1062 1048 1104 rerum
1068 1060 1220 1103 novarum
1244 1061 1299 1105 cu-

230 1123 341 1209 pidine·
352 1139 384 1189 et
397 1125 468 1189 odio
482 1128 692 1212 praesentium.

274 1211 340 1275 IX.
364 1210 553 1275 Gliscentem
566 1212 599 1277 in
614 1213 680 1277 dies
693 1213 810 1277 famam
826 1214 891 1277 fors
903 1209 1054 1275 discussit
1092 1208 1249 1275 Galatiam
1263 1232 1299 1275 ac

231 1296 450 1393 Pamphyliam
471 1298 645 1383 provincias
660 1298 831 1385 Calpurnio
846 1296 1014 1447 Apprenati
1028 1294 1180 1381 regendas
1195 1295 1301 1361 Galba

229 1396 428 1466 permiserat:
451 1382 534 1447 datae
547 1407 565 1446 e
579 1383 674 1448 classe
691 1383 860 1449 Misenensi
906 1406 955 1447 uae
976 1380 1114 1447 triremes
1133 1380 1173 1445 ad
1197 1404 1301 1467 prose-

229 1468 403 1552 quendum,
414 1491 487 1531 cum
501 1468 616 1554 quibus
627 1470 788 1556 Cythnum
803 1469 935 1533 insulam
949 1467 1058 1533 tenuit.
1082 1468 1149 1531 Nec
1160 1467 1299 1547 defuere,

231 1550 287 1637 qui
312 1552 494 1618 trierarchos
521 1553 645 1619 nomine
670 1555 805 1621 Neronis
829 1555 978 1621 accirent:
1012 1552 1040 1617 is
1062 1552 1094 1616 in
1123 1552 1298 1617 maestitiam

228 1637 428 1723 compositus,
442 1652 475 1703 et
488 1647 510 1678 “
524 1640 618 1703 fidem
638 1664 768 1705 suorum
789 1640 947 1727 quondam
968 1637 1127 1703 militum''
1142 1638 1298 1717 invocans,

231 1728 253 1760 “
267 1736 305 1787 ut
318 1746 390 1787 eum
403 1724 437 1787 in
453 1725 476 1789 S
499 1724 546 1789 ria
558 1740 615 1790 aut
628 1727 776 1814 AEgypto
791 1726 960 1805 sisterent‚”
974 1724 1092 1789 urebat.
1121 1724 1299 1791 Trierarchi

230 1821 385 1904 nutantes,
401 1750 553 1889 seudolo,
574 1812 825 1899 “adloquendos
845 1810 902 1877 sibi
922 1810 1044 1888 milites,
1060 1824 1091 1875 et
1104 1810 1223 1897 paratis
1233 1832 1300 1875 om-

229 1914 317 1957 mum
330 1893 442 1957 animis
454 1900 660 1971 reversuros,”
674 1900 884 1963 firmaverunt
931 1896 994 1961 Sed
1004 1896 1174 1982 Asprenati
1188 1909 1300 1961 cuncta

231 2000 272 2042 ex
292 1979 355 2043 fide
374 1980 534 2045 nuntiata:
554 1982 647 2067 cujus
664 1982 875 2047 cohortatione
888 1994 1068 2067 expugnata
1088 1980 1186 2058 navis,
1206 1994 1237 2045 et
1253 1980 1300 2045 in-

230 2065 379 2129 terfectus
397 2066 539 2152 quisquis
559 2065 611 2130 ille
624 2082 700 2134 erat
744 2068 879 2154 Corpus,
898 2066 957 2131 insi
1001 2064 1128 2130 eocnlis
1148 2089 1300 2154 comaque

229 2163 263 2214 et
281 2150 425 2215 torvitate
444 2151 561 2232 vultus,
580 2150 613 2215 in
627 2152 738 2219 Asiam
759 2166 855 2240 atque
873 2150 946 2217 inde
957 2089 1096 2217 {ornam
1118 2165 1299 2238 pervectum

230 2248 287 2302 est.

274 2322 319 2386 X.
336 2324 377 2386 In
387 2322 511 2389 civitate
520 2324 654 2390 discordi
667 2339 709 2402 et,
720 2326 762 2391 ob
773 2327 896 2391 crebras
907 2324 1088 2411 Principum
1102 2323 1298 2405 mutationes,

230 2405 310 2473 inter
319 2406 493 2474 libertatem
507 2433 543 2474 ac
555 2410 709 2476 licentiam
723 2411 850 2491 incerta,
863 2435 967 2500 paruae
976 2434 1101 2498 quoque
1115 2422 1164 2475 res
1178 2409 1300 2498 magnis

199 2571 204 2579 Ι
231 2497 367 2560 motibus
391 2497 572 2583 agebantur.
618 2498 729 2562 Vibius
750 2498 891 2585 Crispus,
916 2497 1058 2586 pecunia,
1081 2497 1229 2584 potentia,
1253 2496 1301 2562 in-

232 2581 324 2666 genio
336 2582 417 2646 inter
427 2581 524 2646 claros
538 2583 647 2670 magis,
659 2607 754 2671 quam
768 2587 849 2650 inter
862 2585 970 2660 bonos,
981 2582 1124 2650 Annium
1134 2581 1297 2662 Faustum,

232 2667 398 2754 Equestris
414 2667 542 2746 ordinis,
561 2668 618 2755 qui
636 2671 828 2757 temporibus
843 2670 977 2736 Neronis
996 2667 1164 2734 delationes
1178 2668 1300 2734 factita-

232 2767 329 2833 rerat,
342 2755 385 2818 ad
398 2753 604 2841 cognitionem
626 2757 759 2820 Senatus
772 2756 912 2822 vocabat.
957 2758 1040 2820 Nam
1053 2776 1170 2832 recens,
1187 2753 1299 2820 Galbae

233 2837 428 2927 Principem,
447 2853 629 2906 censuerant
643 2843 764 2921 Patres,
788 2848 810 2882 “
827 2856 862 2907 ut
876 2854 1090 2908 accusatorum
1109 2863 1226 2906 caussae
1245 2861 1300 2904 no-

268 3053 526 3118 Scithiaumimlam]
538 3051 753 3118 Parnes(etAgr.)
817 3053 955 3164 Sirtereaty
964 3049 1146 3100 constituerent
1181 3047 1219 3100 Sic
1230 3048 1263 3098 A.
1274 3050 1300 3108 2,

238 3117 368 3178 Cyrrhum.
400 3116 478 3167 Vatic-
510 3120 659 3180 sensnum.
672 3117 749 3179 (Bud.
783 3119 822 3166 14.
855 3119 917 3167 Suet.

237 3182 384 3239 Scitaaam.)
417 3182 480 3230 Vera
505 3182 582 3242 lectio,
610 3183 748 3244 Cythnum:
818 3182 956 3232 ructarent
973 3179 1149 3244 retamenta]
1174 3177 1302 3244 Inedpr.

236 3245 353 3310 quomodo
363 3247 429 3294 aiunt
439 3247 485 3308 legi
501 3245 525 3293 in
537 3246 601 3294 mor.
611 3262 664 3310 qne
674 3247 751 3295 insula
782 3248 939 3296 trierarctirr
952 3245 1010 3294 sorte
1020 3253 1102 3292 natum
1114 3260 1174 3292 esra
1185 3260 1226 3309 per
1236 3259 1299 3293 com-

234 3309 303 3371 juxta
313 3311 418 3360 Atticam
434 3313 478 3358 snb
490 3311 586 3358 Euboea.
621 3309 751 3360 Pliniana-
782 3311 893 3376 pendium
903 3328 921 3360 s.
932 3310 1032 3375 scripto:
1045 3325 1188 3374 quamquam
1199 3309 1224 3356 id
1235 3324 1299 3357 oom-

236 3374 373 3435 minuare,
387 3375 751 3488 ¹²·1i²²·)⁰‘pt⁰¹⁶¹¹¹ae⁰³’¹⁵·
782 3373 941 3424 modeabesse
956 3384 1038 3437 potest.
1071 3374 1132 3421 Mox
1149 3375 1299 3434 alloquendas

235 3437 412 3492 diciturnthoc.
449 3439 751 3491 hilonietiaminl'laccum
783 3440 856 3489 MSS.
876 3439 938 3487 Flor-
960 3438 1047 3498 tBud.)
1068 3436 1147 3485 Guelt
1165 3437 1224 3501 Agr.
1244 3435 1296 3484 edd.

236 3503 377 3561 conicitur,
395 3514 419 3552 et
437 3507 507 3568 juxta
524 3503 596 3553 Ceam
618 3504 749 3553 collocatur.
782 3519 861 3552 onmes
869 3511 990 3568 praeoerpr.
999 3501 1127 3566 quaehabet
1134 3501 1298 3562 amarandus.-

236 3567 267 3615 In
282 3567 538 3629 Zonarall,15.non
555 3580 614 3617 recte
631 3569 750 3632 scriptum,
782 3569 867 3617 vitiose
885 3567 956 3615 Ean.
990 3567 1044 3630 Bip
1056 3565 1116 3612 illud
1130 3581 1171 3613 ren
1186 3581 1210 3613 re
1276 3581 1297 3614 e.

235 3631 298 3680 hunc
308 3632 393 3682 falsum
405 3635 522 3682 Neronem
534 3633 558 3680 in
570 3635 665 3694 trajectu
676 3633 752 3697 Cydni
785 3633 882 3681 Perinde
891 3642 940 3686 estr
960 3631 1074 3679 omhtitur
1084 3639 1107 3677 et
1118 3631 1150 3678 A.
1163 3633 1187 3690 5,
1201 3631 1223 3677 l.
1259 3629 1299 3680 ud.

236 3697 311 3744 amnis
322 3697 482 3747 interiectum:
500 3696 579 3760 decepi
605 3714 636 3746 ue
646 3713 699 3746 eum
711 3697 753 3746 ad·
782 3697 820 3746 hic
830 3699 891 3746 male
901 3697 971 3745 hebet
979 3695 1132 3752 trior-archan
1140 3695 1239 3744 relatum
1251 3694 1299 3744 scil.

237 3761 476 3812 finitashecvccum.
492 3763 568 3810 lars.
626 3795 633 3808 .
644 3777 680 3825 pr.
694 3764 752 3812 Cia·
783 3763 813 3811 ad
829 3763 918 3810 orabat.
951 3763 991 3810 Ex
1008 3761 1052 3808 isto
1068 3761 1214 3822 adaquanda
1230 3759 1300 3808 Grnt.

237 3826 314 3874 tlaam.
345 3827 407 3876 Mox
423 3831 461 3875 vel
475 3843 517 3892 pro
533 3833 556 3874 et
572 3826 679 3874 dedimus
700 3836 753 3889 post
783 3827 931 3890 exsculpebat
952 3826 1109 3887 adaquemus,
1128 3834 1156 3872 ut
1177 3841 1214 3888 ap·
1232 3825 1300 3874 Suet.

236 3890 314 3954 Ryck.
329 3900 352 3939 et
370 3892 443 3940 Gran.
459 3909 472 3940 e
489 3891 552 3939 mor.
571 3891 651 3939 Guelf.
678 3889 750 3939 Ean.
784 3892 861 3940 Galba
873 3892 898 3948 7,
909 3892 1015 3956 ineoque
1025 3889 1070 3938 sibi
1078 3889 1174 3938 mirifice
1184 3890 1266 3954 placet.

237 3955 301 4003 Flor.
312 3965 336 4005 et
348 3955 412 4005 aua
425 3959 480 4005 vel.-
498 3954 528 4003 ad
538 3955 583 4003 hoc
593 3970 639 4002 non
651 3955 755 4004 adtendit
817 3957 952 4004 Delationes
956 3956 1127 4019 sarrtaverat]
1146 3955 1225 4004 Habet
1235 3970 1250 4001 a
1258 3951 1298 4001 ci-

237 4019 316 4068 Rhen.
371 4067 375 4074 ,
784 4035 864 4068 cetone
881 4021 905 4068 iu
924 4020 998 4068 Bruto
1016 4021 1055 4068 34.
1073 4021 1124 4082 qul,
1142 4035 1214 4082 qaum
1234 4023 1299 4065 tanto

267 4088 375 4134 Dextrae
385 4101 405 4135 c.
416 4085 475 4150 lan]
492 4084 554 4132 Vide
570 4094 618 4132 not.
631 4083 661 4134 ad
674 4086 697 4146 1,
710 4085 751 4133 54.
783 4087 877 4132 nomine
894 4093 960 4142 caret,
975 4090 1115 4147 patremque
1131 4085 1245 4146 optimum
1262 4081 1299 4126 vi·

236 4149 303 4198 Male
314 4149 392 4199 Rhea.
406 4149 541 4211 conjiciebat
551 4151 655 4197 dextero.
784 4166 840 4197 ram
858 4151 975 4197 habuisset
992 4157 1016 4197 ct
1030 4152 1098 4212 juris
1112 4148 1297 4212 peritissimum,

266 4215 308 4262 Aa
321 4216 520 4278 prosequendum,
532 4229 586 4262 cam
599 4215 695 4278 qubus]
712 4215 751 4264 Sic
784 4217 954 4263 accuratiorem
959 4215 1118 4278 factitaverit.
1151 4211 1240 4260 Grion.

236 4277 314 4327 Rhen.
328 4278 401 4328 edidit
417 4296 430 4327 e
444 4278 506 4327 Bua
519 4279 551 4326 sic
566 4287 589 4326 et
603 4278 683 4326 (laeli.
716 4279 753 4326 At
823 4280 996 4327 Accusatoram
1022 4291 1109 4328 enarra
1135 4269 1297 4332 numerentur]

226 4342 288 4393 edd.
309 4351 365 4392 vett.
381 4360 461 4392 omnes
479 4345 668 4407 prosequendum
688 4359 751 4405 ram,
784 4343 847 4392 Vide
869 4345 887 4392 si
913 4343 979 4392 lubet
1000 4341 1104 4405 pecunie
1125 4335 1206 4385 veteris
1227 4335 1252 4392 4,
1274 4331 1298 4382 ³·

236 4411 336 4471 quum:
353 4408 416 4472 quod
427 4423 473 4456 non
484 4408 588 4457 (lemnus
608 4407 680 4455 Ean.
784 4409 874 4458 Gaas.

956 3132 997 3180 ug.
1008 3117 1048 3163 28.
