3059 4975
235 228 293 286 aee
621 223 914 288 Hrsroamrturu
1144 232 1305 306 [nasae

234 412 299 468 rus,
314 387 429 478 majore
443 402 511 456 tum
522 389 553 453 vi
569 388 713 478 famaque
732 391 857 489 egem,
875 390 1065 456 certantibus
1075 391 1304 480 provinciarum

234 491 267 540 et
280 476 473 541 exercituum
483 474 602 540 studiis.
626 479 736 565 Atque
749 499 826 563 rpse,
841 488 878 539 ut
892 499 985 562 super
998 476 1155 541 fortunam
1168 479 1305 543 credere·

235 576 297 640 tur,
312 560 459 626 decorum
476 584 508 626 se
527 574 770 648 promptumque
788 561 936 625 inarmis
954 561 1145 641 ostendebat,
1160 563 1303 628 comitate

234 660 266 712 et
289 645 442 734 adloquiis
469 643 568 710 officia
594 669 781 742 provocans:
817 670 852 711 ac
881 646 1065 734 plerumque
1086 647 1117 711 in
1141 672 1247 736 opere,
1271 650 1303 714 in

307 731 367 810 ine,
390 731 534 819 gregario
562 730 652 795 militi
677 730 805 810 mixtus,
833 731 1019 819 inconrupto
1048 733 1146 827 Ducis
1174 736 1301 801 honore.

235 817 316 882 'lres
330 840 402 882 eum
415 815 448 880 in
467 819 491 880 J
492 815 583 894 udaea
596 812 742 903 legiones,
761 817 872 903 quinta
890 831 922 882 et
935 817 1054 884 decima
1067 831 1099 883 et
1111 818 1302 905 quintadeci-

234 925 296 980 ma,
312 917 401 966 vetus
421 900 604 989 Vespasiani
618 902 717 982 miles,
736 925 892 989 excepere.
937 902 1071 969 Addidit
1085 929 1102 969 e
1117 905 1208 992 Syria
1222 905 1300 970 duo-

233 987 384 1052 decimam
403 1000 434 1051 et
447 987 599 1052 adductos
613 986 806 1053 Alexandria
826 987 1119 1070 duoetvioesimanos
1141 990 1300 1057 tertianas-

232 1096 304 1158 que.
356 1071 595 1138 Comitabantur
621 1072 732 1160 viginti
764 1073 854 1138 sociae
881 1073 1031 1155 cohortes,
1060 1090 1130 1140 octo
1157 1076 1299 1163 equitum

232 1157 310 1222 alae:
343 1156 434 1222 simul
457 1157 602 1246 Agrippa
626 1159 850 1246 Sohemusque,
876 1159 925 1224 Re
979 1208 989 1239 ,
1011 1173 1043 1226 et
1063 1161 1180 1226 auxilia
1200 1162 1300 1249 Regis

233 1243 391 1322 Antiochi,
406 1242 571 1329 validaque
592 1255 633 1322 et,
649 1244 738 1309 solito
759 1245 840 1310 inter
855 1183 979 1309 adcoffi
995 1246 1078 1324 odio,
1098 1247 1218 1312 infensa
1238 1251 1300 1312 Ju-

232 1329 309 1394 daeis
319 1327 461 1394 Arabum
473 1351 599 1394 manus:
616 1329 717 1406 multi,
750 1352 808 1394 uos
820 1330 897 1395 urbe
908 1345 939 1394 at
963 1355 1003 1403 ue
1017 1331 1106 1397 Italia
1120 1356 1177 1397 sua
1190 1356 1299 1420 quem·

231 1439 294 1500 que
308 1437 377 1501 spes
390 1413 540 1478 acciverat
553 1355 916 1503 ooeupandilnncipem
931 1355 1034 1481 ddhuc
1047 1441 1192 1484 vacuum.
1235 1420 1298 1483 His

231 1523 304 1564 cum
317 1498 412 1586 copiis
425 1499 501 1562 lines
514 1499 650 1562 hostium
671 1501 839 1588 ingressus,
853 1501 1024 1588 composito
1038 1501 1172 1590 agmine,
1186 1507 1298 1570 cuncta

230 1586 405 1733 explorpns,
429 1597 619 1671 paratusque
640 1585 812 1665 decernere,
832 1586 919 1652 haud
938 1587 1047 1673 procul
1073 1587 1298 1677 Hierosolymis

230 1683 329 1735 castra
356 1683 425 1734 acrt.
1255 1689 1259 1697 ’

274 1756 320 1820 Il.
340 1754 411 1834 Sed,
426 1753 500 1842 quia
509 1753 634 1820 famosae
644 1755 729 1821 urbis
740 1779 918 1844 supremum
930 1756 1012 1822 diem
1023 1758 1167 1824 tradituri
1176 1783 1296 1842 sumus,

231 1974 387 2025 mdnnnlec.
405 1975 429 2024 8.
446 1981 600 2038 prepetuerc.
640 1974 746 2040 Suntque
782 1974 1192 2040 sedhoctammRyokianomelius.
1219 1977 1295 2042 lipsii

226 2041 333 2102 prolate
352 2042 474 2102 utriusque
491 2056 528 2088 rer
543 2039 639 2088 honores
654 2040 746 2104 utrique
782 2041 889 2088 conectio
908 2054 937 2088 an
950 2057 1004 2090 vera
1017 2041 1055 2100 sit,
1069 2055 1115 2089 non
1132 2057 1173 2106 pro
1186 2050 1247 2090 certo
1259 2044 1296 2091 di·

230 2104 308 2164 delati,
321 2114 347 2153 ut
357 2121 394 2168 ap
406 2105 488 2168 Virgil
501 2105 557 2152 AEn.
570 2108 593 2159 5,
602 2104 658 2152 541.
691 2107 746 2152 Nee
782 2120 840 2160 eam,
848 2103 972 2168 prasertim
984 2120 1038 2153 cum
1048 2121 1063 2153 a
1074 2106 1153 2154 multis
1164 2106 1296 2170 impugnari

230 2169 301 2216 bourn
312 2171 432 2230 Eurytion
439 2172 539 2232 prelato
550 2169 638 2216 incidit
652 2169 744 2227 ltorrori,
782 2169 887 2216 videam:
914 2169 1009 2232 dignam
1029 2169 1124 2232 quidem
1146 2170 1228 2218 Tacito
1246 2187 1295 2221 esse

230 2247 300 2296 quem
314 2250 336 2283 v.
347 2235 403 2280 534.
415 2233 504 2280 dixerat
513 2239 627 2280 exsortem
644 2232 659 2279 i.
671 2248 690 2281 c
703 2247 744 2281 ex·
781 2233 854 2280 medo.
887 2233 939 2281 Nec
954 2247 1060 2296 spernam
1072 2233 1166 2281 Trilleri
1179 2235 1295 2296 conjectu-

230 2305 265 2346 tra
275 2297 378 2346 ordinem
388 2297 498 2346 delatum.
519 2297 554 2345 Ut
560 2296 675 2344 codicibus
686 2311 744 2361 qno-
780 2311 830 2344 ram
845 2297 1005 2361 orep-⁹212.
1020 2313 1033 2346 e
1049 2297 1152 2361 vestigiis
1163 2297 1212 2345 eod
1230 2299 1293 2347 nur,

230 2376 276 2425 que
286 2362 315 2411 sit
328 2361 436 2426 prelatus
450 2361 531 2420 honos,
542 2361 626 2424 recipio
636 2361 745 2410 emenda-
779 2360 875 2423 legentis
890 2363 998 2424 reperior
1018 2363 1105 2410 anime.
1129 2361 1210 2410 ‘Licet
1224 2364 1294 2413 etiam

229 2427 324 2487 tionem,
346 2426 389 2475 etsi
410 2440 456 2474 non
477 2441 567 2491 negem,
590 2426 743 2486 conjecturam
779 2425 845 2473 nobis
855 2427 999 2489 conjectare?
1016 2427 1085 2474 Forte
1094 2427 1294 2493 fmemmaepar

230 2491 339 2539 Rhenani
349 2491 451 2539 multum
462 2492 520 2539 milri
534 2490 641 2539 blandiri.
673 2490 744 2549 Quod
772 2491 881 2553 fortune
902 2508 935 2537 cr.
958 2507 1011 2565 quae
1029 2501 1089 2539 certe
1109 2492 1220 2540 sententia
1239 2494 1295 2543 huic

230 2563 307 2601 anta·
322 2565 375 2602 ante
392 2557 471 2600 cerrus
486 2554 629 2602 inserendam
644 2556 746 2615 particu-
779 2552 830 2601 loco
844 2562 878 2601 est
891 2554 1016 2617 aptissima.
1039 2554 1111 2603 Ena.
1144 2556 1249 2621 Vulgata
1262 2559 1294 2607 le-

229 2618 335 2679 lamjum
344 2618 449 2678 judicant
456 2618 487 2666 Bi
506 2617 578 2664 .mihi
590 2632 635 2663 non
643 2630 745 2664 necessa-
779 2616 824 2663 ctio
829 2619 882 2678 jure
892 2632 933 2664 suo
943 2632 989 2664 non
999 2618 1104 2681 displicet
1111 2620 1225 2679 Pitho-ae,
1233 2623 1295 2669 Seli.

228 2682 290 2733 rium
312 2682 417 2739 videtum
441 2680 488 2729 inte
508 2680 513 2691 “
531 2679 577 2727 'tur
604 2677 691 2744 quippe
715 2694 744 2728 ex
778 2680 849 2739 nario,
858 2679 974 2738 Acidalio,
986 2681 1294 2739 Gmtero3eedemendatio

229 2760 300 2805 nexu,
312 2756 334 2797 et
344 2745 480 2810 precedenti
490 2744 539 2795 voci
550 2744 672 2807 subjuncta
682 2745 743 2793 euri·
779 2742 855 2808 Lipsii
864 2745 957 2808 optimis
967 2745 1082 2794 codicibus
1091 2747 1165 2809 magia
1173 2739 1330 2810 convenies*⁸

229 2812 274 2860 bus
284 2812 374 2875 ingrata
384 2810 458 2858 fuerit
778 2822 820 2855 nec
831 2808 1079 2875 peteaundevulgata
1089 2810 1204 2860 sitdueta.
1244 2856 1248 2862 .

226 2890 228 2895 ·
265 2876 532 2939 Utsepers'orruiJem]
546 2874 695 2939 Hio'quoque
707 2888 744 2923 me
814 2873 1024 2935 r'reseumumm
1037 2874 1091 2923 MS.
1100 2876 1293 2927 Guellietindea

229 2939 293 2988 loeus
312 2940 352 2989 diu
369 2940 443 3000 torsit,
458 2955 499 3003 per
515 2939 618 3002 singulos
633 2940 708 3003 apices
722 2948 745 2987 et
779 2936 855 2985 Rhen.
865 2953 947 2985 omnes
957 2938 1008 2985 edd.
1035 2938 1071 2987 At
1082 2938 1138 2988 MS.
1148 2941 1210 2988 Bud.
1222 2958 1291 2990 eum:

228 3004 311 3055 duetus
326 3005 444 3069 seriphum
459 3002 540 3053 veteris
560 3011 660 3052 euntem.
699 3003 745 3051 Sed
777 3001 828 3049 edd.
838 3002 1198 3068 encaeniarum-sapa
1212 3009 1291 3054 ἐνθείη

228 3070 356 3121 exclamare
366 3067 677 3131 taudemcnmPhilosopho
690 3082 743 3131 pos-
778 3066 838 3113 Jud
859 3066 931 3129 Ean.
963 3067 1040 3116 Rhea
1062 3069 1193 3118 emendarit
1210 3086 1239 3119 ex
1254 3073 1291 3119 in-

229 3149 281 3181 sum
293 3134 379 3196 ripaue
413 3131 528 3181 Budensis
541 3131 624 3179 habuit
637 3133 743 3194 superior
777 3130 852 3194 genio.
908 3184 911 3192 ‚
1250 3156 1255 3172 2

228 3212 302 3244 artem
309 3199 449 3245 crederetur.
456 3196 657 3257 Vatia-'reperiere
664 3212 742 3243 enom.
810 3196 913 3245 Addidit
923 3211 935 3244 e
945 3198 1017 3259 Syrio
1028 3199 1083 3263 ete]
1101 3198 1139 3248 Sic
1146 3199 1208 3247 edidi
1215 3215 1244 3248 ex
1254 3200 1289 3249 ae

227 3260 269 3308 Ex
280 3275 334 3324 quo,
351 3261 394 3309 rix
404 3260 494 3308 derebus
509 3259 590 3308 litteris
600 3260 681 3309 leviter
690 3275 743 3309 rnn-
777 3274 813 3321 pr.
824 3274 877 3324 quae
884 3268 977 3310 estrera
986 3262 1059 3311 lectio.
1077 3264 1116 3312 Sic
1126 3273 1160 3311 eat
1170 3274 1193 3312 et
1202 3264 1227 3311 in
1235 3265 1290 3312 MS.

227 3325 338 3385 tentibus,
349 3325 424 3373 facio:
441 3327 489 3387 ipre
500 3330 604 3387 etseper
604 3326 742 3387 fortunam,
778 3322 839 3386 Reg-
872 3325 1170 3387 Prepesitioeestinedd.
1182 3329 1291 3377 omnihus

227 3390 326 3453 eleganti
342 3388 460 3438 mutantia.
499 3388 577 3451 Titus,
593 3389 678 3453 inquit,
692 3390 743 3451 jam
777 3396 831 3434 aute
840 3388 917 3436 Rhen.
949 3390 988 3437 Ea
1000 3391 1025 3437 in
1041 3391 1094 3439 MS.
1107 3391 1185 3439 ouem
1199 3399 1291 3440 mutata

227 3462 279 3503 tum
290 3454 393 3518 privatus
403 3455 478 3502 clarus
493 3453 554 3503 bello
564 3470 571 3501 ε
589 3468 651 3501 nunc
667 3453 742 3503 multo
777 3460 811 3499 est
821 3452 846 3500 in
856 3455 888 3513 et,
898 3462 927 3502 ut
935 3454 1037 3502 althea.
1044 3454 1068 3502 in
1076 3462 1107 3514 et,
1117 3465 1290 3504 utrensuscon.

227 3518 362 3583 promptior,
378 3528 405 3567 ut
418 3532 498 3580 parem
513 3517 550 3567 rel
566 3518 704 3582 superiorem
717 3532 742 3567 se
776 3524 853 3565 staret.
888 3517 1045 3567 Sedtr'adidit
1054 3518 1290 3583 vitiosumesse'petet

226 3584 304 3647 potius
313 3583 405 3631 fortuna
419 3582 462 3630 hae
475 3582 626 3646 Imperatoria
638 3581 742 3631 ostende·
776 3595 805 3628 ex
824 3596 859 3642 eo,
872 3582 936 3645 qnod
950 3579 976 3629 id
990 3585 1086 3631 verbnm
1102 3582 1171 3646 plane
1187 3582 1303 3632 alienum·

226 3656 268 3695 ret.
301 3647 428 3695 Rhenanus
437 3646 569 3695 dirinabatr
587 3648 742 3711 retrupertori
776 3652 811 3693 est
825 3660 841 3693 a
855 3646 1002 3710 aequenu‘bns
1017 3647 1129 3693 neutros
1140 3648 1289 3695 Alexandria
1314 3686 1318 3691 ,

227 3713 267 3759 via
280 3712 450 3773 ingrederetur.
467 3711 560 3760 Fames.
571 3720 649 3760 autem
660 3710 710 3759 ond.
720 3719 744 3759 et
775 3711 798 3757 d·
810 3716 827 3757 t.
839 3724 892 3758 enm
903 3710 952 3757 haec
961 3716 1041 3757 eontm
1050 3709 1170 3773 apdrrima
1179 3712 1226 3761 siut
1239 3727 1290 3759 ver-

226 3774 298 3831 Rom.
310 3777 396 3835 abeunt
407 3778 436 3824 ab
446 3776 490 3825 hoc
500 3776 584 3840 scripto
597 3774 698 3838 longius,
715 3781 742 3823 et
774 3775 913 3823 booddidit.
930 3773 1002 3822 ΕΒΗ.
1028 3773 1093 3822 Bud.
1101 3783 1129 3824 ut
1138 3776 1202 3841 vulg.
1214 3778 1289 3825 tradi-

226 3841 443 3901 sepertoeomniem
450 3842 590 3889 crederetur.
603 3839 679 3889 Iura.
698 3840 741 3887 Li·
775 3839 833 3886 eea
844 3840 924 3900 Syria.

225 3902 469 3970 psiicorroctionemre
510 3905 530 3953 it
540 3904 650 3964 Piehena,
665 3920 741 3953 serva·
778 3934 781 3940 ,
807 3903 1289 3971 Principemodheenaceemfformadi·

225 3920 741 4097 centensimam
774 3966 1288 4083 tama,

225 4099 263 4211 pet
278 4099 337 4161 Reg.
349 4094 424 4159 Irall.)
438 4112 535 4172 eamque
548 4098 668 4147 lectionem
681 4114 740 4162 prae.
776 4097 815 4149 Ita
831 4096 948 4158 Princeps
960 4112 1047 4147 vernes
1062 4108 1104 4157 ent,
1119 4098 1185 4160 cujus
1195 4096 1288 4145 animus

236 4170 271 4210 ert
281 4162 393 4224 Ryckius‚
411 4177 464 4225 qua
477 4161 536 4207 mihi
551 4162 619 4209 nimia
630 4161 740 4225 languida
774 4159 878 4209 nondum
889 4162 984 4209 inclinat
994 4162 1018 4209 in
1029 4162 1138 4237 aliquem,
1149 4163 1188 4211 eui
1202 4161 1227 4208 in
1238 4161 1287 4223 pri-

225 4224 321 4275 videtur.
344 4226 416 4275 MSS.
429 4225 506 4274 Guelt'.
518 4224 740 4286 Onon.etimperio
773 4225 818 4272 mia
833 4224 910 4273 credat
924 4239 957 4284 ae,
978 4242 1048 4289 quem
1066 4242 1092 4275 rn
1111 4226 1193 4289 primis
1208 4225 1287 4274 audiat

226 4290 372 4351 dmerjem
384 4291 525 4337 crederetur.
551 4286 615 4337 Mihi
626 4296 649 4336 et
663 4288 706 4337 hoc
716 4298 739 4338 et
774 4297 815 4337 etr.
832 4304 847 4336 a
862 4304 910 4352 quo
924 4304 1007 4351 genere
1017 4290 1135 4354 Principes
1149 4290 1286 4354 plerumque

226 4352 331 4407 alterum,
343 4352 434 4417 Ryclrio
444 4354 576 4416 probatum,
587 4361 681 4401 conatus
690 4366 739 4401 eer-
773 4361 890 4416 reguntur.
923 4352 1032 4419 Estergo
1044 4354 1170 4405 bellissime
1179 4368 1288 4419 expressa

225 4412 348 4477 rigandum
375 4424 510 4481 corruptum
536 4414 614 4467 locum
641 4416 739 4480 videtur,
773 4417 891 4469 recentia.
907 4417 980 4469 Ean.
1316 4411 1322 4425 ‘
