3059 4975
221 294 260 349 94
603 282 905 347 arsronmnum
1110 282 1290 361 [susas

222 452 413 519 scerentur.”·
453 450 495 516 Id
515 450 837 517 Senatus-consultum
859 451 944 514 varie
961 450 1113 536 jactatum
1134 462 1174 526 et,
1194 460 1289 535 prout

220 553 332 627 potens
356 539 405 603 vel
429 538 519 625 inops
540 562 611 603 reus
635 538 795 615 inciderat,
819 537 976 599 infirmum
1001 547 1057 599 aut
1077 534 1217 599 sialidum
1242 559 1289 599 re-

221 624 386 688 tinebatur.
430 625 487 688 Ad
501 624 560 688 hoc
575 625 699 688 terroris
712 638 744 687 et
757 622 884 711 propria
897 621 929 685 vi
944 621 1074 707 Crispus
1092 621 1287 698 incubuerat,

221 710 390 774 delatorem
399 711 504 774 fratris
519 711 567 775 sui
579 724 772 797 pervertere:
790 721 926 773 traxerat
948 730 989 771 ue
999 728 1144 793 magnam
1157 708 1288 771 Senatus

221 809 353 882 partem,
369 803 392 835 “
406 810 443 860 ut
462 796 659 861 indefensum
672 808 703 859 et
723 795 901 859 inauditum
921 730 994 857 dedi
1008 792 1048 857 ad
1063 792 1218 857 exitium”
1232 814 1288 879 po-

220 881 381 947 stularent.
425 882 544 945 Contra
556 883 643 967 apud
662 881 738 946 alios
758 880 835 944 nihil
851 903 941 967 aeque
954 902 1008 943 reo
1021 878 1176 977 prpderat,
1192 900 1288 964 qnam

221 967 317 1031 nimia
328 968 467 1053 potentia
477 968 683 1034 adcusatoris:
699 974 723 1007 ‘⁶
734 968 802 1032 dari
816 981 951 1053 tempus,
966 964 1016 1029 edi
1030 986 1166 1042 cnmrna,
1178 986 1288 1050 quam·

219 1053 267 1116 vis
280 1054 414 1117 invisum
430 1078 465 1117 ac
479 1068 651 1132 nocentem,
666 1076 751 1117 more
762 1066 867 1117 tamen
881 1050 1101 1128 audiendum,''
1113 1050 1286 1114 censebant.

221 1141 268 1203 Et
288 1138 413 1203 valuere
432 1140 544 1226 primo,
567 1134 725 1227 dilataque
746 1140 780 1202 in
804 1162 920 1225 paucos
941 1137 1007 1201 dies
1027 1136 1181 1223 cognitio:
1213 1158 1287 1199 mox

220 1224 386 1289 damnatus
399 1243 446 1292 est
461 1228 609 1304 Faustus,
623 1248 822 1312 nequaquam
837 1248 874 1289 eo
888 1223 1020 1287 adsensu
1034 1221 1178 1300 civitatis,
1193 1243 1287 1308 quem

218 1310 358 1397 pessimis
380 1312 520 1375 moribus
542 1326 716 1375 meruerat:
738 1312 857 1408 quippe
877 1311 981 1396 ipsum
997 1309 1143 1393 Crispum
1165 1306 1288 1371 easdem

219 1396 432 1461 adcusationes
450 1419 522 1461 cum
543 1398 672 1483 praemio
685 1419 858 1462 exercuisse
878 1395 1099 1459 meminerant:
1120 1416 1177 1458 nec
1196 1414 1289 1480 poena

218 1480 365 1560 criminis,
380 1481 435 1546 sed
448 1482 533 1546 ultor
545 1482 734 1569 displicebat.

269 1568 335 1632 XI.
359 1569 450 1638 Laeta
463 1566 586 1633 interim
601 1569 718 1633 Othoni
739 1567 891 1655 principia
911 1566 995 1645 belli,
1013 1567 1105 1630 motis
1126 1565 1167 1630 ad
1189 1566 1288 1651 impe-

219 1654 302 1717 rium
314 1653 382 1741 ejus
396 1678 413 1717 e
426 1654 583 1718 Dalmatia
594 1655 817 1741 Pannoniaque
828 1653 1030 1717 exercitibus:
1054 1652 1142 1716 fuere
1152 1664 1288 1738 quatuor

219 1739 374 1825 legiones:
402 1742 554 1825 equibus
574 1741 648 1804 bina
669 1740 765 1803 millia
787 1737 963 1825 praemissa3
993 1738 1068 1825 ipsae
1090 1737 1218 1802 modicis
1240 1737 1288 1799 in·

220 1824 354 1889 tervallis
376 1828 600 1912 sequebantur:
624 1827 754 1913 septima
768 1850 787 1889 a
802 1822 905 1889 Galba
919 1824 1110 1911 conscripta;
1134 1839 1287 1887 veterana*

219 1911 384 1978 undecima
399 1935 436 1975 ac
448 1911 667 1990 tertiadecima,
682 1927 714 1976 et
733 1912 892 1999 praecipua
904 1910 990 1975 fama
1003 1908 1287 1997 quartadecumani,

221 2177 224 2183 ’
257 2166 331 2214 Varie
339 2169 472 2231 jactatam]
490 2167 564 2226 Quod
581 2182 629 2215 non
643 2168 742 2216 eandem
773 2166 1185 2232 profectumesseterrorevidmtnr.
1218 2166 1244 2215 Si
1255 2174 1289 2213 ta-

155 2334 157 2340 .
221 2231 742 2361 ffitmhtlttthttht‘ttt
774 2231 1287 2361 ttthtthtttthlttltthth

222 2359 330 2422 explicat
356 2358 430 2407 cicer.
445 2359 494 2407 Offi
508 2362 533 2417 3,
551 2361 590 2407 20.
602 2362 741 2424 jactabatur
774 2362 871 2419 Adhoec,
887 2362 968 2419 adhoc,
986 2362 1078 2407 adhunc
1094 2376 1153 2423 saepe
1169 2358 1194 2407 in
1212 2358 1286 2417 libris,

222 2438 344 2482 nummus,
355 2425 390 2470 ste
401 2429 429 2472 at
439 2438 506 2471 aenw
517 2426 577 2471 scire
584 2433 671 2487 posset,
683 2428 741 2490 qaid
774 2426 842 2475 etiam
860 2426 907 2485 his,
926 2425 1106 2473 confunduntur.
1145 2427 1186 2473 Vis
1202 2422 1287 2471 intelli-

222 2490 335 2538 meaa:
347 2503 439 2552 nempe,
452 2490 507 2554 quia
517 2490 588 2538 modo
598 2492 659 2555 plus,
670 2492 740 2541 modo
773 2493 848 2554 genda
859 2492 888 2540 de
899 2491 980 2554 gratia
992 2489 1171 2548 concursatione,
1182 2490 1287 2553 precibus

224 2553 304 2602 minus
319 2553 426 2601 valebatz
444 2555 586 2618 omninoque
597 2559 689 2618 jactari
704 2557 739 2604 di.
774 2557 926 2604 etsimilibus.
944 2555 1016 2602 Eure.
1036 2553 1140 2602 Freinsh.
1148 2554 1200 2603 vult
1208 2556 1287 2601 adhoc

221 2626 314 2677 cuntur,
324 2633 377 2681 qua
387 2618 611 2680 agitantcertoloco
619 2621 740 2670 consistere
773 2628 868 2669 terrore.
893 2621 988 2668 Rectius
999 2619 1075 2668 Rhen.
1087 2621 1171 2668 adhoc
1182 2621 1294 2667 terroris.-

223 2697 271 2730 non
287 2682 374 2730 sinunt
408 2685 563 2732 Retiuetatur
577 2701 645 2749 porro
657 2686 681 2734 id
692 2686 738 2735 SC.
772 2686 828 2750 Bip.
839 2687 870 2732 ad
882 2687 949 2733 hocce
962 2686 1071 2732 terroris.
1102 2684 1193 2731 Verum
1206 2684 1238 2731 sic
1252 2699 1287 2731 se-

223 2747 278 2796 Etsl
293 2749 337 2796 sub
349 2747 427 2795 Galba
440 2748 528 2796 fanum
543 2749 652 2799 adversus
663 2753 739 2800 Nero-
773 2765 846 2814 quens
856 2759 878 2798 et
889 2749 950 2801 valet
959 2752 1039 2798 ettam

223 2813 298 2860 nianae
305 2811 434 2875 tyrannidis
440 2815 601 2872 instrumenta,
609 2826 739 2864 tamennon
804 2817 903 2864 Fratris
911 2816 961 2878 sai]
974 2814 1041 2863 Vibii
1051 2811 1153 2872 secundi,
1162 2812 1191 2862 de
1199 2828 1245 2876 qno
1253 2812 1287 2860 Α,

217 2877 358 2924 'abolebatur
369 2879 399 2925 ab
409 2877 513 2937 Othone,
529 2879 571 2926 etsi
586 2881 678 2928 favente
690 2881 739 2928 Ne·
776 2881 815 2936 14,
827 2881 867 2927 28.

222 2941 330 2989 ronianis.
349 2941 566 3006 Itaquenonopus,
578 2960 632 2992 cum
643 2946 668 2993 J.
680 2945 740 2993 Gro-
812 2947 933 3004 Megumn
954 2946 1056 2992 Senatus
1072 2945 1180 3006 portem]
1213 2942 1287 2991 MSS.

223 3006 292 3056 novio
311 3022 420 3070 quaerere,
439 3008 496 3071 quid
518 3009 562 3056 sibi
580 3009 625 3058 hoc
643 3011 739 3058 verbnm
772 3009 834 3057 Bud.
849 3007 954 3055 (inelia
970 3024 1002 3056 m.
1015 3023 1048 3071 pr.
1062 3010 1234 3068 magistrates:
1252 3007 1287 3054 vi-

224 3071 287 3119 tellt
313 3072 425 3119 Retinere
434 3087 521 3118 morem
529 3072 588 3120 dixit
599 3074 738 3121 CiceroFin.
773 3073 838 3122 tiose.
872 3073 908 3119 At
914 3074 1072 3134 portularent,
1083 3071 1145 3134 quod
1156 3071 1286 3120 esteFlor.

224 3137 249 3197 2,
263 3137 321 3183 La
336 3136 382 3183 alii.
417 3139 528 3184 Retinere
544 3140 687 3185 monimenta
702 3139 740 3185 in·
773 3137 843 3185 etiam
853 3138 888 3185 ed.
900 3153 934 3200 pr.
948 3138 1016 3185 ceteri
1032 3152 1072 3185 scr,
1085 3136 1120 3200 (in
1130 3135 1167 3185 his
1178 3135 1253 3198 Bud)
1265 3146 1288 3184 et

221 3201 290 3262 genii
307 3209 384 3248 noster
393 3200 459 3248 Ann.
471 3203 496 3259 4,
513 3202 552 3247 61.
568 3211 596 3249 ut
610 3212 739 3266 opponatur
773 3201 825 3250 edd.
841 3218 915 3266 usque
930 3201 960 3250 ad
977 3202 1041 3250 Pich
1056 3203 1193 3262 postularet.
1227 3202 1288 3248 item

225 3267 260 3322 τῷ
280 3265 379 3323 abolere,
402 3265 487 3312 tollere
513 3265 584 3314 Enx.
626 3267 740 3316 Trillerus
773 3269 888 3326 manum,
905 3275 932 3314 ut
943 3267 1021 3315 Rhen.
1032 3265 1103 3314 edidit
1119 3267 1143 3330 (e
1154 3263 1245 3327 Bud);
1264 3274 1288 3312 at

225 3328 283 3376 Obs
295 3329 344 3375 crit
359 3330 382 3389 l,
399 3331 421 3376 8.
437 3329 569 3378 emendasse
583 3347 607 3379 se
622 3340 691 3394 putat
705 3334 740 3380 lo·
773 3331 852 3380 Guelf.
865 3341 888 3379 et
899 3331 949 3380 edd.
963 3343 1043 3380 cetera
1055 3333 1182 3394 trptmnam.
1199 3333 1270 3379 Ειιιι.

224 3407 288 3451 cum,
305 3393 410 3456 legendo,
428 3396 537 3456 infirmae
553 3397 617 3444 hored
639 3399 739 3457 validm,
805 3393 1287 3459 Laeatnterem18100mnesscr.etedd

225 3458 273 3506 scil.
285 3473 355 3515 reus;
372 3458 413 3507 sed
423 3459 477 3522 quis
486 3459 512 3506 in
523 3458 606 3509 Tacito
615 3461 676 3509 hanc
685 3470 740 3508 Ταυ-
773 3470 828 3510 vett.
843 3462 873 3510 In
886 3459 985 3508 secunda
993 3459 1070 3508 Rhen.
1082 3459 1167 3508 excidit
1175 3462 1287 3508 interim.-

226 3526 330 3580 τολογίαν
340 3523 418 3572 ferat?
434 3523 500 3572 Bene
507 3523 578 3573 habet
586 3525 649 3590 vulg.
658 3526 682 3573 in
693 3542 741 3591 quo
773 3526 872 3574 restituit
880 3525 982 3572 Pichcna
993 3526 1017 3589 (e
1026 3522 1109 3586 Flos).
1137 3525 1199 3572 lllox
1208 3526 1289 3572 cDal-

225 3587 348 3647 teejlrmam
370 3590 419 3637 SC.
432 3590 507 3650 inopi,
525 3591 631 3637 validam
649 3594 741 3654 potenti
773 3594 847 3638 motta
863 3589 962 3648 restituit
978 3589 1097 3654 Ryclxius3
1120 3605 1162 3638 nec
1178 3591 1232 3648 scio,
1249 3604 1290 3636 cur

223 3665 263 3698 reo
273 3652 400 3716 respondet
417 3650 462 3702 Vis
470 3653 515 3703 SC.
524 3653 579 3716 plus
589 3655 695 3703 minusve
705 3655 742 3702 in·
775 3655 905 3703 Gronovius
921 3653 945 3702 id
962 3668 1008 3702 non
1024 3653 1127 3704 imitatus
1143 3653 1181 3714 sit,
1192 3669 1246 3702 cum
1259 3653 1289 3701 sit

223 3716 361 3763 tendebatur
371 3733 413 3780 pro
423 3717 552 3766 conditione
561 3735 659 3767 reorum.
774 3718 837 3768 haud
855 3719 926 3769 dubie
943 3717 1025 3766 vitium
1042 3733 1163 3784 operarum
1180 3735 1194 3766 a
1206 3721 1287 3767 Dalm.

257 3781 348 3828 Anac
362 3788 452 3829 terrore
465 3789 488 3830 et
500 3787 602 3845 proprio
614 3786 651 3849 vi]
676 3783 742 3843 Quid
791 3784 837 3831 uod
856 3783 881 3831 in
895 3783 1083 3832 mendenen
1096 3783 1192 3847 irrepsit.
1217 3785 1287 3831 Enx.

225 3843 379 3903 &Attene
390 3854 512 3895 terrorem.
538 3849 613 3910 Super
623 3849 667 3897 hoc
677 3849 742 3896 terri·
774 3800 881 3910 intellige
892 3847 1025 3906 secundam,
1036 3863 1092 3896 nam
1107 3849 1288 3912 priorhabete‚·

224 3909 382 3958 calamentum
392 3912 491 3960 Senatus
499 3913 605 3970 consulti,
614 3913 684 3960 etiam
695 3928 742 3960 non
774 3913 807 3962 sic
817 3923 840 3962 et
850 3914 913 3961 Flor.
923 3911 986 3961 Bud.
995 3913 1056 3976 Agr.

226 3973 347 4034 terriculis,
366 3976 406 4024 sed
424 3976 448 4024 vi
469 3975 606 4040 eloquentia
623 3985 646 4024 et
661 3977 742 4040 gratia
809 3979 934 4041 Praecipua
939 3979 1010 4041 same
1018 3976 1236 4040 quartadecumani]
1250 3976 1289 4024 Sic

226 4053 275 4087 nra
282 4039 435 4088 annitebatur.
455 4041 545 4088 Gnou.
563 4041 670 4090 Firmant
678 4043 740 4090 Flor.
775 4042 827 4091 edd.
839 4057 919 4091 omnes
929 4051 983 4090 aute
993 4043 1144 4102 Rhenanum,
1157 4051 1180 4089 et
1190 4041 1253 4088 Flor.
1261 4049 1289 4088 ut

226 4103 290 4152 Bud.
302 4105 344 4167 qui
359 4105 446 4154 habent
461 4106 492 4150 ud
509 4106 573 4153 hanc
590 4109 699 4164 terroris,
719 4116 742 4156 et
773 4116 839 4171 puto,
851 4108 907 4172 quia
914 4107 949 4154 nil
956 4108 1043 4155 notavit
1050 4109 1151 4155 Gronov.
1167 4105 1203 4153 At
1213 4105 1287 4154 MSS.

226 4168 287 4232 Agr.
299 4169 334 4217 ed.
346 4185 381 4233 pr.
392 4171 424 4216 ed
431 4171 494 4215 haenc
503 4177 600 4218 terrere.
616 4171 653 4218 At
661 4172 740 4220 Guelf-
775 4171 838 4220 Bud.
846 4173 924 4220 Guelf.
932 4172 1004 4235 (Reg.
1012 4171 1084 4234 Lall.)
1092 4169 1143 4219 edd.
1150 4179 1202 4234 post
1210 4169 1290 4218 Rhen.

227 4233 321 4283 Puteol.
333 4233 418 4281 Rivius
427 4235 461 4280 ed
471 4234 520 4280 lunc
531 4236 638 4283 terroris.
671 4236 743 4290 Quod
773 4251 853 4284 omnes
860 4235 1077 4300 usqueadFreinsh.
1082 4237 1207 4300 precipui.
1217 4235 1290 4284 Eunt.

226 4299 297 4362 ιιιΙςο
305 4298 389 4355 editur,
399 4308 433 4345 est
441 4298 608 4358 eBeroaldina,
617 4299 657 4363 qui
666 4308 744 4350 tamen
777 4304 904 4364 Praecipue
911 4301 991 4364 fame,
1001 4310 1053 4349 utc.
1063 4303 1101 4348 32.
1113 4316 1200 4362 megae
1209 4301 1289 4364 saetae.

224 4369 274 4408 non
285 4378 298 4409 e
308 4361 357 4410 cod
368 4363 422 4411 MS
433 4363 484 4410 haec
493 4361 579 4411 edidit:
591 4374 619 4412 ut
629 4367 658 4413 ab
670 4381 744 4414 corre-
776 4366 817 4414 Ob
827 4381 978 4430 compressam
991 4365 1118 4414 Britanniae
1132 4365 1289 4425 rebellionem,

227 4424 302 4474 ctione
317 4428 376 4488 ejus,
393 4427 478 4476 vitium
493 4442 614 4490 operarum
631 4431 744 4494 putantis,
776 4431 922 4496 aequale,
943 4433 981 4479 29.
995 4431 1034 4478 34.
1071 4429 1173 4480 Cerialia
1195 4437 1291 4494 quarto-
