3059 4975
256 290 409 363 narn]
609 284 691 343 mn.
714 284 869 346 nona
889 289 936 359 ss,
958 291 1006 349 so.
1055 266 1060 283 '
1279 292 1334 351 no

259 452 314 516 scd
335 450 395 540 ipsi
416 449 550 516 cultores
570 472 718 537 arvaque,
739 450 871 517 maturis
887 452 955 539 jam
977 452 1133 540 frugibus,
1159 465 1196 517 ut
1218 453 1329 519 hostile

209 542 222 575 ⁰
259 537 359 602 solum
373 536 584 601 vastabantur.

300 622 550 687 LXXXVIII.
575 620 692 686 Multae
712 634 744 685 et
762 632 881 686 atroces
905 623 985 687 inter
1005 648 1037 688 se
1059 623 1194 688 militum
1215 625 1326 706 caedes,

255 723 326 795 post
340 708 522 773 seditionem
535 706 641 771 Ticini
652 719 786 792 coeptam
797 722 941 773 manente
954 708 1111 795 legionum
1125 709 1326 775 auxiliorum-

256 819 318 881 que
332 794 504 872 disoordia3
533 791 590 855 ubi
609 791 759 873 advorsus
782 815 920 878 paganos
942 796 1125 860 certandum
1142 795 1232 875 foret,
1252 820 1326 861 con-

257 904 356 945 sensu.
402 878 465 943 Sed
485 876 622 966 plurima
636 891 680 941 str
739 876 808 941 sad
831 878 996 964 septimum
1018 880 1059 945 ab
1073 881 1152 944 urbe
1168 881 1321 969 lapidem:

256 965 385 1064 singulis
404 966 449 1030 ibi
470 962 621 1027 militibus
635 963 711 1028 Vite
722 961 783 1026 lius
861 978 927 1028 atos
941 965 1036 1043 cibos,
1051 980 1088 1030 ut
1106 965 1323 1063 gladiatoriam

255 1076 405 1137 saginam,
420 1050 596 1115 dividebat:
620 1063 652 1113 et
665 1048 764 1113 effusa
777 1070 799 1134 p
811 1050 882 1113 ebes
897 1050 969 1114 totis
983 1074 1015 1115 se
1028 1064 1135 1115 castus
1149 1052 1324 1119 miscuerat.

257 1138 434 1201 Incuriosos
458 1135 580 1213 milites,
604 1133 771 1200 vernacula
794 1135 964 1218 utebantur
984 1136 1171 1216 urbanitate,
1193 1138 1323 1225 quidam

257 1222 436 1309 spoliavere,
453 1221 578 1285 abscisis
597 1218 708 1285 furtim
721 1219 842 1299 balteis,
864 1227 885 1260 “
900 1244 940 1285 an
954 1222 1081 1287 accincti
1094 1222 1226 1302 forent,”
1240 1224 1323 1310 rogi-

256 1321 366 1373 tantes.
409 1311 484 1373 Nou
507 1307 580 1371 tulit
604 1305 777 1372 ludibrium
805 1306 938 1371 insolens
962 1307 1157 1373 contumeliae
1179 1310 1320 1375 animus:

255 1392 403 1458 inermem
422 1392 576 1481 populum
599 1391 711 1479 gladiis
732 1391 889 1457 invasere:
916 1416 1015 1458 caesus
1035 1394 1115 1458 inter
1136 1393 1212 1459 alios
1275 1407 1323 1459 ter

254 1479 370 1559 militis,
391 1503 464 1544 cum
485 1478 585 1542 lilium
606 1477 821 1554 comitaretur3
846 1477 958 1543 deinde
971 1480 1113 1565 agnitus:
1136 1492 1178 1563 et,
1192 1418 1321 1567 volgata

254 1565 349 1645 caede,
367 1577 573 1651 temperatum
592 1564 632 1629 ab
650 1562 793 1629 innoxiis.
836 1564 876 1628 In
897 1566 975 1629 urbe
994 1580 1100 1629 tamen
1119 1566 1321 1653 trepidatum,

254 1650 517 1739 praecurrentibus
538 1650 652 1737 passim
671 1648 832 1715 militibus.
876 1652 996 1715 Forum
1015 1652 1149 1715 maxime
1163 1654 1321 1739 petebant,

254 1736 399 1823 cupidine
412 1736 532 1801 visendi
551 1736 665 1813 locum,
684 1735 797 1821 inquo
811 1735 917 1801 Galba
935 1737 1092 1825 jacuisset.
1137 1740 1205 1803 Nec
1220 1738 1322 1803 minus

254 1844 373 1886 saevum
395 1820 605 1910 spectaculum
626 1833 715 1884 eraut
731 1819 803 1907 ipsi,
822 1822 917 1909 tergis
937 1824 1074 1887 ferarum
1094 1838 1125 1889 et
1144 1823 1323 1909 ingentibus

254 1906 322 1971 telis
344 1909 514 1998 horrentes,
534 1930 607 1970 cum
621 1906 745 1971 turbam
766 1906 877 1991 populi
898 1932 954 1994 per
972 1908 1122 1972 inscitiam
1144 1932 1256 1995 parum
1276 1909 1322 1973 vi-

254 2007 365 2072 tarent,
380 2008 447 2073 aut,
462 1992 518 2057 ubi
539 1990 659 2056 lubrico
674 1990 733 2054 viae
746 1990 797 2055 vel
810 2015 941 2057 occursu
956 1993 1087 2079 alicujus
1108 1994 1320 2080 procidissent,

253 2079 294 2142 ad
313 2079 467 2166 jurgium,
486 2100 561 2141 mox
579 2077 620 2141 ad
642 2089 807 2141 manuset
823 2077 942 2143 ferrum
961 2079 1136 2145 transirent.
1174 2079 1270 2152 Quin
1291 2094 1323 2144 ct

255 2164 392 2314 Tgibuni
404 2163 611 2250 Praefoeuqne
624 2186 696 2227 cum
712 2173 828 2227 terrore
842 2178 874 2227 et
892 2179 1081 2229 armatorum
1103 2165 1233 2230 catervis
1246 2165 1323 2231 voli-

252 2263 284 2313 ta
305 2261 369 2315 ant.

296 2338 509 2401 LXXXIX.
533 2337 605 2423 Ipse
618 2334 776 2414 Vitelhus,
799 2360 818 2400 a
839 2352 935 2424 ponte
949 2337 1072 2415 Milvio,
1093 2335 1207 2421 insigni
1228 2360 1321 2423 equo,

252 2422 421 2510 paludatus
441 2421 670 2510 accinctusque,
690 2423 841 2487 Senatum
857 2435 888 2487 et
903 2422 1062 2511 Populum
1081 2437 1153 2489 ante
1168 2446 1199 2487 se
1213 2446 1319 2510 agens,

289 2623 414 2684 Coptam:
437 2629 545 2670 ammte
561 2620 616 2684 cta]
640 2620 680 2670 sic
697 2621 769 2684 vulgo
800 2621 849 2669 hac
857 2621 1059 2670 lormaalibrariis
1067 2623 1091 2670 in
1100 2623 1195 2671 alteram
1203 2634 1318 2683 conversa,

251 2686 427 2750 interpungunt.
460 2685 768 2750 Ategointerpunctionem
800 2694 823 2733 et
842 2702 856 2733 s
872 2687 926 2736 viris
942 2687 1014 2735 doctis
1031 2687 1094 2749 apud
1111 2687 1206 2736 Irivium
1223 2697 1246 2736 et
1262 2687 1319 2736 alios

251 2751 349 2808 sustuli:
372 2767 428 2799 nam
443 2751 557 2799 coherent
574 2751 634 2798 ista:
658 2753 769 2800 mmcbat
799 2751 913 2799 restituta.
947 2751 1003 2800 Vid.
1017 2751 1077 2800 viros
1094 2751 1277 2800 doctosadlriv.
1290 2753 1316 2811 4,

250 2815 525 2878 discordiapostooeptam
537 2814 766 2875 'lhciniseditionm
802 2815 838 2862 19.
858 2816 899 2876 31,
916 2817 956 2863 34.
971 2815 1029 2863 adde
1045 2816 1106 2864 infra
1122 2817 1146 2872 3,
1167 2816 1207 2871 74.
1224 2814 1266 2864 ubi
1287 2814 1318 2863 si.

251 2879 280 2928 de
290 2895 338 2942 qua
348 2895 418 2942 supra
427 2888 546 2926 narratum
557 2886 597 2926 est.
614 2879 686 2927 Eun.
800 2879 885 2927 militer
899 2879 935 2927 ed.
953 2896 990 2944 pr.
1008 2883 1041 2934 (et
1057 2879 1108 2928 cod.
1125 2880 1202 2941 Bud.)
1219 2881 1315 2928 absciso.

286 2947 320 2992 Ut
327 2945 497 3006 gladiatoriam
504 2941 624 3005 saginam]
635 2942 694 2991 Cod.
703 2943 765 3006 Agr.
802 2943 877 2991 Eun.

251 3009 282 3054 od
286 3010 323 3069 gl.
331 3024 383 3070 sag.
400 3007 530 3071 Cyprianus
540 3023 578 3070 ep.
590 3007 766 3057 adDonatum:
834 3009 896 3057 Cum
905 3009 988 3070 fllium
999 3009 1163 3071 comitaretur]
1193 3007 1263 3055 Pater
1273 3023 1319 3056 nn·
1416 3041 1419 3060 ,

249 3075 370 3134 Implctur
390 3075 417 3119 io
435 3087 531 3119 succum
547 3073 604 3118 cibis
623 3073 768 3134 fortioribus
799 3072 929 3137 decumque
940 3072 1015 3120 lilium
1026 3080 1166 3136 prosecutus,
1178 3071 1316 3133 nonalilio,

250 3151 345 3198 corpus,
360 3144 383 3185 et
397 3137 484 3183 arvino
493 3137 584 3183 assidui
596 3138 686 3183 nidoris
696 3138 767 3185 arole:
800 3137 839 3185 sod
855 3139 885 3186 ab
901 3138 947 3186 alio
962 3137 1037 3186 milite
1051 3136 1169 3184 hominem
1187 3136 1316 3198 ignorante,

249 3203 406 3248 martharum
415 3201 508 3248 robusto
513 3201 658 3262 pinguescit,
667 3207 695 3248 ut
702 3203 768 3260 rogi-
799 3200 856 3249 irato
867 3210 945 3250 autern
955 3203 1063 3250 omnibus
1079 3201 1183 3264 paganis,
1194 3201 1257 3264 quod
1272 3199 1317 3248 ali-

248 3272 319 3313 notur
335 3267 362 3313 ia
375 3281 467 3330 pronam
482 3266 563 3312 carius
572 3271 662 3326 percat.
695 3264 768 3313 Plura
800 3268 866 3327 cujus
876 3266 969 3314 illorum
984 3266 1065 3314 fraude
1075 3281 1158 3313 zonam
1173 3264 1314 3328 perdidisset,

250 3331 315 3378 dabit
322 3331 389 3378 And.
402 3329 510 3380 Schottus
521 3330 581 3378 Obs.
593 3328 660 3377 hum.
672 3332 697 3387 5,
708 3331 733 3376 9.
800 3339 822 3379 et
833 3330 858 3377 in
868 3330 947 3378 obvios
957 3331 1073 3391 saeviente,
1084 3345 1155 3378 casus
1166 3337 1215 3376 est:
1232 3329 1315 3376 deinde

285 3397 417 3443 Vernacalo
427 3393 571 3457 urbanitate]
600 3394 666 3442 Libri
677 3393 766 3457 aliquot
798 3395 949 3454 intellectum,
963 3410 1009 3442 non
1025 3395 1088 3442 hunc
1103 3395 1127 3441 in
1144 3393 1258 3455 eaculpu,
1274 3407 1315 3440 ne-

247 3468 341 3521 vetsres,
354 3462 479 3508 vernaculo
489 3460 613 3507 nubantur
623 3460 764 3507 urbanitate.
799 3476 844 3526 que
855 3475 867 3506 e
879 3460 960 3507 scurris
976 3459 1026 3506 istis
1038 3458 1117 3516 fuisse,
1134 3457 1174 3505 sed
1184 3457 1232 3504 filio
1243 3457 1316 3504 comi-

248 3523 304 3573 Fuit
314 3526 418 3586 omnino,
429 3532 457 3573 ut
467 3526 586 3572 rebantur.
612 3523 766 3585 Illijocarise
798 3523 955 3574 teruhaesisse.
974 3524 1066 3580 Giton.
1099 3523 1159 3569 Hac
1169 3521 1315 3570 musana.

248 3590 380 3638 urbanatim
395 3591 533 3646 censebmt3
556 3597 581 3636 at
596 3588 681 3636 milites
697 3588 767 3636 rusti-
799 3589 889 3638 nesium
904 3587 973 3647 dicto,
985 3589 1026 3651 qui
1041 3602 1079 3649 ep.
1095 3587 1135 3634 sl.
1149 3588 1251 3636 tentabat
1261 3601 1315 3633 con-

160 3700 162 3703 ,
248 3653 317 3702 cotim
327 3655 459 3718 tetigerunt.
478 3653 554 3702 lars.
593 3655 765 3702 Unomauresc
800 3657 944 3702 obturetur:
969 3651 1104 3708 existimans
1124 3658 1214 3713 patrem
1232 3666 1248 3700 a
1265 3650 1315 3698 filio

247 3718 317 3766 etiam
327 3719 353 3766 in
363 3720 427 3767 Flor.
440 3719 520 3767 Guelt'.
534 3718 623 3782 (Bud.)
635 3719 697 3780 Agr.
709 3716 761 3764 edd.
796 3733 890 3768 casum.
908 3717 980 3764 Eun.

246 3791 300 3830 ante
310 3783 451 3837 Rharanum
461 3784 578 3831 omnibus.
602 3782 677 3846 Iripsii
687 3783 764 3843 oonJ'e·
829 3785 925 3832 Soeoum
935 3781 1103 3845 spectantum]
1120 3779 1184 3829 Flor.
1192 3797 1313 3838 rcoeoums

247 3857 337 3895 cturam
352 3847 437 3910 rwepit
446 3848 474 3896 J.
486 3848 527 3895 Fr.
541 3847 678 3896 Gronovius.
695 3846 764 3910 ¹(Sic
797 3847 860 3914 quod
880 3847 965 3908 recepit
985 3845 1013 3892 J.
1030 3845 1168 3895 Gronovius.
1203 3845 1267 3894 Mihi
1288 3845 1314 3893 id

246 3913 347 3961 otBrot.
360 3912 423 3959 Lali.
436 3909 509 3972 Em.)
530 3914 765 3975 Utcbonturquoque
794 3914 889 3962 verbum
900 3911 975 3959 lenius
985 3924 1056 3973 quam
1067 3925 1109 3972 pro
1118 3926 1143 3958 re
1153 3909 1252 3958 videtur.
1278 3910 1312 3958 Et

246 3976 336 4025 tolerari
362 3991 428 4040 posse
450 3978 548 4040 putabat
570 3977 598 4024 J.
623 3977 762 4024 Gronovius.
795 3976 850 4026 satis
864 3975 932 4023 hodie
943 3983 1040 4033 constat,
1051 3974 1155 4024 librarios
1165 3974 1314 4040 pronissimos

246 4040 319 4088 Ena.
345 4041 567 4088 CurRhen.vocem
580 4040 764 4099 susmlaicnon
795 4043 866 4090 fuisse
887 4040 912 4086 in
932 4039 992 4087 hanc
1013 4039 1159 4103 scripturam,
1180 4055 1268 4087 scaevus
1289 4045 1313 4086 et

247 4104 356 4166 adparet3
374 4105 433 4152 nihil
446 4113 533 4153 monet.
568 4105 657 4168 Sequor
667 4105 763 4153 codices.
796 4108 891 4155 scoeoirc
902 4119 943 4168 pro
957 4120 1032 4152 saeons
1043 4113 1066 4152 et
1080 4108 1179 4152 santra.-
1196 4103 1259 4167 quod
1275 4101 1313 4148 in-

252 4171 353 4216 Vernalo
362 4173 483 4218 urbanitas
494 4169 590 4217 occurrit
598 4169 660 4233 apud
669 4169 762 4218 Petron.
797 4170 889 4220 terdum
904 4169 973 4217 nimis
983 4169 1066 4233 cupide
1077 4169 1120 4216 viri
1133 4169 1194 4216 docti
1210 4166 1254 4214 atri
1271 4181 1312 4212 uo-

244 4247 265 4281 c.
278 4234 410 4289 2l.nbicf.
423 4236 507 4283 Burm.
797 4243 860 4293 runt,
878 4243 905 4281 ut
921 4236 979 4283 bene
994 4241 1073 4282 monet
1083 4233 1203 4282 Drakenb.
1215 4232 1244 4278 ad
1279 4227 1310 4276 'v.

277 4298 394 4344 Abscissir
411 4315 429 4345 s.
446 4301 538 4364 balteis]
567 4299 623 4346 MS.
644 4299 707 4345 Flor.
728 4302 762 4352 (et
794 4303 818 4361 2,
831 4301 870 4354 27.
889 4299 961 4346 Eun.

245 4360 321 4418 Bud.)
330 4361 367 4408 ed.
376 4378 411 4424 pr.
422 4366 534 4421 obscum
547 4364 610 4428 quod
618 4363 701 4426 recepit
708 4364 760 4410 Jac.
827 4365 892 4426 Ipsi]
911 4363 982 4411 Deest
992 4363 1015 4410 in
1027 4361 1090 4410 Bau.
1103 4360 1135 4408 sic
1145 4366 1169 4406 et
1179 4371 1234 4404 mox
1246 4357 1294 4404 ubi.

246 4426 391 4474 Gronovius:
409 4443 479 4491 quem
489 4428 573 4476 imitati
584 4444 672 4478 sumus.
696 4430 761 4491 Saepe
828 4429 961 4477 Poludntus
972 4424 1146 4487 accinctusque]
1170 4423 1312 4471 Santouta·
