3059 4975
421 227 477 288 DE
497 226 683 288 MORIBUS
703 226 943 289 GERMANIAE.
977 229 1063 291 CAP.
1088 232 1133 288 ll.
1253 232 1321 298 361,

243 386 325 454 blice
345 389 534 470 consuletur,
556 391 704 457 Sacerdos
717 391 862 471 civitatis,
884 393 937 458 sin·
950 391 1113 480 privatim,
1123 389 1191 478 ipsc
1210 404 1315 478 pater·-

244 473 381 554 familiae,
396 489 540 563 precatus
555 479 651 556 Deos,
660 477 837 564 coelumque
852 479 1031 565 suspiciens,
1042 493 1091 544 ter
1100 476 1240 564 singulos
1255 479 1315 542 tol·

244 559 293 638 lit,
308 561 455 641 sublatos,
470 563 642 627 secundum
655 563 837 648 impressam
856 575 928 628 ante
942 577 1060 641 notam,
1080 564 1314 648 interpretatur.

247 646 280 710 Si
294 647 531 732 prohibuerunt,
546 647 634 712 nulle
647 647 687 712 de
702 649 811 712 eadem
823 649 903 712 rein
914 649 1050 714 eundem
1064 649 1147 714 diem
1161 649 1315 714 consulta-

245 732 308 804 tio;
338 732 385 796 sin
429 733 601 811 emissum,
622 733 831 819 auspiciorum
853 734 957 798 adhuc
977 735 1056 799 fides
1076 735 1221 821 exigitur.
1266 736 1314 800 Et

243 817 324 882 illud
337 819 393 905 qui
416 841 466 882 em
485 819 578 883 etiam
592 818 643 883 hic
662 830 787 899 notum,
797 819 902 884 avium
917 843 1008 885 voces
1021 820 1206 909 volatusque
1219 820 1314 887 inter·

244 903 545 990 rogarezproprium
553 904 665 991 gentis,
677 927 830 1004 equorum
838 929 995 993 quoquep
1095 905 1101 918 '
1132 907 1315 972 acmonitus

246 989 397 1076 experiri:
419 989 544 1076 publice
561 989 690 1054 aluntur
707 991 818 1056 iisdem
836 929 1156 1056 nemonbufflm
1176 992 1312 1073 candidi,

246 1089 279 1140 et
292 1075 381 1139 nullo
394 1075 516 1140 mortali
527 1097 620 1162 opere
633 1076 788 1151 contacti3
810 1100 890 1164 quos
902 1100 1024 1164 pressos
1043 1099 1130 1141 sacro
1148 1099 1244 1141 curru
1259 1080 1316 1144 Sa·

246 1160 365 1240 cerdos‚
380 1185 416 1226 ac
431 1161 515 1240 Rex,
526 1161 577 1226 vel
590 1161 740 1248 Princeps
749 1162 894 1242 civitatis,
903 1165 1100 1240 comitantur,
1111 1161 1317 1249 hinnitusque

247 1268 284 1312 ac
305 1246 448 1312 fremitus
473 1248 646 1312 observant.
694 1249 762 1312 Nec
783 1247 841 1312 ulli
860 1248 999 1335 auspicio
1019 1249 1121 1335 major
1141 1247 1230 1326 fides,
1251 1271 1316 1315 non

248 1330 349 1396 solum
373 1333 460 1419 apud
483 1332 618 1418 plebem,
644 1332 699 1396 sed
726 1333 813 1482 akplud
834 1357 987 1421 proceres,
1010 1335 1098 1421 apud
1124 1333 1319 1405 Sacerdotes

250 1419 290 1481 Se
303 1417 386 1481 enim
401 1416 555 1482 ministros
569 1421 721 1498 Deorum,
738 1419 744 1432 '
771 1442 806 1483 os
819 1419 956 1484 conscios
990 1432 1091 1484 utant.
1134 1421 1196 1484 Est
1209 1433 1241 1484 et
1254 1420 1315 1484 alia

247 1501 423 1567 observatio
448 1503 668 1590 auspiciorum,
690 1527 755 1590 qua
775 1505 920 1592 gravium
940 1443 1093 1570 bsillorum
1112 1518 1242 1570 eventus
1262 1529 1317 1569 ex-

248 1587 380 1676 plorant.
426 1589 509 1676 Ejus
525 1588 637 1676 gentis,
654 1612 726 1653 cum
768 1614 811 1654 ua
828 1590 945 1656 bellum
969 1604 1027 1670 est,
1048 1589 1217 1678 captivum,
1239 1615 1318 1676 quo-2

249 1696 313 1761 quo
327 1674 422 1741 modo
430 1674 646 1772 interceptum,
662 1699 733 1742 cum
745 1614 842 1774 ilecto
852 1676 1051 1825 popularium
1060 1698 1198 1755 suorum,
1208 1677 1319 1763 patriis

249 1783 407 1847 quemque
416 1783 519 1858 armm,
529 1760 744 1828 committunt:
759 1776 889 1827 sictona
925 1787 956 1850 ιι]
961 1787 997 1827 us
1005 1761 1055 1826 vel
1068 1761 1152 1826 illius
1164 1784 1224 1849 pro
1236 1785 1317 1848 prae·

247 1845 368 1932 judicio
382 1845 541 1944 accipitur.
1315 1833 1359 1897 )‹'
1435 1907 1438 1912 .

293 1933 361 1996 XI.
382 1934 434 1996 De
452 1931 624 1996 mrnoribus
640 1932 734 1998 rebus
748 1933 909 2021 Principes
924 1933 1118 2015 consultant3
1140 1932 1180 1996 de
1194 1931 1318 1997 ma'ori-

249 2016 310 2081 bus
324 2039 449 2082 omnes:
471 2016 516 2080 ita
535 2027 649 2094 tamen,
664 2028 702 2080 ut
720 2041 756 2082 ea
775 2043 913 2107 quoque,
935 2041 1071 2106 quorum
1084 2041 1179 2104 penes
1193 1957 1317 2105 plelrcm

248 2102 412 2170 arbitrium
433 2116 490 2180 est,
515 2101 602 2189 apud
624 2101 786 2192 Principes
812 2117 1049 2192 pertractentur.
1097 2104 1233 2183 Coeunt,
1258 2104 1318 2168 nisi

273 2188 328 2254 uid
342 2188 507 2254 fortuitum
520 2201 552 2254 et
563 2187 702 2256 subitum
714 2189 869 2270 inciderit,
880 2190 970 2256 certis
981 2189 1102 2268 diebus,
1114 2212 1187 2253 cum
1201 2204 1256 2256 aut
1270 2189 1318 2257 in-=

249 2297 267 2338 c
289 2289 380 2340 catur
393 2273 479 2354 luna,
494 2287 551 2338 aut
568 2272 724 2360 inpletur:
747 2299 821 2342 nam
839 2277 968 2364 agendis
985 2275 1081 2342 rebus
1099 2275 1158 2340 hoc
1177 2275 1321 2363 auspica-

476 2408 482 2418 ¹
536 2416 545 2426 A

249 2487 397 2537 osculetur:
409 2487 472 2555 quod
482 2489 558 2539 neseio
568 2502 641 2553 quare
650 2498 768 2539 mutatum
799 2491 841 2540 ubi
851 2505 931 2539 omnes
945 2489 1000 2539 libri
1011 2491 1098 2553 prust,
1115 2503 1159 2537 nec
1168 2490 1266 2537 verbum
1273 2503 1319 2551 ges

249 2552 289 2610 sit,
298 2568 352 2601 curn
360 2555 404 2603 hoc
414 2564 507 2619 tempus
519 2555 550 2603 sit
560 2554 585 2601 in
595 2554 640 2602 ista
650 2562 769 2603 structura
799 2572 879 2604 msere
888 2556 955 2604 aliter
963 2555 1058 2619 patitur.
1076 2548 1155 2602 Eas?

249 2617 436 2667 usitatissimum.
469 2622 535 2668 Acte
541 2622 635 2683 focum,
651 2620 768 2683 sifrigcr
831 2623 891 2668 Illos
913 2621 1125 2683 consuescerent]
1151 2634 1183 2667 sc.
1202 2618 1315 2666 Deorum.

433 2764 445 2795 Ε
520 2764 536 2793 u
738 2764 769 2793 111·
799 2765 812 2796 8
902 2765 916 2795 a
1124 2780 1131 2795 ο

249 2816 338 2856 rectum
345 2810 410 2858 foret.
417 2810 490 2858 Enu-
503 2810 548 2858 Ed.
553 2810 768 2859 Rcm.coceoletcrr
825 2751 1030 2874 AffiPn'noiper
1034 2813 1223 2877 pertractentur]
1233 2811 1318 2859 Mure·

251 2872 329 2920 Rhen.
343 2874 413 2938 1519.
425 2876 568 2922 cumuletur.
588 2872 705 2933 Muretus,
712 2890 769 2937 pro-
798 2884 845 2935 tus,
857 2876 962 2935 Grotius,
970 2876 1100 2929 Acidalius,
1109 2876 1260 2924 Borbornius
1267 2890 1318 2925 cor·

251 2937 322 2985 bante
332 2938 446 2997 Erotes-io,
458 2938 593 2999 conjiciebat
603 2939 758 2986 consultatur.
798 2941 878 3005 rigunt
894 2955 980 3003 magns
994 2955 1049 2987 cum
1059 2939 1108 2986 veri
1124 2940 1199 3002 specie
1212 2947 1317 3002 pretra-

284 3004 409 3065 Equorum
424 3018 511 3066 quoque
521 3004 655 3066 presagio]
673 3002 768 3053 Ditma-
798 3011 891 3053 etentur
908 3020 922 3052 e
939 3005 1020 3052 Graeco
1032 3005 1103 3051 verbo
1118 3004 1315 3065 προέονλιύισθαι.

250 3076 290 3114 tus
300 3067 317 3115 l.
328 3068 350 3115 6.
370 3068 469 3117 Luizicis
480 3068 534 3133 (qui
544 3076 644 3116 veterem
659 3068 769 3131 supersti-
798 3070 922 3118 Suetonius
932 3068 994 3116 dixit
1009 3074 1063 3116 ante
1073 3074 1182 3115 tractare.
1198 3067 1263 3129 Aug·
1275 3069 1315 3118 35.

250 3129 337 3179 tionem
349 3132 427 3181 adhuc
435 3133 573 3191 retinebant)
580 3132 625 3179 hoc
635 3130 698 3179 idem
709 3148 768 3195 prae·
798 3136 905 3182 emutuit
918 3134 963 3180 sibi
977 3134 1075 3181 coasilio
1088 3133 1172 3179 sortiri
1184 3135 1314 3193 remensia,

250 3195 342 3259 aegium
354 3198 466 3260 equinum
482 3196 608 3245 adtribuit:
626 3196 666 3244 sed
677 3196 768 3245 diversa
798 3214 852 3245 cum
862 3199 945 3261 quibas
955 3199 982 3244 de
989 3198 1129 3259 negotiirod
1135 3198 1248 3246 Senatum
1256 3199 1317 3259 rests,

251 3261 359 3323 paullum
376 3262 466 3323 forma:
491 3265 596 3324 Equum,
618 3260 704 3325 inquit,
726 3264 769 3323 qai
797 3265 941 3310 maiestate
952 3268 1071 3310 tractaret.
1090 3261 1315 3310 Scdtamenidver.

250 3328 371 3373 mocimus
382 3330 445 3375 inter
455 3328 514 3375 alios
523 3328 630 3385 hubetm,
638 3332 660 3373 et
669 3332 768 3373 atroces
797 3330 855 3376 bum
860 3327 917 3375 alibi
924 3328 950 3374 in
958 3327 1066 3391 scriptore
1074 3325 1182 3373 Βοωαηο
1192 3341 1240 3374 non
1248 3341 1315 3389 repe·

249 3390 279 3435 ab
290 3390 327 3437 to
338 3400 471 3453 veneretur,
487 3393 628 3455 superfixus
641 3392 667 3437 iu
678 3396 768 3437 terram
797 3392 863 3442 ritur.
888 3392 960 3441 Eas.
999 3392 1027 3437 Τὸ
1039 3397 1223 3454 proetraeterrtur
1238 3390 1315 3442 arrisit

248 3454 768 3519 duorumcespidesbostttiumtntersetram-
797 3454 1314 3521 quoqueconringiassleoertahulemsndo,

249 3522 384 3575 missorum,
396 3524 497 3585 supplici
507 3521 612 3582 obsequio
622 3521 726 3567 deuant:
744 3528 768 3568 et
797 3523 855 3570 eliis
889 3521 977 3570 Contra
986 3520 1108 3583 vulgatum
1119 3528 1197 3567 metm
1207 3520 1314 3570 Getasa

246 3586 577 3649 premisrirrortibus,quibus
586 3586 767 3647 ideaplorcvere
796 3602 836 3635 rus
851 3587 902 3635 bc.
917 3584 943 3651 p
953 3587 1007 3633 165.
1023 3593 1105 3647 estque
1119 3584 1155 3632 illi
1166 3591 1316 3648 perstruere

247 3651 328 3710 prius,
340 3666 386 3713 per
397 3652 458 3699 bunc
471 3652 539 3715 quasi
555 3651 675 3697 Divinum
692 3650 766 3700 &uuo
798 3650 860 3699 idem
877 3666 905 3699 ac
919 3651 1040 3713 dffigenm
1056 3664 1106 3697 rem
1121 3658 1226 3707 mue,
1244 3664 1315 3713 apo·

250 3723 409 3775 augurantur.
421 3717 496 3764 Iure.
523 3713 767 3777 Monitusvocatipsa
798 3717 855 3779 pulo
865 3715 1010 3764 limandum.
1042 3713 1114 3762 Sicet
1125 3713 1180 3777 Bip.
1206 3714 1314 3777 Kappius

251 3779 369 3841 praesagis.
404 3778 434 3827 Id
451 3783 547 3829 verbum
561 3780 592 3826 de
606 3778 671 3826 omni
683 3794 766 3841 genere
797 3781 867 3829 etiam
882 3796 925 3845 pro
935 3780 1030 3843 vulgato
1044 3786 1098 3837 stat,
1115 3778 1155 3827 md
1166 3780 1321 3841 pertractare

249 3842 407 3955 dignifitiindae
421 3845 544 3956 wimiis
560 3841 644 3891 divinae
654 3843 708 3905 dici,
722 3843 765 3891 ho-
795 3846 874 3957 rchinus
884 3853 944 3894 recte
954 3842 1066 3893 redditad
1076 3843 1146 3891 finem
1157 3853 1261 3903 tractare,
1272 3843 1316 3889 de·

276 3922 288 3954 e
581 3942 587 3954 .

284 3917 765 4048 dissediiiiiecsdrruiierurosoviss
829 3926 885 4023 diris
895 3976 1108 4049 auspicuwimqm
1125 3974 1234 4035 initium]
1252 3970 1314 4045 (10·(1.

248 4036 766 4165 tfttffbttttlsltlitlttiti
798 4038 879 4168 ill}
902 4036 1312 4167 litfflblffnlilsilisdffi

244 4169 349 4229 Junctos.
374 4166 421 4215 Sed
431 4183 482 4215 eam
496 4166 607 4215 rationem
618 4166 767 4214 lateetbene
797 4169 892 4217 Primus
913 4171 1059 4232 amplectier.
1084 4166 1148 4213 dedit
1174 4163 1311 4223 Beroaldus,

251 4230 640 4280 refellitMarlslandussttatium
648 4246 671 4293 p.
680 4232 718 4289 18,
727 4230 765 4291 19,
798 4232 937 4282 dubiumsn
954 4235 1054 4283 elibroa
1071 4237 1227 4277 recteumen.
1261 4227 1315 4275 Nec

251 4296 290 4341 20.
307 4295 420 4358 exemplis
432 4296 589 4345 Markladde
597 4294 667 4343 Ovid.
677 4296 766 4350 Metl,
797 4298 860 4346 enirn
876 4300 999 4363 quisquam
1020 4296 1061 4342 illa
1086 4294 1162 4342 forms
1185 4308 1241 4340 ussrs
1261 4300 1312 4339 ests

252 4358 306 4405 124.
319 4362 441 4422 pressique
450 4364 512 4425 jugo
532 4374 639 4423 gemuere
651 4362 748 4423 Juvecci
756 4377 772 4406 ε.
798 4379 852 4426 qnae
864 4364 922 4413 alias
937 4359 1049 4423 walogiae
1061 4372 1108 4408 non
1120 4364 1244 4423 repugnet,
1257 4371 1315 4430 tuus
