3059 4975
227 239 285 298 ιιι
609 231 914 298 msronronuu
1119 234 1294 307 [soma

234 398 335 488 epulis
344 397 479 486 vinoque
489 399 605 486 sopitos
616 401 801 479 Germanos,
815 398 927 465 clausis
940 397 1070 475 foribus,
1083 397 1156 484 igne
1169 396 1293 484 injecto,

236 483 419 550 cremavere.
465 484 563 548 Simul
583 485 711 550 Cerialis
731 489 865 572 propero
882 484 1008 573 agmine
1028 484 1182 550 subvenit.
1226 483 1296 547 Cir·

236 583 435 636 cumsteterat
450 569 585 635 'Civilem
604 573 641 637 ‘et
660 571 742 635 ¹oliuo
764 585 877 648 metus,
898 593 938 634 ne
954 568 1185 656 quartadecima
1203 567 1295 655 legio,

236 657 386 744 adjuncta
405 654 583 736 Britannico
600 657 707 735 classe,
728 655 900 720 adflictaret
918 657 1065 733 Batavos,
1084 679 1149 742 qus
1169 657 1295 720 Oceano

235 743 426 807 ambiuntur.
471 741 533 805 Sed
551 740 704 828 legionem
728 740 865 807 terrestri
887 740 996 806 itinere
1017 741 1135 806 Fabius
1156 741 1294 818 Priscus,

236 829 284 892 Le
297 823 385 903 stus,
406 826 594 892 in'Nervios
616 829 828 914 Tungrosque
845 827 954 894 duxit:
977 849 1084 914 eaeque
1102 826 1239 892 civitates
1259 826 1294 889 in

233 851 422 978 deditionem
436 925 586 1000 accepte:
601 911 729 980 classem
742 911 827 977 ultro
841 912 1038 978 Cauinefates
1050 913 1187 1000 adgressi
1199 924 1292 986 sunt;

235 999 401 1085 me'orque
420 1020 493 1084 pars
513 997 639 1064 navium
661 998 806 1086 depressa
825 1012 882 1063 cut
896 1011 997 1085 capta.
1040 1001 1086 1064 Et
1106 997 1295 1064 Nerviorum

235 1023 480 1161 multitudinem,
505 1097 614 1172 sponte
638 1097 835 1163 commotam,
857 1098 895 1147 ut
918 1106 976 1170 pro
998 1085 1151 1148 Romanis
1175 1081 1295 1148 bellum

236 1183 417 1257 capesseret,
439 1169 533 1235 iidem
547 1168 745 1234 Caninefates'
760 1167 880 1234 fudere.
924 1167 1078 1264 Classicus
1099 1190 1227 1256 quoque
1240 1167 1296 1232 sd·

116 1287 131 1300 ·
236 1278 345 1322 versus
371 1254 500 1341 equites,
525 1253 697 1320 Noves'inm
721 1277 741 1318 a
766 1253 887 1318 Ceriale
913 1267 1098 1338 proemrssos,
1122 1252 1295 1319 secundum

235 1341 381 1427 pr'oelium
404 1339 492 1404 lecit:
516 1363 589 1426 quse
609 1338 741 1420 modica,
764 1340 818 1404 sed
837 1339 955 1419 crebra,
978 1338 1092 1404 damna
1112 1339 1227 1404 famam
1249 1341 1295 1404 vi-

235 1427 349 1504 ctoriae,
364 1448 408 1489 nu
449 1438 586 1512 rpnrtae,
599 1425 787 1492 lacerabant.
1181 1427 1185 1432 “

269 1533 273 1539 ·
290 1511 397 1576 LXX
437 1561 444 1574 .
467 1511 585 1576 lisdem
598 1511 710 1576 diebus
723 1511 894 1577 Mucianus
907 1510 1027 1578 Vitellii
1046 1511 1146 1577 lilium
1166 1512 1299 1578 interfici

234 1597 345 1683 jubet:
367 1618 545 1661 mansuram
559 1596 744 1662 discordiam
761 1597 942 1676 obtendens,
964 1597 997 1660 ni
1019 1598 1137 1663 semina
1154 1598 1228 1662 belli
1247 1621 1297 1662 re-

237 1681 401 1750 stinxisset.
445 1683 557 1770 Neque
571 1683 747 1768 Antonium
762 1683 905 1748 Primum
918 1681 1030 1748 adsciri
1043 1683 1124 1748 inter
1136 1683 1264 1748 comites
1277 1707 1298 1747 a

237 1767 419 1832 Domitiano
440 1790 550 1854 passus
572 1783 636 1848 est3
662 1769 769 1834 favore
791 1767 926 1833 militnm
949 1769 1073 1847 anxius,
1096 1782 1129 1834 et
1150 1769 1297 1856 superbia

236 1852 306 1932 viri,
322 1847 489 1941 aequslium
503 1877 640 1942 quoque,
657 1855 735 1940 adeo
749 1853 1175 1942 superiorum,'intolerantis.
1218 1857 1298 1920 Pro-

236 1938 337 2003 fectus
359 1939 400 2005 ed
414 1939 643 2027 Vespasianum
662 1940 833 2020 Antonius,
858 1953 896 2005 ut
917 1963 980 2004 non
1004 1964 1063 2028 pro
1085 1963 1140 2029 spe
1165 1964 1221 2006 sua
1241 1965 1303 2004 exa

236 2023 362 2122 cipitur,
383 2025 427 2090 ita
445 2048 546 2114 neque
560 2050 667 2094 averso
681 2025 883 2126 Imperatoris
895 2025 1007 2091 animo.
1052 2025 1251 2091 Trahebatur
1264 2027 1303 2089 in.

238 2109 375 2176 d1versa:
398 2110 470 2175 hinc
488 2112 608 2178 meritis
618 2117 761 2192 Antonu,
784 2113 877 2200 cujus
896 2111 994 2177 ductu
1013 2112 1190 2176 confectum
1210 2111 1296 2176 haud

237 2194 333 2260 dubie
353 2195 470 2261 bellum
491 2197 567 2277 crat,
589 2198 662 2262 inde
682 2198 824 2262 Muciani
845 2196 999 2285 epistolis:
1025 2196 1118 2260 simul
1136 2198 1240 2278 ceteri,
1260 2209 1297 2262 ut

239 2280 418 2346 “infestum
430 2282 669 2384 tumidumque*
682 2283 922 2361 insectabantur,
933 2281 1090 2382 adjunctis
1102 2282 1213 2369 prioris
1222 2283 1307 2352 vitae.

238 2366 434 2433 criminibus:
467 2391 602 2457 neque1
680 2368 798 2448 decrat,
820 2369 1005 2456 adrogantia
1024 2391 1135 2433 vocare
1156 2368 1297 2444 offensas,

237 2451 351 2518 nimius
371 2476 596 2522 commemornn
620 2457 656 2536 is,
676 2479 748 2544 quae
770 2455 941 2522 meruisset
984 2461 1007 2515 ‘.‘
1021 2453 1139 2535 Alios,”
1155 2467 1193 2520 ut
1215 2453 1304 2543 ‘jin-1

236 2536 362 2617 belles‚”
376 2545 398 2579 “
414 2540 600 2620 Caecinnm,”
614 2552 651 2606 ut
665 2550 687 2581 ‘⁶
701 2540 860 2627 captivum
874 2564 911 2605 nc
925 2538 1136 2623 dediticium,”
1149 2540 1296 2626 increpat·

237 2621 334 2687 Unde
357 2622 520 2709 paullatim
544 2625 640 2693 levior
659 2625 812 2712 viliorque
833 2624 950 2702 haberi,
972 2635 1117 2718 manente
1136 2635 1242 2688 tomen
1263 2623 1304 2687 in'

235 2722 611 2895 spiilelilXailnliltlierteos
638 2818 772 2895 menses,
793 2796 909 2885 quibus
927 2794 1137 2895 Vespasiqnus
1160 2793 1298 2895 Α1ςιιιιιι-

159 2922 165 2931 -
237 2878 315 2945 dune
339 2891 434 2945 statos
458 2896 571 2947 aestrvrs
591 2881 717 2947 flsnbus
742 2882 818 2961 dies,
840 2896 873 2947 et
896 2895 980 2947 certa
1001 2895 1095 2957 mmm
1118 2882 1303 2967 opperieba,

238 2966 301 3049 tur,
323 2965 423 3053 multa
443 2968 591 3035 miracula
608 2990 746 3047 evenere,
766 2968 838 3055 quis
856 2967 926 3034 coeli
947 2968 1037 3052 favor
1049 2978 1082 3030 et
1097 2965 1242 3052 quaedam
1265 2965 1311 3063 5¹¹.

239 3198 245 3209 .
272 3158 567 3229 corrensaqueis
597 3164 755 3229 utrosquei]
784 3165 888 3215 confusio
897 3167 1068 3214 observatsost.
1093 3162 1127 3212 V.
1137 3162 1298 3212 Drslrennsd

238 3227 314 3289 placet
321 3228 421 3292 Ryckio.
436 3230 508 3278 Enu.
527 3230 565 3278 Bu
583 3230 668 3277 ‚altro
685 3228 755 3277 Prius
785 3230 839 3279 niv.
849 3230 909 3288 m.
919 3228 1050 3293 etquosibi
1060 3228 1147 3276 laudnt.
1162 3228 1234 3278 Enu.

239 3296 348 3346 terrestri
363 3296 498 3355 luseram,
509 3302 536 3341 ut
546 3293 644 3353 videtur,
660 3292 755 3345 militari
816 3295 914 3345 rrum
924 3296 979 3343 vira
984 3294 1067 3358 m]
1079 3292 1117 3341 Gi.
1124 3292 1159 3341 A.
1168 3292 1207 3354 14,
1216 3294 1256 3341 40.
1262 3291 1297 3339 Η.

257 3358 262 3369 '
298 3374 351 3423 qun
366 3353 442 3407 s'dhuc
456 3357 510 3407 sctis
525 3357 622 3429 integra.
647 3356 756 3407 crum.
780 3360 859 3419 ’1,86.
1302 3350 1307 3359 ’

238 3423 316 3473 terius·
546 3453 548 3461 ·
816 3425 896 3472 Stator
905 3424 994 3471 cnivis
1002 3422 1175 3486 flammata]
1203 3418 1300 3483 lipsius

240 3520 243 3527 ·
271 3489 480 3539 novarensium
491 3489 589 3552 oraim]
621 3487 652 3535 In
663 3484 698 3535 cd.
708 3486 754 3535 Α1-
783 3486 1226 3549 inmarg.oonjicitatcrionanstotibsa.
1242 3484 1301 3533 Aci-

238 3552 293 3610 cisti
311 3568 387 3605 errore
401 3555 522 3615 operarum
541 3562 626 3601 temere
644 3551 756 3614 repetitur
784 3552 860 3600 dolius
869 3553 946 3599 etesiis
955 3553 1061 3612 flmibm.
1082 3552 1188 3609 Fmstrs,
1198 3557 1301 3612 utpstct

240 3623 275 3663 m
332 3616 520 3681 taomaqmd
535 3616 622 3665 notuloe
635 3615 756 3663 materiam
785 3615 973 3679 escquentibusr
990 3615 1076 3678 quibus
1088 3613 1224 3674 decimatur,
1241 3612 1301 3676 nihil
1379 3672 1382 3675 ⁴
1420 3640 1423 3647 =

239 3695 287 3747 pree
302 3680 339 3728 uit
348 3681 470 3730 Rhensuo.
485 3682 559 3729 Euu.
785 3680 1013 3743 aliudexpectnmm,
1026 3678 1071 3725 nisi
1080 3686 1173 3753 tempus
1184 3678 1300 3738 aestisum,

274 3746 429 3807 Prosperae
443 3745 573 3809 accipitur]
607 3744 645 3793 Sic
656 3743 756 3794 Rhene
785 3759 833 3807 quo
842 3751 894 3791 tuta
905 3742 1029 3805 navigatio,
1044 3756 1087 3791 nec
1096 3742 1164 3791 facile
1176 3750 1300 3807 tempestas

241 3808 379 3872 Budprius
389 3812 570 3872 mtoocipitor.
785 3808 878 3872 ingruit.
911 3806 1031 3869 Josephus
1040 3808 1299 3869 finemliornirroost

238 3904 241 3911 -
282 3874 367 3933 Neque
376 3888 457 3922 averso
468 3878 533 3937 Imp.
541 3872 632 3938 animo]
664 3872 709 3921 Ed.
721 3889 757 3938 pr.
786 3872 1029 3921 Etetesiarumflntus
1039 3871 1128 3921 adversi
1139 3871 1301 3933 navigantibus

241 3936 528 3997 (otomssudmverro.
557 3938 618 3991 Mox
627 3952 757 4001 provocare
785 3936 1041 3997 Alexandrianum
1049 3934 1298 3993 emuniens,

242 4002 298 4051 MS.
309 4000 370 4065 Agr.
376 4016 512 4063 provocare.
540 4002 672 4067 Vulgstum
682 4002 757 4067 (quod
789 4002 842 4057 1⁰7.
853 4009 881 4049 ut
891 4003 949 4049 bone
959 4009 1024 4048 notat
1034 4000 1141 4050 Servilius.
1156 3999 1242 4051 Burs..
1260 3998 1306 4065 Cf.¹

236 4068 267 4127 ¹in
284 4066 360 4127 Buri)
377 4065 521 4129 exquisitius.
553 4067 622 4131 Virg.
633 4066 664 4115 G.
677 4069 702 4126 4,
717 4067 757 4122 76.
785 4065 870 4129 vege
883 4068 907 4125 5,
919 4068 942 4114 9.
953 4066 990 4129 (4,
1000 4065 1055 4127 39.)

240 4134 380 4193 nwgairqac
396 4137 478 4177 nocant
497 4133 636 4179 clamoribus
654 4134 756 4179 hortem.-
785 4175 790 4180 .
820 4130 986 4186 Qacoeksts's
994 4130 1082 4192 favor]
1107 4129 1300 4177 Coelcrtisecon·

234 4195 283 4243 ,ubi
294 4196 387 4243 Servius
397 4194 558 4258 interpretatur
564 4203 702 4257 provocant.
717 4194 756 4245 Sic
785 4195 874 4256 jecmrs
879 4194 988 4242 Rhenani
996 4193 1070 4241 oditur
1077 4192 1217 4241 inomnibus
1225 4192 1300 4243 iodea

241 4259 378 4322 etinmcspe
387 4259 420 4307 G.
434 4261 456 4319 1,
465 4261 520 4309 388.
533 4266 584 4307 tom
595 4260 677 4306 cornia
684 4260 755 4321 pleno
786 4258 865 4306 Rhen.
880 4257 943 4305 Edd·
957 4258 1012 4305 Put.
1023 4258 1077 4306 Ber.
1087 4256 1163 4305 Alae
1174 4258 1241 4305 cota.
1263 4257 1300 4305 At

235 4324 348 4393 planiam
364 4329 430 4369 vocat
443 4324 548 4385 improbo
562 4336 630 4369 vocer
648 4332 670 4370 cr
680 4332 756 4371 noster
788 4322 845 4371 MS.
853 4322 932 4381 Guslf.
940 4322 1228 4386 etl-puqaircalifoaom
1239 4319 1302 4383 quod

241 4385 704 4494 ffumnmnocoredixitinssennc.
717 4388 754 4435 14.
786 4386 831 4433 roci
905 4401 953 4434 non
978 4386 1098 4442 dubitavit
1126 4396 1187 4436 certe
1207 4386 1301 4447 vulgato

176 4462 178 4469 '
280 4462 337 4511 .pr.
351 4456 448 4507 ¹actore:
469 4466 522 4518 quae
540 4457 564 4499 et
580 4449 605 4498 in
622 4450 672 4501 aliis
689 4452 753 4501 libris
785 4466 813 4518 pr
842 4451 1227 4523 erendum„utmeraeoonjecturae·
1243 4448 1300 4502 Ms-
