3059 4975
195 278 264 322 nc.
277 261 344 334 ic]
570 258 651 318 nin.
672 259 698 317 1.
718 258 812 324 cir.
831 264 880 321 aa.
1223 266 1261 327 27

193 422 321 489 luxuria
332 422 426 489 etiam
445 421 584 510 Principi
597 444 737 502 onerosa,
755 424 862 511 inopia
882 424 935 489 viii
954 423 1077 511 privato
1091 424 1260 505 toleranda,

193 509 227 575 iu
238 508 374 575 Galbam
387 508 444 586 ira,
458 508 493 573 in
506 509 652 575 Pisonem
666 510 792 575 invidia.
837 510 994 597 Fingebat
1007 523 1039 575 et
1054 523 1183 589 metum,
1198 535 1265 597 quo

194 594 295 682 magis
317 594 555 681 concupisceret.
600 601 622 634 ‘⁶
638 597 838 681 Proegravem
863 618 896 659 se
921 594 1040 661 Neroni
1064 594 1176 661 fuisse:
1206 620 1262 661 nec

196 680 392 747 Lusitaniam
405 703 526 759 rursus,
540 692 573 744 et
584 679 711 745 alterius
724 682 823 745 exsilii
836 682 986 746 honorem
999 682 1261 767 exspectandum:

195 781 375 855 suspectum
396 788 518 915 “mpla
538 764 618 831 invii
695 790 736 831 ue
756 766 1000 864 dominantibuS,
1023 766 1080 864 qui
1100 766 1264 865 proximus

195 851 410 917 destinaretur.
472 851 592 917 ocuisse
604 850 639 915 id
653 851 679 916 si
700 852 712 917 i
724 853 812 940 apud
827 874 930 917 senem
945 855 1140 939 Principem:

194 938 372 1003 nociturum
391 936 479 1024 apud
501 937 663 1024 juvenem,
685 938 812 1024 ingenio
833 953 963 1015 trucem,
984 951 1017 1003 et
1040 936 1135 1025 longo
1155 874 1265 1003 ellidii

194 1023 376 1089 efferatum:
397 1021 497 1089 occidi
512 1022 671 1088 Othonem
685 1046 785 1111 posse.
826 1022 963 1089 Proinde
976 1022 1134 1121 agendum
1147 1024 1264 1089 audeti-

193 1107 346 1196 dumque,
366 1108 446 1173 dum
465 1108 579 1174 Galbre
596 1110 763 1175 auotoritas
780 1108 877 1189 fluxa,
896 1109 1019 1175 Pisonis
1037 1108 1178 1175 nondum
1195 1133 1265 1175 ooa-

193 1193 312 1261 luisset.
355 1195 562 1282 Opportunos
574 1195 696 1281 magnis
713 1196 877 1263 conatibus
895 1194 1044 1259 transitus
1062 1217 1185 1260 rerum:
1207 1217 1265 1261 nec

194 1279 391 1345 cunctatione
453 1303 503 1358 us,
525 1278 582 1345 ubi
602 1279 799 1367 perniciosior
820 1281 861 1347 sit
897 1279 973 1359 tries,
988 1302 1083 1367 quam
1099 1280 1265 1346 temeritas.

195 1367 337 1431 Mortem
349 1365 434 1431 omni
457 1388 495 1431 tis
508 1388 549 1431 eii
561 1378 676 1431 natura
687 1366 852 1455 aequalem,
865 1390 886 1431 o
907 1365 1020 1431 livione
1031 1364 1118 1453 apud
1126 1380 1266 1452 posteros

194 1449 246 1515 vel
266 1450 367 1538 gloria
384 1450 546 1538 distingui.
588 1450 650 1530 Ac,
672 1452 699 1519 si
718 1466 882 1519 nocentem
903 1452 1160 1538 innocentemque
1181 1449 1265 1517 idem

193 1535 299 1604 exitus
318 1548 453 1616 mmeat,
467 1536 594 1601 acrioris
606 1535 666 1603 viri
686 1562 763 1617 esse,
783 1539 894 1603 merito
912 1537 1041 1625 perire.”

237 1623 365 1689 XXII.
386 1624 460 1687 Nou
473 1635 540 1687 erat
554 1623 688 1689 Othonis
706 1624 809 1692 mollis
822 1638 855 1689 et
867 1622 990 1711 corpori
1010 1622 1117 1689 similis
1131 1621 1261 1689 animus.

193 1708 242 1773 Et
252 1706 355 1773 intimi
367 1701 551 1773 libertorum
562 1732 795 1797 servorumque,
805 1709 983 1796 corruptius
993 1731 1090 1807 quam
1100 1708 1132 1771 in
1144 1707 1267 1795 privata

193 1792 291 1860 domo
303 1792 413 1872 habiti,
431 1793 537 1859 aulam
551 1795 685 1860 Neronis
705 1810 738 1860 et
757 1796 865 1876 luxus,
880 1794 1043 1874 adulteria,
1058 1794 1271 1873 matrimonia,

193 1892 376 1966 ceterasque
395 1901 563 1965 regnorum
584 1879 739 1960 libidines,
761 1881 855 1947 avido
876 1880 996 1959 talium,
1019 1880 1045 1945 si
1066 1880 1207 1959 auderet,
1229 1894 1267 1945 ut

194 1988 254 2031 sim
266 1978 475 2039 ostentantes:
490 1964 673 2050 quiescenti,
680 1982 725 2031 ut
737 1966 848 2045 aliena,
862 1966 1111 2053 exprobrabant:
1128 1966 1268 2051 urgenti-

193 2050 256 2117 bus
266 2050 361 2115 etiam
371 2049 606 2129 mathematicis,
618 2051 698 2117 dum
711 2058 734 2091 “
743 2074 841 2116 novos
849 2064 964 2130 motui,
975 2062 1007 2117 et
1017 2049 1137 2115 clarum
1147 2050 1266 2116 Othoni

192 2159 324 2214 anuum,
334 2135 547 2201 observatione
558 2136 724 2216 siderum,”
733 2136 917 2201 adfirmant:
930 2158 1031 2233 genus
1039 2135 1199 2201 hominum
1210 2160 1267 2225 po-

194 2221 334 2287 tentibus
346 2219 491 2302 infidum,
505 2224 702 2309 sperantibus
714 2221 823 2303 fallax,
833 2220 921 2310 quod
934 2244 967 2286 in
981 2220 1105 2286 civitate
1118 2234 1224 2289 nostra
1236 2236 1267 2287 et

190 2457 301 2524 fingebat
312 2456 454 2508 reddantur:
472 2456 541 2504 male.
557 2454 628 2505 Earn
651 2455 716 2506 Bud.
746 2456 819 2508 libris.
835 2456 909 2508 Enii.
935 2456 1011 2506 Atrei
1022 2457 1086 2506 viror
1097 2456 1167 2507 etiam
1178 2458 1266 2508 Seneca

197 2528 263 2572 iram
271 2554 296 2571 ..
307 2524 425 2571 davida
440 2522 503 2571 Mox
513 2519 576 2572 idem
586 2537 611 2570 ic
619 2523 716 2571 Neroni
747 2524 818 2573 habet
830 2522 860 2571 de
875 2532 949 2571 morte
960 2521 1069 2580 Claudii:
1086 2531 1110 2572 et
1118 2532 1196 2600 nostro
1205 2523 1267 2574 infra

193 2603 480 2728 militamt...]
497 2649 716 2701 mussant
747 2587 1266 2717 litliliffh'lsstidlll‘dlhlh

203 2726 260 2766 vett.
278 2717 408 2766 manuni
426 2715 490 2764 dedit
507 2723 550 2764 out
565 2731 596 2766 ex
611 2715 713 2780 iugenio.
748 2716 817 2766 nium
834 2717 887 2782 lego
901 2717 962 2764 inter
975 2716 1026 2776 illi,
1036 2732 1090 2780 quie
1103 2717 1206 2766 maxime
1222 2718 1267 2766 im-

196 2783 275 2833 Vetus
289 2781 387 2830 restitui.
404 2781 477 2830 Ean.
509 2781 567 2830 Non
576 2796 607 2830 ex
622 2779 716 2845 ingenio
748 2784 876 2847 probantur
887 2781 913 2828 in
925 2782 1020 2830 Nerone
1033 2783 1074 2830 28.
1106 2783 1185 2844 Super
1199 2783 1265 2844 lage.

197 2847 277 2896 Eheu.
289 2847 330 2894 sed
340 2845 425 2894 eBud.
748 2862 852 2895 suorum
865 2847 1011 2908 paedagogia
1028 2852 1051 2893 et
1066 2853 1196 2909 nuptorum
1211 2863 1266 2894 con.

233 2912 316 2960 Occidi
324 2911 439 2960 Othonem
445 2924 513 2972 porse
535 2907 717 2974 Antnugusti·
749 2913 874 2959 cubiriatiti
892 2912 986 2972 virgini
1001 2911 1090 2958 Vestali
1101 2913 1201 2960 nitria
1216 2915 1267 2960 vim

197 2990 244 3024 niis
260 2975 383 3029 (redemta
401 2973 495 3033 Ursino)
610 2991 618 3022 :
642 2975 717 3022 occidi
748 2978 839 3024 sarmit.
851 2975 1010 3038 Hincoolligtt
1020 2974 1129 3023 Tacitum
1137 2975 1264 3038 scripsisse:

198 3043 312 3088 Pisonem
318 3055 393 3103 porra
410 3039 471 3088 Item
482 3039 619 3098 Groslotiua
630 3039 672 3103 qui
682 3038 718 3086 nil
748 3041 829 3088 aulam
837 3041 945 3088 Neronis
955 3045 979 3087 rt
988 3039 1068 3094 bnis,
1078 3041 1205 3099 adulterio,
1213 3057 1265 3102 με.

197 3104 396 3220 ἇῗὲιῖ“ἔὲ“ἶ“
403 3099 576 3230 &2¹11stst
582 3101 716 3216 papa)
749 3106 1020 3218 &tatemere
1034 3105 1266 3218 :tl'ttllilz

230 3185 359 3296 muri:
366 3231 557 3297 audendamque]
568 3232 607 3281 Sic
615 3233 668 3280 hir.
675 3233 717 3290 22,
749 3234 800 3282 mc
809 3232 924 3284 eorrectio.
952 3233 1019 3282 Beue
1029 3231 1091 3282 filius
1102 3185 1204 3282 defendit
1214 3235 1267 3282 vul-

201 3297 240 3345 ld.
250 3299 367 3347 Audendo
377 3305 448 3362 atque
457 3298 548 3359 agendo
558 3312 596 3345 rei
608 3298 717 3346 Roriam
749 3307 841 3362 garum,
853 3307 876 3347 et
885 3306 990 3346 sumtum
998 3297 1054 3346 dicit
1063 3298 1195 3346 ememoria
1203 3298 1238 3346 Po
1255 3327 1266 3340 -

198 3365 282 3411 creuit.
748 3377 821 3425 paea:
832 3363 857 3410 in
864 3361 1019 3436 quapriiirum
1026 3361 1175 3420 adulterium,
1184 3316 1266 3412 deindo

231 3427 351 3476 Nondum
366 3427 503 3491 maluisset]
519 3425 569 3476 ie.
581 3425 718 3475 confirmata
749 3425 934 3475 matrimomum.
957 3426 1063 3490 Ryelrius
1074 3427 1166 3488 conjicit
1177 3429 1266 3476 adulte-

196 3500 267 3552 emet,
277 3491 444 3547 convaluerat:
461 3500 490 3538 ut
499 3507 570 3555 supra
584 3492 670 3539 coalita
685 3492 716 3537 li-
749 3494 789 3540 ria
797 3497 967 3538 niatrotiarmn.
983 3491 1055 3538 Eure.

198 3557 283 3612 bertae
299 3557 407 3604 cadom
431 3556 464 3604 V.
479 3556 556 3604 Indic.
570 3555 638 3604 Male
653 3555 677 3602 R
693 3570 717 3603 c-
778 3558 917 3618 ceterasque
925 3568 1052 3616 regnarem
1059 3555 1178 3631 libidines]
1197 3555 1265 3604 Glos-

198 3619 267 3668 kius:
279 3620 328 3668 icil.
337 3621 535 3669 cumaneton'tate
542 3621 632 3669 Gallia.
681 3620 717 3668 ale
748 3634 800 3669 sain
810 3619 915 3684 praefett:
930 3635 957 3668 ac
966 3619 1061 3668 fortasse
1071 3635 1211 3682 gemianius,
1221 3636 1265 3668 ιω.

198 3693 224 3733 et
243 3684 366 3734 Acidaliae
392 3684 522 3748 corrigebat
544 3686 715 3734 modularet.-
749 3685 1154 3748 tercqneregitoritmavt’dotalium.
1182 3685 1265 3734 Paullo

199 3764 255 3798 narn
265 3748 328 3798 idern
339 3756 381 3798 eet.
397 3746 470 3798 Eun.
748 3758 803 3798 ante
811 3750 881 3799 etiam
892 3749 974 3798 malim
981 3748 1123 3809 conjunctim
1133 3750 1188 3814 legi,
1197 3752 1265 3800 adul-

235 3816 362 3862 Traiititui
370 3811 463 3876 rm]
474 3813 647 3874 mnemia,
653 3828 716 3861 com·
748 3821 801 3862 tera
811 3815 972 3863 matrimonia.
989 3813 1065 3862 Lina.
1099 3814 1133 3864 Et
1143 3815 1175 3863 sic
1183 3825 1231 3864 erat
1239 3816 1264 3863 in

198 3877 339 3928 mutationes
351 3877 458 3943 Imperii,
469 3895 524 3928 cuni
538 3881 568 3928 ab
578 3893 627 3928 uno
639 3877 670 3926 ad
682 3877 717 3925 al-
749 3879 806 3928 ΜΒ.
822 3879 884 3928 Bud
910 3877 983 3927 Ean.
1016 3879 1062 3928 Sed
1081 3880 1145 3944 vulg.
1164 3880 1263 3929 rectius:

197 3952 276 4000 terum
291 3943 388 4000 trusit:
408 3943 441 3994 sit
454 3959 475 3993 c·
484 3945 524 3993 29.
534 3959 572 3992 rei
588 3944 717 3993 :ramma
749 3959 805 3992 nam
816 3952 839 3992 et
849 3941 995 3992 matrimonia
1003 3958 1045 4006 pro
1052 3944 1149 3993 libidine
1158 3948 1265 3994 mutabat

199 4008 273 4064 Bait.
552 4060 556 4066 ,
750 4010 825 4068 Nero,
841 4018 868 4056 ut
878 4018 931 4056 ante
942 4007 1061 4057 Claudius.
1094 4009 1210 4058 Budensis
1225 4009 1264 4058 hie

233 4074 343 4121 Aaron
357 4075 406 4120 stri
421 4071 495 4185 tiraq³
512 4073 622 4122 Aerem-ts
636 4088 716 4136 suspe-
748 4073 810 4123 varie
824 4082 910 4138 peccat.
943 4073 1019 4137 Supra
1034 4075 1178 4123 audiendum
1193 4074 1264 4124 habet

198 4145 261 4185 atim
272 4137 440 4186 Freinshemic.
495 4138 564 4188 ortior
579 4152 634 4186 satie
644 4138 717 4186 orado
747 4137 942 4202 procudendum,
954 4145 1032 4186 niunet
1043 4155 1085 4204 pro
1096 4146 1195 4194 maneat,
1207 4154 1263 4186 mox

198 4201 265 4262 foret,
276 4203 296 4249 si
307 4205 404 4251 abesset.
422 4202 470 4251 Sed
479 4217 526 4252 non
536 4210 657 4266 propterea
667 4203 716 4251 Ta·
749 4204 870 4252 vetamur
881 4218 923 4266 pro
938 4204 1064 4266 verneio,
1082 4205 1205 4266 Priiicipli
1221 4216 1263 4265 pio

197 4265 258 4316 citus
272 4282 320 4316 non
336 4268 369 4317 sie
379 4267 458 4317 dedit:
476 4275 557 4333 estque
568 4268 593 4316 in
609 4267 717 4316 omnibus
745 4268 898 4334 pdattpalii.
