3059 4975
210 268 271 345 242
588 256 872 333 Histoitisumt
888 277 896 328 ζ
1118 258 1160 336 [s⁸¹
1172 277 1201 315 u.
1215 259 1284 327 823.-

217 426 259 493 Id
273 446 347 495 vero
361 446 436 512 erga
455 422 697 511 Rempubliesm
717 422 902 509 superbum
919 442 995 508 erge
1013 418 1193 571 &siddim
1211 440 1285 487 oon-

216 510 425 589 tumeliosum,
441 508 539 597 quod,
563 508 628 573 “in
643 532 738 575 runnu
754 530 812 573 sun
824 507 920 572 fuisse
935 507 1049 595 Imperi
1142 519 1286 579 enutrim-

217 622 280 689 qne
295 596 511 685 Vespasiano‚”
522 596 669 683 jactabat.
709 597 859 670 Ceterum
871 592 989 659 invidie
1003 594 1036 657 in
1048 592 1187 670 occulto3
1205 593 1285 660 udu-

216 684 292 749 latio
306 683 338 747 in
352 707 371 747 a
410 695 460 747 rto
473 694 578 747 erant:
598 681 699 745 multo
710 703 783 745 cnm
792 680 910 745 honore
919 680 1086 744 verborum
1102 680 1286 744 “Muciano

217 769 357 856 triumph
389 768 441 833 ia”
455 766 494 831 de
503 764 585 832 bello
596 766 678 830 civili
686 766 778 831 data:
794 766 848 831 sed
864 765 929 829 “in
940 766 1098 831 Sarmatas
1108 788 1148 829 ex
1211 764 1286 829 'tio''

218 853 403 943 fingebatur.
435 852 613 917 Adduntur
630 852 770 917 “Primo
782 850 1127 928 AntonioConsuluris,
1187 849 1286 918 melio

219 944 334 1020 Fusco,
344 956 375 1005 et
381 937 579 1023 ArrioVaro‚
587 940 740 1007 Praetoria
747 938 907 1024 insignis.”
923 939 1097 1003 MoxDeos
1105 958 1283 1023 respexere:

219 1022 241 1067 ‘³
250 1025 389 1092 restitui'
421 1024 518 1089 lacuit
532 1031 554 1063 “
564 1024 744 1114 capitolium
753 1026 781 1089 :⁹³
794 1047 894 1110 esque
903 1023 1009 1089 omnis
1016 1022 1159 1088 Valerius
1169 1020 1288 1089 Asiati·

218 1136 283 1191 cus,
294 1048 611 1197 Consuidesignmus‚
623 1109 759 1175 censuit:
777 1110 871 1174 ueteri
881 1108 972 1181 vultu
987 1131 1163 1194 manuque:
1181 1107 1285 1194 pauci,

219 1196 335 1286 quibus
345 1196 511 1284 conspicua
520 1195 666 1282 (ligitime,
677 1208 734 1259 aut
743 1194 904 1282 ingenium
914 1193 1094 1259 adulatione
1103 1194 1286 1274 exereitum,

219 1283 397 1372 compositis
418 1280 608 1345 orationibus
632 1280 896 1346 adsentiebantur.
940 1278 1007 1343 Ubi
1033 1278 1072 1342 ad
1100 1278 1292 1345 Helvidium,

219 1371 375 1449 Priscum,
384 1371 554 1432 Praetorem
563 1367 771 1454 designatum,
779 1381 919 1445 ventum,
928 1363 1082 1453 prompsit
1093 1365 1286 1443 senteutiam,

219 1587 432 1648 esinsectstiojsm
445 1600 491 1632 non
502 1583 626 1645 indicabat,
638 1586 738 1634 liberum
764 1602 874 1635 nuscum
885 1600 950 1648 seqq.
964 1582 1080 1632 omnibus.
1116 1582 1152 1629 At
1162 1582 1200 1631 ed.
1210 1581 1287 1647 prima

221 1668 270 1713 esse
280 1652 430 1711 Mucianum,
441 1650 467 1699 h.
478 1666 497 1698 e
509 1651 602 1709 audere,
614 1666 667 1713 quae
677 1659 738 1699 rectu
764 1658 890 1714 ceterisque
904 1658 958 1698 ante
976 1648 1053 1696 Rben.
1065 1648 1122 1697 MS.
1132 1648 1193 1717 Agr.
1210 1649 1297 1709 rapi-n

221 1726 305 1775 essent,
314 1731 413 1781 queque
421 1715 523 1770 sentiret,
532 1715 602 1763 etism
613 1731 666 1763 curn
677 1714 738 1778 peri-
765 1730 816 1762 cere
827 1716 974 1775 restituique.
997 1713 1068 1759 Euri.
1095 1711 1134 1759 De
1145 1711 1237 1759 Puteol.
1250 1711 1286 1759 ed.

221 1782 274 1829 culo
286 1780 440 1829 diceretcum
452 1781 501 1840 jem
512 1780 739 1829 nullumaViteliio
765 1779 791 1827 id
801 1794 848 1828 non
859 1778 927 1827 valet.
955 1777 981 1826 Is
995 1776 1073 1825 dedit:
1091 1790 1218 1838 respexere
1237 1774 1287 1824 Re·

222 1845 351 1910 periculum
370 1853 436 1893 esset·
472 1843 537 1892 Ante
556 1844 661 1892 Pichene
680 1846 739 1893 bene
768 1846 844 1892 stitui.

223 1910 294 1963 edidit
311 1912 433 1960 Vitellium
450 1924 463 1955 e
481 1909 535 1957 MS·
552 1908 616 1957 Flor.
633 1910 671 1957 oui
686 1923 740 1957 con·
802 1910 889 1966 Ceteri,
898 1910 967 1957 vultu
977 1904 1106 1968 manuque]
1115 1903 1186 1953 Retio
1192 1905 1288 1953 assenti-

222 1974 292 2023 sentit
300 1975 336 2022 ed.
347 1989 383 2038 pr.
406 1972 740 2048 Ceterilibri‚qnosvidiante
769 1973 857 2021 endiin
872 1974 968 2032 Senatu,
982 1987 1037 2020 voce
1050 1978 1091 2019 sut
1108 1970 1181 2033 signo.
1214 1970 1289 2031 Signo

224 2039 289 2087 Pich.
307 2042 450 2087 Vitellianos.
469 2038 540 2086 Euri.
558 2036 596 2086 Sic
608 2048 631 2086 et
642 2038 706 2087 Bud.
769 2038 900 2103 dupliciter,
917 2038 1015 2101 pedibus
1027 2044 1069 2083 ant
1082 2050 1161 2083 manu.
1194 2034 1287 2082 Pedum

255 2106 294 2153 De
304 2106 360 2159 leid>
371 2106 437 2151 civili
448 2104 515 2167 datu]
533 2102 587 2152 MS.
600 2103 662 2151 Flor.
681 2105 741 2149 civi·
769 2103 794 2151 in
812 2102 948 2151 discessione
967 2116 1031 2149 usus.
1070 2100 1160 2148 Manus
1175 2098 1246 2147 etiam
1262 2099 1287 2147 in

223 2171 291 2226 lium,
304 2177 331 2217 nt
341 2179 364 2217 et
372 2169 407 2217 ed.
415 2185 450 2233 pr.
458 2168 520 2231 quod
531 2175 666 2231 corruptum
677 2166 741 2216 vide·
769 2168 867 2216 sessione
876 2176 918 2215 aut
928 2166 1034 2225 statione,
1049 2180 1104 2213 cum
1117 2180 1145 2212 ee
1155 2178 1289 2227 exporrecta

223 2233 386 2284 turPichenoe.
414 2234 439 2281 J.
460 2230 591 2281 Gronovius
609 2240 676 2295 putet
692 2248 741 2281 cor-
770 2230 1006 2297 signifimrenttslem
1017 2228 1154 2277 sententium
1167 2244 1289 2291 seappro-

223 2298 268 2361 rigi
278 2314 343 2362 posse
354 2300 451 2345 civium.
467 2298 563 2344 Bellum
572 2298 662 2343 ciuium
670 2296 741 2345 etiam
769 2299 832 2345 bare.
859 2296 975 2359 Vopiscus
988 2295 1013 2341 in
1028 2292 1111 2342 Aurei
1126 2295 1166 2339 20.
1195 2294 1289 2339 Deinde
1326 2331 1329 2336 .

225 2378 244 2410 c.
256 2364 296 2417 72.
313 2363 392 2411 Tacito
403 2360 552 2411 reddidimus.
570 2361 617 2410 Sed
633 2362 738 2409 mavult:
770 2362 825 2409 otiis
834 2376 918 2409 mntem
925 2361 1113 2424 porrigentibus,
1124 2360 1179 2405 aliis
1190 2358 1289 2419 pedibus

225 2429 326 2479 debello
344 2428 409 2475 ciuili
427 2442 473 2475 non
494 2428 566 2473 dato.-
596 2426 658 2491 quod
677 2426 742 2473 nullo
771 2428 798 2473 in
810 2428 950 2474 sententium
964 2426 1080 2483 euntibus,
1095 2424 1211 2485 plerisque
1222 2423 1291 2469 verbo

225 2492 296 2542 modo
304 2492 397 2604 probari
407 2499 487 2556 potest.
513 2493 587 2550 Nam,
598 2491 646 2540 sive
657 2492 742 2554 capias,
771 2486 1187 2551 comentientiiurconditumestSC.
1204 2489 1292 2536 Senem

225 2555 255 2604 de
267 2556 328 2604 belo
341 2556 403 2603 civili
416 2571 461 2603 non
477 2556 544 2602 solite
558 2555 616 2614 dari,
629 2555 697 2666 {guod
710 2554 743 2602 ita
771 2558 842 2620 epti.
878 2557 938 2602 Non
954 2556 1034 2601 videor
1050 2555 1093 2599 tibi
1102 2555 1160 2615 plus
1172 2554 1290 2615 prodesse,

225 2629 267 2680 eet,
279 2635 351 2682 eoque
362 2619 425 2668 haud
436 2618 506 2667 dubie
516 2619 617 2680 respexit
652 2620 739 2666 scitus:
771 2635 842 2680 quom
857 2619 879 2666 si
894 2620 920 2665 in
934 2621 1025 2666 Senatu
1038 2618 1162 2663 candidato
1177 2631 1254 2662 vocem
1267 2623 1291 2664 et

226 2677 742 2748 deeritverbum,sdquodreferinturtrium'-
771 2699 871 2731 ntnnum
890 2682 1081 2730 commodarem?
1108 2679 1212 2728 Isidorus
1230 2679 1292 2728 hane

222 2751 313 2812 pientio.
340 2750 381 2798 Sin
400 2749 440 2808 sie,
455 2756 482 2796 ut
499 2749 572 2796 Gron·
590 2747 654 2802 haud
672 2743 742 2795 dubie
771 2756 851 2796 notum
862 2747 893 2794 ad
904 2746 1030 2795 exercitum
1042 2761 1135 2809 quoque
1146 2745 1255 2793 transfert
1267 2744 1291 2804 1,

226 2814 307 2874 voluit,
319 2811 373 2862 diste
384 2811 549 2876 triurnpb.non
560 2811 659 2860 debello
671 2811 741 2871 civili,
772 2814 811 2859 25.
840 2815 900 2860 Mos
910 2819 944 2859 est
955 2813 1077 2871 militaris,
1089 2817 1125 2871 ut,
1136 2812 1227 2872 quoties
1238 2825 1293 2856 eon·

227 2878 267 2926 sed
278 2877 307 2927 de
318 2877 438 2937 Sennatis,
452 2885 567 2926 structura
577 2879 698 2926 verborum
710 2884 743 2924 est
771 2879 857 2929 sentim
869 2879 995 2937 exereitus,
1013 2878 1069 2937 quin
1084 2890 1138 2922 voce
1152 2889 1199 2923 nun
1205 2881 1292 2937 potest,
1351 2906 1354 2911 «

227 2943 348 2991 durissima
363 2951 386 2990 et
403 2959 416 2990 a
432 2958 496 2990 more
507 2941 645 2990 Latinorum
659 2941 742 3002 abhor-
772 2958 847 2990 manu
856 2945 991 3005 promittat.
1009 2942 1085 2990 lires.

226 3023 285 3056 rens.
312 3007 397 3056 Sensus
407 3015 455 3055 est:
473 3022 498 3054 re
508 3022 562 3054 vera
572 3004 601 3054 de
611 3007 673 3055 bello
683 3005 745 3054 civili
806 3005 1167 3070 Pronspsitsententiurn,fniso]
1175 3004 1293 3054 Antmibi

227 3072 281 3121 deta
290 3081 352 3128 sunt,
364 3071 403 3120 sed
412 3074 456 3120 sub
464 3078 577 3134 pretextu
585 3071 641 3118 belli
652 3071 744 3118 Senna-
773 3086 848 3133 mens,
858 3079 901 3118 aut
911 3070 1027 3120 huiclooo
1037 3069 1127 3133 aliquid
1137 3068 1203 3117 desit.
1227 3067 1294 3128 Quid

229 3137 268 3184 tici
282 3138 379 3186 feliciter
391 3136 458 3199 gesti,
477 3145 504 3184 ut
518 3151 547 3184 sc.
561 3135 610 3182 sine
624 3135 745 3198 reprehen-
774 3136 837 3187 euim
854 3135 900 3197 hic,
915 3136 940 3184 in
955 3151 1003 3200 qno
1014 3134 1139 3184 Helvidius
1151 3133 1292 3182 offenderit?

229 3202 292 3248 sione
305 3201 420 3250 durentur.
438 3201 511 3248 Eure.
542 3199 568 3246 J.
582 3199 655 3248 Gron.
668 3200 745 3262 conje·
774 3200 822 3249 Sed
838 3215 881 3250 nec
898 3200 943 3250 ists
961 3201 1012 3264 ipsa
1032 3199 1169 3256 sententiola
1187 3199 1291 3261 integre:

228 3270 293 3315 ctura
299 3265 381 3312 nititur
390 3262 542 3312 lectioneood.
552 3263 615 3312 Flor.
624 3261 648 3310 in
657 3279 705 3328 quo
713 3272 747 3312 est
773 3265 933 3329 scripseritque
943 3265 1049 3324 Tacitus,
1066 3271 1094 3313 ut
1104 3266 1256 3325 honon‘fieom
1267 3264 1294 3310 iu

228 3331 343 3378 civilium.
774 3332 859 3378 bonum
878 3332 1079 3393 principemus
1095 3329 1238 3376 adumtiouis
1252 3341 1293 3374 en-

259 3397 293 3458 In
306 3396 430 3444 Sarmatos
442 3395 572 3460 enpeditio]
591 3393 652 3454 Quae
667 3393 745 3453 fuerit,
771 3402 873 3456 pestem.
907 3395 975 3443 Certe
991 3397 1124 3442 membrum
1139 3393 1185 3440 tnle
1197 3389 1293 3452 aliquod

227 3473 274 3506 non
285 3459 357 3516 dixit3
377 3475 453 3522 neque
463 3459 557 3507 debuit:
576 3474 631 3509 nem
642 3467 745 3522 sppsret,
775 3459 875 3523 requiro.
889 3455 1242 3523 Rodolphusenimnonexplet,
1251 3455 1294 3519 qui

228 3524 342 3588 exiguum
353 3523 442 3588 aliquid
453 3523 529 3572 fuisse.
557 3525 639 3599 Atque
652 3524 696 3571 hoc
712 3522 746 3572 fa·
775 3523 846 3586 legit:
861 3531 888 3572 ut
895 3525 998 3587 lionoris.
1007 3526 1033 3571 in
1040 3525 1089 3570 ion.
1100 3522 1295 3582 Principemntu

226 3595 291 3635 etum
305 3589 395 3652 opinari
409 3589 463 3636 licet
479 3588 530 3652 ipso
543 3589 606 3638 civili
618 3589 663 3636 isto
676 3587 746 3647 bello,
769 3589 954 3651 subsederant:
966 3588 1009 3652 qui
1016 3586 1152 3636 sententiam
1158 3592 1293 3648 sequentem

228 3667 282 3700 cum
291 3653 417 3702 Mucianus
427 3653 490 3701 lento
501 3651 746 3704 itinereinThraeiurn
777 3652 882 3701 debilitet
900 3662 923 3702 et
940 3662 1040 3701 enervet.
1059 3651 1135 3699 Iure.
1158 3647 1295 3698 linctionem

228 3725 251 3772 et
267 3716 376 3765 Moesiam
389 3717 461 3767 veuit.
477 3717 552 3766 Irrrs.
571 3719 617 3766 Per
630 3718 748 3766 Sarmatas
777 3717 834 3774 MS·
842 3719 901 3781 Agr.
910 3720 1010 3780 probant
1017 3716 1113 3765 Grotius
1125 3724 1148 3764 et
1155 3714 1295 3763 Freinsh.in

228 3779 328 3854 intelligi
334 3781 411 3831 Dacos
420 3783 548 3831 credocum
557 3781 648 3843 Colero,
656 3781 748 3830 Grono-
777 3791 869 3830 textum
882 3783 967 3844 recepit
980 3781 1093 3846 Ryelrius.
1115 3780 1192 3846 lipsii
1201 3779 1295 3843 suppleq

227 3859 274 3903 no,
287 3845 408 3908 Ryekio,e
424 3845 449 3908 3,
461 3848 502 3895 46.
525 3847 693 3906 Sarmatarum,
701 3846 749 3894 Ge·
777 3854 884 3894 mentum
901 3847 994 3912 probari
1009 3861 1056 3896 non
1073 3854 1163 3910 potest:
1189 3844 1296 3902 existeret

229 3915 314 3966 nrum,
327 3908 446 3958 Dacorum
454 3909 550 3960 nomine
558 3910 684 3976 sepissime
694 3926 752 3958 con·
778 3912 841 3961 enim
852 3914 1000 3970 ταυτολογίας
1017 3912 1105 3976 quippe
1112 3913 1180 3975 jahn
1190 3911 1294 3967 oberant,

227 3972 360 4020 funduntur
380 3975 443 4037 apud
462 3985 555 4037 veteres,
575 3985 669 4042 propter
690 3975 746 4024 vioi-
777 3976 837 4024 nihil
847 3976 912 4025 aliud
922 3985 966 4037 est,
981 3993 1054 4042 quam
1066 3992 1146 4040 expers
1156 3971 1296 4030 adulationis

228 4037 299 4106 niam.
327 4039 477 4100 Fingedutur
498 4041 603 4107 intelligo
621 4041 748 4106 pretende·
778 4049 827 4089 erat
845 4043 965 4090 sententis.
997 4044 1062 4091 Nam
1075 4043 1143 4104 subu
1161 4045 1218 4086 sunt
1232 4037 1295 4097 ficta,

228 4104 305 4161 betur,
328 4118 408 4152 caussa
425 4103 599 4156 tribuendorum
616 4105 747 4170 triumphe·
779 4106 897 4168 simrrlets,
914 4115 942 4155 ut
956 4123 1017 4169 oepe
1030 4105 1094 4168 opud
1103 4104 1169 4162 alios,
1181 4117 1235 4165 quas
1244 4116 1297 4148 ma-

228 4167 288 4214 lium
299 4167 423 4219 ferebatur.
437 4167 508 4219 Eun.
526 4169 665 4234 iunguntur
676 4171 746 4218 etiam
778 4171 842 4219 xime
853 4170 943 4219 suntin
953 4171 1092 4228 adulatione,
1106 4177 1130 4221 et
1143 4167 1172 4215 de
1182 4166 1298 4226 aduleti07

229 4232 341 4280 Sarmitae
352 4232 458 4298 Dacique
468 4249 488 4281 o.
499 4235 539 4281 54.
779 4236 848 4286 nibus
862 4235 979 4294 dicuntur,
996 4243 1024 4284 ut
1035 4233 1165 4287 adulatores
1179 4232 1225 4295 ipsi
1233 4233 1298 4294 sulti

245 4297 326 4346 *Mon
335 4300 398 4364 Deos
406 4299 539 4364 respexere]
549 4298 588 4348 Sic
598 4297 671 4349 MSS.
683 4299 745 4348 Flor.
779 4300 925 4364 appellantur
940 4300 974 4348 A.
993 4300 1015 4360 1,
1036 4299 1060 4354 7.
1078 4304 1104 4359 3,
1123 4300 1148 4348 3.
1165 4304 1209 4354 etc.
1230 4295 1300 4344 Add.

230 4361 293 4436 lind.
302 4362 381 4413 Gueli'.
394 4375 417 4414 et
428 4364 459 4414 sic
470 4363 559 4434 primus
569 4363 641 4432 edidit
651 4363 747 4430 Rhena-¹
780 4364 844 4417 Gort.
855 4364 885 4414 ad
894 4365 951 4427 Sall.
960 4363 1014 4424 cst.
1024 4365 1062 4412 10.
1075 4363 1185 4428 Egunon
1192 4358 1298 4417 dnbitsri
