3059 4975
229 262 287 322 aa
604 248 913 313 fflsronmnun
1116 250 1297 327 [sasas

230 418 371 499 Namiae‚
394 439 467 507 pars
488 418 676 483 Interamnae
698 414 887 481 subsistere”
907 413 1005 503 jussi.
1031 412 1148 487 relictae
1167 410 1301 482 umus

232 504 412 571 victricibus
436 502 582 590 legiones,
602 524 703 589 neque
720 499 951 588 quiescentibus
970 523 1091 587 graves,
1106 511 1138 565 et
1151 499 1305 566 adversus

231 589 457 658 contumaciam
476 588 597 655 validas.
640 590 715 652 Non
735 587 865 651 omisere
885 610 1013 674 percos
1030 586 1097 651 dies
1115 587 1243 652 Primus
1263 606 1301 655 un

232 681 345 754 Varus,
360 674 476 741 crebris
490 674 609 738 nuntiis
628 680 650 712 ‘⁶
664 672 796 737 salutem
809 686 842 737 et
849 671 1017 771 pecuniam
1032 685 1063 737 et
1077 683 1193 737 secreta
1207 670 1303 736 Cam-

232 763 352 853 paniasl
373 761 484 826 offerre
497 757 637 837 Vitellio,
664 765 686 799 “
708 758 743 836 si,
765 758 874 845 posius
894 757 998 837 armis,
1019 781 1113 844 seque
1131 781 1167 829 ac
1188 756 1303 826 liberos

235 873 307 915 suos
329 846 518 934 Vespasiano
540 843 753 933 pennisisset.”
798 847 839 911 In
860 843 995 910 eundem
1017 843 1148 914 modum
1168 853 1200 907 et
1222 844 1303 908 Mu-

231 936 339 1001 cianus
353 930 525 1019 composuit
537 930 697 1017 epistolas:
713 930 829 1079 quibus
841 929 1027 1019 plerumque
1035 930 1132 994 fidere
1142 927 1301 1008 Vitellius,

233 1044 270 1085 ae
285 1027 307 1059 “
322 1020 362 1085 de
376 1040 506 1081 numero
525 1037 695 1099 servorum,
709 1016 856 1081 eectione
875 1016 1033 1095 litorum,”
1054 1014 1150 1103 loqui.
1193 1014 1302 1112 Tanta

234 1105 366 1192 torpedo
379 1102 533 1167 invaserat
547 1102 696 1180 animum,
712 1113 759 1180 ut,
775 1101 800 1165 si
816 1101 993 1189 Principem
1008 1124 1082 1167 eum
1097 1101 1194 1169 tuisse
1206 1111 1303 1169 oeten

232 1214 295 1255 non
309 1188 529 1267 meminissent,
544 1188 609 1275 ipse
622 1186 863 1251 oblivisceretur.

276 1275 403 1341 LXIV.
418 1274 466 1338 At
475 1274 626 1361 primores
637 1272 769 1337 civitatis
780 1271 926 1337 Flavium
938 1273 1099 1351 Sabinum,
1112 1271 1305 1340 Praefectum

233 1362 330 1441 urbis,
360 1360 483 1425 secretis
512 1359 704 1425 sermonibus
731 1358 912 1440 incitabant,
943 1366 965 1399 “
986 1357 1125 1423 victoriae
1145 1357 1303 1443 famaeque

305 1470 354 1511 em
374 1459 560 1533 capesseret:
582 1469 647 1509 esse
661 1444 707 1509 illi
727 1444 891 1542 proprium
911 1444 1042 1511 militem
1055 1442 1232 1510 cohortium
1249 1466 1304 1511 ur·

233 1459 405 1598 bibianum:
427 1554 484 1597 nec
498 1532 660 1597 defuturas
681 1530 812 1630 vigilum
833 1532 985 1609 cobortes,
1007 1530 1130 1597 servitia
1150 1530 1302 1617 ipsumsi,

233 1618 393 1685 fortunam
487 1618 563 1694 'um,
586 1631 618 1680 et
638 1638 742 1679 omma
762 1639 863 1705 prona
880 1617 1067 1682 victoribus:
1099 1639 1140 1681 ne
1160 1614 1305 1685 Antonio

234 1704 385 1790 Varoque
405 1631 565 1789 pearploria
577 1701 766 1766 concederet.
812 1702 934 1767 Paucas
948 1700 1079 1766 Vitellio
1097 1701 1248 1779 cohortes,
1271 1710 1304 1765 et

233 1789 350 1883 moestis
371 1788 511 1875 undique
531 1786 649 1851 nuntiis
668 1785 822 1873 trepidas:
846 1785 956 1874 populi
977 1786 1124 1851 mobilem
1144 1785 1303 1873 animum:

274 2045 368 2091 Secreta
387 1996 537 2107 Cuatpaaioe]
562 2040 577 2089 i.
594 2056 613 2089 e.
631 2038 708 2088 locum
726 2040 751 2089 iu
785 2040 906 2091 Consentit
916 2040 972 2093 MS.
984 2040 1022 2091 rt
1033 2040 1112 2091 aaut
1123 2041 1160 2090 ed.
1171 2056 1208 2107 pr.
1234 2041 1301 2091 Rene

237 2106 371 2173 Campania
390 2106 504 2166 litoribus,
524 2105 565 2155 ubi
584 2105 609 2153 in
630 2102 753 2153 solitudine
784 2106 986 2169 recepitPichena.
1003 2106 1305 2170 Lictoramprimusedldit

233 2172 367 2235 tranquilla,
385 2181 486 2219 remotus
503 2185 518 2217 a
534 2170 602 2218 turba
619 2169 751 2227 hominum,
786 2170 877 2219 Puteal.
910 2172 949 2223 Ea
963 2173 1032 2221 rerba
1044 2171 1113 2220 faite
1122 2171 1303 2222 aonfimduntru.

235 2252 312 2285 avum
321 2250 388 2299 agere
396 2243 486 2299 posset:
499 2232 569 2281 simili
577 2249 645 2281 sensu
654 2249 753 2281 recessus
785 2234 858 2284 Ean.
874 2237 999 2285 neema
1009 2252 1103 2301 quoque
1112 2236 1183 2285 babet
1193 2237 1257 2285 Bud.
1272 2238 1305 2285 In

238 2301 375 2363 Campania
382 2314 442 2362 supe
449 2298 512 2363 apud
519 2297 655 2347 Suetonium
661 2297 752 2345 dicitur.
786 2298 851 2347 Suet
858 2300 909 2348 loeo
916 2300 974 2349 Em.
983 2301 1014 2349 ad
1024 2316 1079 2349 eum
1088 2301 1167 2349 locum
1177 2301 1203 2348 τὸ
1214 2303 1304 2352 imm

236 2364 298 2413 Mox
317 2364 387 2411 litora
403 2371 514 2411 vocantur
532 2371 555 2411 et
573 2365 646 2411 abtas.
679 2362 751 2411 usn.
786 2371 870 2414 tuetur.
895 2366 963 2415 Mur.
973 2366 1108 2428 conjiciebat
1118 2366 1229 2427 locorum,
1240 2366 1306 2431 quod

237 2428 299 2477 Mox
311 2427 374 2475 Bud.
385 2442 445 2476 acac
456 2428 495 2477 lu.
785 2443 833 2477 non
843 2429 949 2495 ineptum
957 2430 1183 2495 judieatAeidaliua

269 2495 390 2542 Electtoae
406 2489 528 2558 lictorum]
552 2492 672 2553 Quorsum
688 2495 754 2544 licto·
833 2497 940 2557 Vegium
961 2497 1077 2560 robam]
1110 2495 1178 2554 Qun
1196 2496 1306 2560 Principe

236 2561 291 2606 res?
325 2558 350 2605 Si
361 2557 423 2605 enim
439 2558 556 2621 privatum
572 2558 631 2606 serio
641 2559 754 2619 indueret,
786 2559 898 2621 Augusto
913 2561 1039 2620 institutas,
1051 2560 1099 2608 Dio
1115 2560 1196 2610 scribit
1206 2564 1248 2621 bb,
1263 2563 1304 2610 26.

236 2621 297 2670 nihil
313 2621 341 2670 iis
351 2636 419 2684 opus.
452 2621 603 2671 scribendum
615 2623 711 2672 omnino
724 2625 754 2670 li.
787 2621 857 2686 idque
867 2623 935 2671 refert
944 2625 969 2671 in
977 2625 1010 2672 Α.
1018 2625 1050 2672 U.
1059 2625 1114 2679 759.
1131 2623 1200 2672 Idem
1207 2625 1307 2676 Paullus

237 2695 335 2736 torum.-
346 2701 459 2734 secessum
467 2686 571 2735 viddicet
577 2687 677 2750 aliquem
685 2703 755 2736 amoe-
787 2687 882 2735 tradidit
891 2688 951 2736 libro
960 2689 1053 2753 proprio
1063 2688 1102 2736 De
1111 2687 1187 2736 offitia
1199 2689 1306 2741 Pretem

237 2767 296 2800 num
312 2761 335 2799 et
350 2750 493 2798 maritimum
510 2751 611 2800 adtribui
626 2751 670 2800 sibi
680 2751 756 2802 Vitel-
787 2750 894 2814 vigilum,
906 2753 1004 2802 atrides
1013 2752 1178 2805 nemaeus
1193 2753 1307 2818 Appius

237 2817 284 2865 lius
294 2816 393 2875 uolebat,
405 2815 469 2864 velut
479 2816 509 2865 ad
519 2817 600 2865 otium.
634 2817 718 2880 Itaque
730 2817 756 2866 in
787 2824 866 2864 tamen
876 2818 934 2882 quid
944 2818 992 2877 fiet,
1004 2817 1047 2882 qui
1059 2817 1085 2864 iu
1100 2816 1260 2868 utimum
1271 2819 1307 2868 ri·

237 2881 340 2930 oratione
356 2880 485 2930 advmsana
503 2897 560 2929 mox
575 2881 702 2930 amicunuu
720 2897 756 2930 re·
787 2881 846 2957 giles
856 2881 1119 2946 repperitetinstimtos
1126 2883 1186 2942 nult,
1193 2883 1307 2948 Pompeia

240 2945 365 3008 spondetur
374 2943 430 2994 huic
444 2946 518 3010 parti:
543 2947 620 2994 Nunc
629 2949 756 3009 pensatam
788 2961 813 2994 m
826 2946 904 2995 Sicilia
913 2948 992 2996 victo?
1009 2948 1034 2995 id
1050 2955 1117 3007 emet,
1129 2947 1224 3024 triginta
1237 2963 1307 3012 pene

239 3011 402 3072 etfamiliaris
416 3017 439 3058 et
450 3013 524 3058 beatos
537 3012 673 3072 Cautpanioe
689 3013 756 3058 sinas
788 3019 842 3058 ante
852 3009 937 3060 Diouis
952 3012 1098 3060 traditionu
1114 3024 1188 3060 annia
1221 3013 1307 3066 Scribit

235 3077 356 3137 praemitti·
390 3074 527 3123 Suetonium
543 3089 586 3138 ego
601 3073 626 3122 in
642 3075 686 3122 hac
701 3089 757 3122 voce
789 3074 857 3122 civil
869 3078 893 3135 b,
910 3076 964 3124 lea
999 3078 1112 3126 Sabinam
1127 3077 1305 3142 Profectum«

238 3140 319 3204 paullo
334 3139 429 3200 marius
445 3147 468 3186 et
486 3137 604 3186 obscurius
621 3146 756 3201 corruptum
791 3141 885 3188 Cerere
894 3140 926 3186 ad
941 3143 1022 3190 tardas
1038 3148 1061 3190 et
1071 3142 1197 3190 nameus
1208 3144 1235 3190 la
1249 3145 1306 3193 erte

240 3203 344 3250 restituo.
364 3203 442 3249 Tiber.
455 3203 495 3258 72.
514 3205 569 3250 Nec
579 3203 693 3250 mainan
703 3217 757 3250 cors-
789 3211 857 3266 atque
864 3207 939 3254 lana
947 3208 1138 3270 conspr-incudes
1150 3207 1222 3269 italie
1230 3209 1307 3255 uena

241 3267 370 3326 suetudine,
382 3268 440 3327 qaia
456 3272 512 3314 tuac
522 3281 611 3328 quoque
625 3269 715 3315 naemu
731 3269 757 3315 ia
789 3269 874 3329 (addit)
885 3271 941 3329 aaut
951 3274 1083 3332 παραμεῖναι
1093 3272 1120 3320 rb
1132 3272 1252 3339 στρατιίας
1261 3279 1307 3326 τῶι

241 3331 318 3378 medio
338 3331 453 3389 triclinio,
473 3332 579 3380 autema
597 3333 687 3393 litim,
707 3333 757 3380 tia·
790 3334 960 3388 ›neruosi-dms
972 3333 1022 3388 ἔθος
1034 3353 1060 3381 τι
1078 3335 1114 3382 nal
1132 3332 1194 3389 εἶδος.
1226 3335 1307 3396 Atque

238 3397 308 3458 gulos
328 3397 405 3444 calm
422 3397 523 3444 dicentes
541 3398 675 3460 appellaret.
711 3395 758 3446 cui
789 3412 818 3445 ea
828 3413 854 3446 eo
865 3403 966 3461 tempore
976 3402 1046 3446 uiuat
1060 3401 1172 3448 marim
1181 3404 1307 3448 nodam

241 3460 303 3508 enim
320 3459 352 3508 rei
367 3459 433 3508 lictor
447 3459 486 3508 hic
499 3461 525 3508 in
539 3461 657 3510 triclinio?
674 3471 716 3510 aut
728 3479 758 3512 ex
789 3477 845 3510 rum
856 3465 959 3526 vigilum
969 3471 1089 3512 morenect
1097 3465 1213 3528 somena
1230 3463 1306 3527 Bene,

241 3540 289 3588 quo
300 3525 365 3574 ritu?
382 3525 511 3574 Beroaldus
519 3534 542 3574 et
552 3527 632 3591 prisca
639 3525 757 3588 editiones,
790 3530 875 3579 amat.-
893 3543 949 3586 nam
959 3527 979 3587 ai
989 3536 1015 3576 tu
1026 3528 1145 3592 Appiana,
1156 3527 1227 3581 nimis
1236 3542 1306 3584 m

240 3597 271 3636 at
281 3597 345 3636 stans
356 3591 383 3638 ia
394 3591 476 3638 medio.
501 3591 592 3654 Legem
603 3600 626 3639 et
635 3591 758 3642 rescribam
790 3593 921 3656 Sparteolos
939 3592 982 3641 hos
998 3593 1083 3640 milites
1100 3607 1179 3640 vocare
1194 3591 1307 3656 interpres

241 3661 317 3700 totum
333 3655 427 3702 locum:
444 3662 487 3704 aut
501 3663 565 3703 nom
582 3657 608 3703 in
624 3657 700 3704 aredio
714 3659 760 3705 tri-
790 3657 912 3706 Juvenalis
922 3657 1013 3705 videtur
1021 3657 1071 3703 Sat
1081 3657 1119 3711 14,
1130 3656 1220 3704 :souin
1230 3657 1306 3709 illudi

241 3719 322 3778 clialo,
333 3726 377 3768 aut
387 3726 452 3767 stom
463 3721 489 3768 ln
501 3722 577 3782 litore,
588 3721 703 3781 singulos
715 3731 757 3770 etc.
791 3724 921 3785 Dispositis
926 3722 1045 3783 predives
1052 3723 1137 3769 bamb.
1166 3724 1219 3771 Per
1229 3728 1308 3775 treu-

243 3781 290 3829 sivc
314 3783 415 3848 relegata
431 3783 502 3832 altera
518 3799 573 3832 voce
597 3785 696 3846 brevius,
715 3794 759 3835 aut
791 3789 907 3843 lotionem,
932 3785 1017 3848 inquit,
1041 3787 1172 3849 discipline
1192 3790 1307 3836 aaziae&

242 3853 308 3894 stam
324 3849 351 3894 ia
369 3849 445 3896 audio
463 3850 575 3909 triclinio,
594 3856 636 3896 eat
653 3864 665 3896 e
682 3851 758 3902 litore.
791 3852 967 3913 apameorum
976 3852 1075 3900 nme
1092 3867 1194 3914 quoram
1204 3853 1308 3903 colonae

244 3909 342 3960 Temere
353 3913 415 3960 enim
426 3914 521 3977 repetita
531 3912 646 3962 videtura
659 3914 758 3966 librario.
791 3919 817 3963 ia
835 3917 933 3962 tutelam
949 3916 1023 3976 areu,
1044 3931 1099 3965 cam
1116 3919 1193 3966 bamb
1211 3923 1235 3964 et
1250 3931 1307 3967 cum

242 3975 361 4025 Sententia
371 3984 450 4025 autem
464 3978 553 4042 liquida
564 3987 587 4027 et
600 3995 668 4043 pura,
687 3979 758 4029 Tibe.
790 3996 852 4042 aqua
867 3982 965 4041 uigilias
983 3996 1068 4030 curare
1085 3985 1252 4030 moverem
1270 3983 1307 4029 ui-

242 4040 304 4088 rium
315 4041 409 4104 Capreis
426 4041 592 4092 dissimulando
604 4046 685 4094 morbo
696 4055 759 4094 stan-
790 4047 858 4093 aiala
876 4045 1076 4110 Corrigendumin
1085 4044 1306 4106 mannanhun,

241 4111 290 4152 tem
301 4104 437 4154 valedixisse
448 4108 542 4155 comiter
552 4109 657 4173 singulis,
674 4110 759 4159 sivein
790 4126 875 4158 curare
890 4118 1058 4160 consueveram
1070 4113 1174 4158 uldbuse
1197 4117 1230 4169 et,
1259 4108 1308 4159 uod

241 4169 444 4230 nicbnio,sivein
459 4171 592 4236 ipsolitore.
626 4175 691 4222 Nam
706 4191 758 4223 mo·
789 4175 821 4224 ad
838 4177 979 4238 Spumeus,
998 4177 1049 4240 ipm
1064 4191 1110 4225 vox
1127 4173 1191 4224 ur
1260 4175 1267 4186 “
1299 4173 1306 4184 ’

241 4232 293 4281 dica
303 4249 330 4282 ea
344 4235 428 4296 insula,
444 4243 467 4282 et
481 4235 549 4284 amici
564 4238 669 4302 plerique
682 4239 758 4288 diver·
789 4241 862 4306 Apol.
874 4256 893 4288 a
904 4242 944 4290 39.
959 4239 1041 4288 eodan
1056 4255 1131 4294 seusu·
1148 4239 1225 4290 Iura.
1257 4237 1307 4290 Ubi

240 4300 357 4357 elebantur,
374 4308 402 4347 ut
417 4299 505 4362 opinor,
523 4300 547 4346 in
563 4302 668 4364 opposita
683 4304 759 4352 Italiae
790 4321 833 4369 pro
852 4307 937 4354 vidula
957 4305 982 4352 in
999 4304 1051 4354 loeo
1068 4305 1199 4358 mouera
1214 4305 1306 4357 flaret·

238 4369 304 4410 terra.
338 4363 415 4415 bins.
447 4365 520 4414 Recte
540 4366 636 4428 conjecit
654 4365 757 4432 lipsius.
790 4385 865 4434 camp.
877 4369 968 4420 mavult
978 4371 1080 4423 nantis
