3059 4975
253 264 321 307 nc.
334 250 395 323 rr]
625 250 776 317 ornav.
796 250 883 311 cnr.
903 254 949 310 rr.
1257 254 1317 315 aar

256 411 407 479 coloniam
422 409 685 499 Agrippinensem
699 410 905 513 diripiendam
921 408 1108 479 exercitibus
1122 411 1187 477 suis
1200 414 1328 499 permit-

258 512 368 577 terent,
384 498 574 563 dubitavere.
620 497 747 563 Saevitia
755 498 873 585 ingenii
887 513 919 563 et
932 497 1079 584 cupidine
1089 497 1205 585 praedae
1219 498 1260 562 ad
1274 524 1330 565 ex-

256 582 372 647 cidium
393 583 525 649 civitatis
547 583 766 649 trahebantur:
797 584 941 649 obstabat
959 583 1038 649 ratio
1055 583 1140 660 belli,
1159 596 1191 647 et
1209 606 1327 649 novum

259 669 431 754 Imperium
445 668 668 735 inchoantibus.
677 669 761 733 utilis
775 668 946 735 clementiae
958 669 1050 733 fama.
1087 668 1219 733 Civilem
1232 670 1327 736 etiam

255 752 395 817 beneficii
410 755 558 819 memoria
571 753 669 830 flexit,
707 753 772 818 uod
784 753 884 818 filium
898 755 977 841 ejus,
992 754 1093 841 primo
1106 777 1210 819 rerum
1224 770 1324 836 motu,

256 837 294 912 in·
303 838 422 905 colonia
436 838 661 926 Agrippinensi
680 778 920 926 deprehensum,
939 839 1090 904 honorate
1102 840 1325 909 custodierant.

257 924 321 989 Sed
331 924 579 989 Transrhenanis
589 924 736 1011 gentibus
745 924 846 989 invisa
858 923 1146 1011 civitas,:opulentia
1155 938 1324 1013 auctuque.

257 1008 372 1097 Neque
387 1008 482 1074 alium
496 1009 591 1074 finem
605 1008 677 1075 belli
691 1010 851 1090 rebantur,
859 1032 955 1096 quam
969 1010 994 1073 si
1002 1010 1178 1107 promiscua
1191 1035 1229 1076 ea
1238 1012 1327 1077 sedes

257 1096 402 1194 omnibus
424 1096 589 1161 Germanis
606 1095 697 1175 foret,
717 1108 782 1172 aut,
796 1095 935 1183 disjecta,
951 1096 1052 1161 Ubios
1066 1118 1193 1182 quoque
1206 1097 1326 1185 disper-

258 1194 354 1246 srsset.
1325 1229 1328 1233 -

301 1266 433 1333 LXIV.
456 1268 559 1357 Igitur
573 1268 731 1348 Tencteri,
747 1268 861 1335 Rheno
873 1268 1006 1333 discreta
1023 1291 1113 1357 gens,
1128 1267 1229 1333 missis
1242 1267 1326 1356 lega-

256 1351 306 1431 tis,
316 1353 468 1425 ,mandata
480 1353 567 1440 apud
576 1353 741 1419 concilium
752 1355 836 1441 Agri
858 1354 1032 1442 pinensium
1041 1354 1092 1419 edi
1102 1355 1234 1441 jubent:
1250 1378 1324 1441 quae

256 1438 463 1504 ferocissimus
477 1463 494 1503 e
508 1439 619 1526 legatis
632 1440 666 1503 in
678 1439 763 1503 hunc
775 1379 905 1505 modum
919 1440 1068 1526 protulit:
1093 1440 1255 1507 “Redisse
1269 1464 1326 1506 vos

256 1523 289 1587 in
300 1547 412 1610 corpus
422 1547 597 1611 nomenque
606 1525 797 1605 Germaniae,
809 1524 1027 1591 communibus
1037 1526 1115 1591 Deis
1124 1541 1157 1590 et
1166 1526 1327 1613 praecipuo

258 1609 411 1687 Deorum,
428 1609 538 1689 Marti,
558 1623 662 1698 grates
683 1610 825 1698 agimus:
848 1610 999 1696 vobisque
1017 1610 1223 1697 gratulamur,
1238 1612 1327 1698 quod

195 1736 198 1743 ·
258 1694 384 1759 tandem
397 1694 486 1761 liberi
500 1695 706 1771 interliberos
720 1696 813 1761 eritis.
851 1696 936 1761 Nam
949 1694 990 1759 ad
1004 1696 1088 1762 hunc
1099 1695 1182 1760 diem
1196 1696 1327 1761 flumina

258 1803 294 1845 ac
315 1794 411 1846 terras
431 1795 462 1845 et
482 1781 595 1847 coelum
614 1782 846 1869 quodammodo
863 1782 968 1869 ipsum
991 1781 1164 1846 clauserant
1178 1783 1325 1863 Romani,

257 1878 295 1942 ut
307 1866 471 1964 conloquia
491 1890 735 1954 congressusque
754 1881 876 1931 nostros
889 1879 1047 1942 arcerent3
1071 1867 1132 1945 vel,
1146 1866 1233 1953 quod
1253 1890 1326 1931 oon-

258 1951 451 2029 tumehosrus
463 1967 510 2017 est
523 1952 598 2017 viris
611 1952 653 2017 ad
666 1975 753 2017 arma
765 1952 857 2032 natis,
865 1953 997 2017 inermes
1007 1976 1043 2017 ae
1056 1975 1154 2049 prope
1167 1951 1258 2031 nudi,
1266 1954 1327 2018 sub

257 2036 386 2101 custode
408 2052 440 2103 et
457 2037 558 2125 pretio
571 2037 730 2111 coiremus.
776 2037 849 2117 Sed,
865 2051 902 2102 ut
923 2037 1057 2102 amicitia
1069 2050 1258 2124 societasque
1271 2061 1329 2101 no-

258 2135 322 2187 stra
336 2122 369 2185 in
388 2136 539 2189 aeternum
557 2137 625 2199 rata
646 2123 696 2202 sit,
707 2122 902 2209 postulamus
920 2147 941 2187 a
954 2122 1052 2201 vobis,
1066 2146 1173 2189 muros
1186 2122 1325 2203 coloniae,

257 2207 451 2275 munimenta
468 2208 594 2288 servitii,
615 2209 785 2274 detrahatis
800 2208 909 2291 (etiam
922 2209 989 2273 fera
1001 2208 1156 2288 animalia,
1179 2208 1205 2273 si
1222 2208 1327 2275 clausa

259 2308 373 2374 teneas,
392 2295 516 2359 virtutis
530 2294 787 2373 obliviscuntur);
811 2294 971 2359 Romanos
981 2317 1088 2359 omnes
1101 2294 1134 2359 in
1147 2294 1262 2359 finibus
1274 2318 1328 2359 ve·

257 2381 328 2455 stris
337 2380 496 2446 trucidetis
507 2379 607 2466 (haud
620 2379 709 2444 facile
719 2380 846 2445 libertas
859 2395 890 2445 et
898 2380 1016 2445 domini
1026 2379 1226 2463 miscentur);
1242 2380 1325 2445 bona

258 2464 490 2532 interfectorum
507 2466 540 2532 in
558 2466 696 2531 medium
715 2468 837 2547 cedant,
853 2490 892 2531 ne
910 2466 981 2554 quis
1001 2465 1139 2532 occulere
1152 2464 1327 2554 quidquam

258 2564 315 2618 aut
336 2575 498 2640 segregare
516 2575 657 2618 caussam
676 2575 764 2618 suam
785 2553 891 2640 possit.
936 2551 1045 2618 Liceat
1063 2552 1155 2618 nobis
1175 2552 1327 2639 vobisque

258 2649 425 2724 utramque
439 2638 539 2725 ripam
556 2637 667 2717 colere,
685 2651 722 2702 ut
735 2639 810 2703 olim
829 2639 1001 2726 majoribus
1016 2638 1143 2703 nostris:
1168 2637 1327 2725 quomodo

258 2722 360 2788 lucem
385 2723 531 2810 diemque
551 2723 695 2790 omnibus
719 2723 916 2801 hominibus,
933 2725 992 2790 'ita
1013 2747 1120 2789 omnes
1146 2737 1243 2789 terras
1262 2723 1327 2788 for·

291 2968 390 3017 Sanun
398 2969 500 3033 rugas]
509 2966 642 3017 Sireditum
650 2983 665 3018 a
673 2967 776 3020 Pirbaas
804 2964 899 3032 quidem
911 2973 987 3032 potest
999 2964 1134 3017 Grammm
1144 2981 1216 3028 more,
1233 2966 1276 3032 qai
1288 2975 1325 3016 et·

260 3049 273 3081 e
288 3033 386 3082 lectione
399 3034 461 3082 Flor.
475 3035 577 3094 ingenti,
593 3048 646 3096 quse
661 3041 696 3081 est
711 3041 735 3080 et
750 3033 776 3080 in
804 3033 853 3082 iam
862 3032 1061 3097 postfcmininum
1068 3041 1270 3090 unum,neutmm
1281 3048 1327 3094 po.

259 3097 335 3146 vatic
344 3095 431 3161 (uun)
442 3097 520 3146 uueu.
528 3097 587 3160 Agr.
597 3097 632 3145 ed.
642 3097 776 3160 praeteris·
805 3106 874 3157 nunt,
883 3096 957 3146 intell
968 3098 1056 3162 χρῆμα,
1065 3095 1158 3144 sedum
1167 3095 1214 3143 nisi
1223 3096 1248 3143 in
1259 3111 1325 3144 sum·

259 3177 307 3225 que
319 3171 373 3210 ante
383 3163 460 3211 Rhen.
476 3163 589 3224 Irrgcntta
604 3161 694 3226 primus
709 3161 778 3213 acite
805 3175 845 3212 mo
860 3176 973 3210 mnaensn
986 3160 1093 3209 omnium
1108 3159 1228 3208 libmrum.
1261 3159 1324 3208 Mox

260 3225 332 3274 edidit
342 3227 419 3276 Rhen.
436 3225 511 3274 Ean.
805 3223 1324 3276 cademedstelocratenetirrnechocmale.

291 3292 339 3340 Sed
353 3292 472 3354 wormac
487 3291 609 3354 Deorum]
621 3289 694 3339 Mss
711 3288 777 3338 mor.
805 3290 915 3341 cerem
929 3291 1053 3346 smtende.
1069 3288 1103 3338 de'
1113 3288 1253 3336 animalibus
1268 3288 1324 3337 feris

259 3353 347 3421 (nun)
357 3356 382 3403 A
410 3355 466 3403 ,αἱ
481 3363 550 3419 part
561 3356 698 3418 Μάρκος
714 3353 778 3402 unde
804 3342 867 3408 etde
881 3355 986 3405 libertate
1002 3370 1058 3404 orm
1067 3353 1176 3402 serviano
1190 3367 1237 3400 non
1248 3353 1324 3400 consi·

258 3436 312 3470 cum
332 3421 371 3485 ny
402 3419 424 3468 'o
439 3419 581 3484 recepimus:
601 3421 641 3467 red
660 3417 715 3466 ferri
729 3433 778 3466 non
805 3409 1197 3483 staulamparenthasiaocipienda.
1209 3415 1325 3466 umisa

257 3493 340 3548 potest,
351 3485 397 3534 nisi
407 3483 431 3532 in
474 3485 479 3496 '
523 3485 583 3543 ‚sed
593 3482 707 3547 precipue
717 3497 778 3545 pra·
805 3482 1326 3544 conjunctasunwrtrclmttr-tructdctir,-

258 3550 327 3613 ripun
340 3550 453 3598 Deorum.
510 3564 576 3598 erum
592 3548 662 3596 etism
678 3553 701 3596 et
717 3547 778 3596 hunc
950 3555 993 3598 atr
1015 3547 1080 3622 quod
1097 3547 1123 3594 in
1140 3545 1236 3608 vulgata
1251 3545 1324 3593 inter·

259 3615 308 3662 rim
323 3614 407 3663 habere
422 3621 505 3678 potest,
525 3627 618 3662 amore
634 3609 726 3668 Tacitis
748 3619 777 3664 ut
894 3610 1245 3676 menmsaasperspiruumess
1255 3610 1326 3660 Earn

260 3692 330 3740 supra
339 3678 448 3737 vidimus,
459 3678 566 3742 pluribus
575 3676 640 3726 locis.
655 3676 726 3726 ΕΒΗ.
806 3677 870 3726 Bud.
907 3693 969 3726 occa

292 3743 341 3790 sus
351 3745 443 3792 meloda
451 3750 473 3791 et
480 3743 572 3806 pretio]
584 3741 638 3790 Hoc
649 3756 696 3806 quo
706 3740 778 3806 perti-
840 3738 1189 3806 Quomodolnccmaoctcmque]
1200 3739 1325 3806 Perspicua
1347 3768 1349 3772 ·

259 3813 321 3866 neat,
339 3813 403 3869 patet
424 3823 437 3855 e
455 3808 602 3871 responsione
617 3805 778 3870 Agrippinen·
805 3816 902 3866 rectum,
916 3822 988 3871 arpa
999 3807 1033 3855 its
1044 3806 1156 3856 inVatic.
1179 3805 1270 3870 Vulgo,
1285 3810 1324 3857 lu·

259 3871 337 3919 siumr
359 3873 495 3932 vectigales
505 3886 575 3919 mirra
586 3869 778 3920 sarmatorum
806 3873 979 3934 cemdiemqea
993 3870 1222 3935 quaindifferanc
1245 3871 1322 3920 lurs-

258 3935 414 3984 rcrolvlmuse
428 3937 479 3982 ‘stat
497 3937 612 3983 tramitae
633 3936 778 3983 incustoditi.
806 3936 986 4000 Malelripsius.
1007 3935 1201 3997 RectcPicbeoa,
1208 3935 1324 4000 quivera-

259 3999 400 4048 sennua
411 3999 777 4062 malelaermeaaceprobcrmdt.
805 4015 856 4048 rem
871 3999 992 4050 lectionem
1092 4000 1119 4060 ἰ,
1137 4017 1209 4065 quam
1227 4008 1323 4048 tummr

259 4065 333 4113 Positi
343 4080 358 4112 a
368 4064 397 4112 C.
409 4065 499 4112 Gesare
510 4065 610 4112 manda
620 4063 690 4112 simili
700 4079 777 4126 amru,
805 4064 879 4114 MSS.
895 4066 957 4113 Flor-
977 4065 1029 4129 (Bu
1054 4063 1065 4125 )
1087 4063 1147 4127 Agr.
1168 4063 1220 4113 edd.
1236 4063 1290 4110 inde
1305 4079 1322 4110 a

259 4145 306 4194 quo
316 4129 363 4188 hic,
371 4127 479 4178 meminit
487 4127 686 4188 saesdema,
695 4129 736 4176 3³.
806 4129 898 4178 Puteal.
911 4143 1000 4178 omncs.
1033 4129 1147 4179 Vaticano
1160 4126 1321 4175 oonsamited.

291 4195 326 4241 Iu
336 4199 510 4242 aternamratc
517 4194 562 4257 stt]
574 4193 612 4242 Sic
622 4193 736 4240 edidimus
746 4208 777 4241 ex
805 4209 840 4256 pr.
860 4193 942 4243 Latini
958 4195 1028 4243 verba
1043 4193 1156 4242 nonnulla
1175 4190 1248 4238 solent
1265 4203 1321 4237 con-

260 4256 297 4304 ed.
308 4273 343 4321 pr.
360 4256 521 4306 cuimnsentit
534 4258 593 4308 MS.
606 4257 668 4321 agr.
682 4257 775 4320 etnag.
802 4261 908 4322 jungere,
919 4258 1025 4323 quamvis
1042 4258 1106 4305 idem
1124 4255 1171 4303 t'ere
1189 4253 1321 4316 significan-

261 4320 341 4384 ango
355 4328 391 4384 (et
407 4321 482 4384 nun)
500 4323 555 4370 rint.
588 4323 614 4372 si
632 4329 692 4370 rator
708 4330 775 4382 esset,
804 4323 845 4382 tia,
858 4323 928 4371 etiam
944 4323 1130 4386 quibrevitatam
1139 4318 1322 4375 adamarunsut
1379 4348 1382 4354 -

260 4385 320 4434 nihil
330 4387 469 4435 mutandum
479 4387 552 4436 foret:
569 4401 625 4436 nam
635 4387 685 4447 ejus
695 4387 777 4434 sonna
804 4387 885 4436 multis
904 4387 1016 4449 exemplis
1034 4401 1048 4434 e
1066 4382 1175 4432 Sallustio
1191 4389 1214 4429 et
1236 4381 1320 4430 Tacito

260 4449 367 4515 exempla
385 4451 467 4502 multa.
505 4451 588 4501 Altera
608 4450 649 4506 illc
671 4450 776 4503 mensuri
805 4450 981 4516 docetipotest:
998 4447 1116 4499 aestatim
1128 4449 1231 4495 sincerus
1245 4452 1268 4494 et
1283 4448 1322 4495 ta.
