3059 4975
206 282 209 293 ’
236 312 262 349 r.
278 310 304 351 c.
319 295 382 366 m]
605 292 682 351 Lm.
702 293 758 352 111.
780 293 871 352 car.
893 296 943 357 74.
1247 297 1305 353 sas

190 500 192 508 ι
236 454 415 533 Consulem,
442 456 553 524 umbra
576 457 700 520 honoris
725 470 755 521 et
781 470 901 522 sunmet
923 458 1059 521 vanitate
1082 467 1302 537 monstratum,

236 540 322 628 quod
337 540 436 604 edicta
449 541 482 604 in
501 542 666 629 populum,
682 565 739 629 pro
753 542 947 631 Vespasiano
960 542 1134 627 magnifica,
1155 544 1305 628 probrosa

235 627 385 691 adversus
400 626 571 705 Vitellium,
592 628 719 715 jecerat.
764 628 869 693 Ceteri
888 650 945 713 per
959 628 1062 692 varios
1078 651 1169 692 casus
1187 628 1301 715 elapsi:

236 712 363 799 quidam
393 712 495 776 servili
520 713 642 791 habitu,
666 713 717 777 alii
739 715 802 778 fide
824 713 982 778 clientium
1006 714 1149 791 contecti,
1171 727 1204 777 et
1223 715 1306 779 inter

234 797 366 861 sarcinas
380 797 487 862 abditi.
522 799 636 877 Fuere,
674 800 717 877 ui,
732 811 862 887 excepto
872 797 1112 864 Vitellianorum
1126 799 1225 885 signo,
1240 822 1305 886 quo

232 883 313 947 inter
337 906 369 947 se
397 884 614 959 noscebantur,
678 895 728 949 tro
750 884 925 971 rogitantes
952 885 1221 970 respondentesve,
1247 908 1302 948 au-

233 968 352 1033 daciam
390 991 425 1032 ro
438 968 557 1033 latebra
570 968 728 1034 habereut.
1019 993 1024 1007 ·

287 1056 355 1118 LX
396 1055 453 1118 IV.
476 1054 686 1134 Domitianus,
712 1056 813 1142 prima
837 1054 1015 1143 inruptione
1040 1055 1127 1142 apud
1148 1057 1302 1121 aedituum

234 1139 418 1218 occultatus,
437 1138 571 1204 sollertia
594 1140 706 1219 liberti,
728 1142 811 1205 lineo
826 1141 943 1205 amictu
964 1140 1067 1205 turbae
1088 1141 1303 1206 sacricolarum

234 1225 385 1290 inmixtus
405 1226 638 1312 ignoratusque‚
659 1227 744 1314 apud
765 1226 946 1291 Cornelium
961 1225 1115 1304 Primum,
1136 1242 1303 1313 paternum

235 1311 388 1390 clientem,
397 1312 491 1397 juxta
505 1310 690 1391 Velabrum,
705 1312 837 1377 delituit.
870 1315 921 1376 Ac
934 1310 1072 1398 potiente
1084 1334 1187 1376 rerum
1201 1328 1301 1399 patre,

235 1396 363 1483 disjecto
387 1396 496 1461 aeditui
524 1398 735 1475 contubernio,
765 1397 922 1462 modicum
951 1396 1097 1462 sacellum
1122 1419 1197 1462 sovr
1222 1420 1302 1463 con-

236 1502 440 1559 ssavaroar,
461 1504 609 1568 aramque
631 1484 744 1569 posuit,
759 1484 912 1569 casusque
930 1506 1004 1547 suos
1023 1482 1057 1545 in
1079 1505 1230 1549 marmore
1248 1507 1303 1549 ex-

233 1590 380 1667 pressam.
428 1570 518 1645 Mox‚
535 1568 706 1666 Imperium
726 1568 868 1656 adeptus,
889 1590 963 1633 Jovr
985 1588 1126 1632 cusronr
1148 1569 1301 1657 templum

236 1674 355 1740 mgens,
385 1676 479 1739 seque
507 1654 539 1717 in
570 1676 638 1717 smu
664 1654 726 1718 Dei
755 1654 895 1719 sacravit.
944 1654 1079 1719 Sabinus
1108 1667 1139 1717 et
1163 1654 1301 1733 Atticus,

235 1739 352 1803 onerati
381 1739 495 1803 catenis
522 1754 553 1803 et
578 1740 618 1803 ad
647 1740 805 1805 Vitellium
835 1741 933 1818 ducti,
960 1762 1161 1826 nequaquam
1189 1740 1303 1804 infesto

236 1847 377 1889 sermone
397 1824 551 1910 vultuque
571 1825 781 1911 excipiuntur,
805 1825 1019 1903 frementibus,
1041 1825 1098 1911 qui
1119 1827 1174 1912 jus
1197 1826 1301 1902 caedis,

236 1922 267 1973 et
296 1908 426 1997 praemia
453 1924 573 1975 navatre
598 1932 711 1996 operm,
737 1911 893 1995 petebant
938 1910 1081 1974 Clamore
1107 1934 1126 1974 a
1152 1910 1305 1999 proximis

240 2147 308 2192 tium.
348 2145 410 2194 Edd.
433 2152 519 2194 veteres
546 2147 606 2195 male
630 2151 754 2206 Quintum.
783 2148 963 2197 esscmrirorum
969 2146 1151 2195 doctissimorum
1158 2147 1303 2209 exemplum,

238 2209 307 2257 Forte
317 2208 347 2257 ad
358 2225 412 2258 eum
423 2210 538 2259 Martialis
555 2212 626 2275 epigr.
637 2214 661 2271 7,
677 2214 715 2260 31.
728 2216 752 2272 9,
785 2212 830 2261 nisi
840 2226 878 2261 mc
893 2211 1040 2259 retinuissent
1049 2212 1120 2259 rerba
1133 2213 1160 2257 irs
1175 2225 1301 2270 nsarmore,

239 2274 293 2321 100.
785 2293 838 2341 quse
856 2276 939 2339 frigere
953 2275 1062 2324 videntur
1080 2276 1105 2323 in
1127 2275 1169 2321 ills
1188 2274 1300 2322 lectione:

270 2340 404 2387 Audaciam
420 2356 466 2403 pro
476 2343 492 2387 l.
504 2340 540 2406 lc]
570 2341 637 2389 Bella
655 2342 754 2391 imitatio
785 2342 830 2389 nisi
844 2357 873 2391 es
883 2340 980 2389 insilitis
995 2340 1050 2399 sint,
1066 2338 1129 2403 quod
1141 2352 1191 2401 ¹nou
1211 2348 1300 2402 putem.

237 2404 371 2453 Sallustiani
389 2404 445 2453 dicti
458 2405 527 2453 Catil.
539 2406 578 2454 58.
590 2407 689 2456 audacia
707 2422 754 2469 pro
787 2406 886 2455 Potuere
894 2420 949 2453 sane
962 2404 988 2452 in
1005 2404 1055 2467 ipm
1065 2420 1104 2451 ars
1114 2418 1181 2451 casus
1194 2403 1306 2471 exprimi,¹

238 2482 307 2516 muro
317 2470 421 2518 habetur.
438 2468 510 2518 Eun.
549 2466 554 2475 ’
786 2480 813 2519 ut
823 2486 860 2534 sp.
872 2470 927 2519 Lis.
939 2471 980 2525 28,
992 2469 1031 2516 46.
1048 2470 1173 2517 Hannibal
1182 2482 1251 2518 aram
1257 2481 1303 2531 po.

273 2535 358 2580 Turbes
369 2537 548 2600 sacricolarum]
566 2534 652 2585 Isiacos
661 2535 754 2585 fuisses
785 2538 835 2584 suit
852 2551 907 2583 cum
925 2536 997 2583 titulo
1014 2549 1096 2581 reram
1117 2549 1224 2581 sucrum.
1255 2533 1303 2581 Sed

237 2597 302 2646 Suet.
313 2597 384 2648 Dour.
395 2615 416 2648 c.
430 2601 450 2647 1.
462 2600 585 2648 discimus:
604 2600 645 2648 ubi
657 2616 680 2647 v.
691 2611 716 2650 et
724 2601 754 2650 de
785 2601 844 2650 nihil
854 2600 951 2664 impedit
960 2614 1009 2663 quo
1019 2599 1097 2646 minus
1106 2598 1131 2645 in
1143 2598 1252 2662 peculiari
1266 2607 1303 2645 ta-

161 2673 164 2680 ·
237 2676 334 2710 nummo
340 2663 477 2724 Domitiani,
485 2665 513 2712 ad
524 2665 658 2714 memoriam
667 2667 716 2728 ejus
723 2667 756 2714 rei
784 2666 841 2714 bula
847 2679 984 2724 marmorea,
994 2662 1020 2710 in
1030 2663 1072 2710 illo
1079 2663 1162 2711 sacello
1170 2663 1252 2725 posita,
1262 2677 1303 2710 ex-

237 2736 361 2789 spectante.
396 2731 428 2777 At
445 2745 475 2776 ue
489 2729 543 2776 hinc
557 2731 632 2778 lineus
648 2731 754 2788 amictus,
784 2727 1154 2794 primerenturcasusDomiriani
1189 2727 1304 2790 Lupanns

238 2807 285 2854 quo
296 2792 365 2840 Isiaci
375 2794 420 2850 usi,
429 2745 524 2855 linigeri
537 2794 592 2840 inde
602 2793 664 2842 dicti.
681 2795 757 2854 Enu,
785 2803 864 2842 sutem
870 2793 934 2856 capit
942 2793 973 2840 dc
979 2807 1048 2856 opere
1055 2791 1304 2854 calamisquocasus

238 2856 276 2928 Cf.
293 2855 404 2904 Obrechti
423 2858 528 2938 nostratis
543 2857 598 2904 diss.
611 2857 642 2905 de
657 2871 755 2906 nummo
783 2857 936 2933 istiexpressi.
953 2855 1113 2930 Similequod
1122 2853 1304 2935 Dudslusspud

239 2920 586 3050 mprqhqpirpivlcpgbmqm]
621 2987 659 3034 Its
676 2986 754 3034 Vatic.
785 2920 1304 3045 &wldrdilldideddi'dlffiigiciegiu

238 3048 301 3110 quod
312 3063 448 3110 gennanum
464 3050 575 3111 judicavi,
594 3065 639 3098 uon
658 3055 755 3114 ignora-
786 3063 862 3106 auro;
878 3065 950 3114 quem
965 3049 1044 3096 locum
1059 3049 1084 3095 in
1099 3048 1179 3099 nunno
1195 3047 1304 3122 trabum

237 3120 328 3174 tueque.
353 3113 451 3160 Novitas
461 3115 567 3177 quedam
578 3115 700 3164 ineevoce
710 3125 753 3174 est,
785 3114 1002 3163 videauuTacims.
1025 3110 1303 3171 Ssdsrbiuor,enamdc

238 3192 310 3242 quam
338 3176 446 3225 Sallustio
469 3178 537 3227 debet
558 3181 598 3238 (ex
620 3181 678 3244 Jug.
700 3180 752 3240 93).
785 3180 854 3227 titulo
864 3179 967 3242 intelligi
982 3191 1055 3242 posse·
1080 3176 1152 3225 Eunt.
1186 3175 1247 3224 Bud.
1261 3191 1302 3224 er*-

239 3243 312 3288 Morc
335 3241 443 3289 humarus
465 3241 583 3304 cupidinis
607 3246 693 3305 ignara
718 3247 754 3290 vi.
780 3240 1139 3306 presit,solemniusuduplicis
1148 3242 1302 3304 prolitteras.

238 3307 325 3354 scendi:
343 3306 367 3352 id
378 3309 439 3356 velet
448 3309 537 3368 ignota.
555 3307 629 3356 Ltus.
654 3308 755 3356 Picheus
785 3309 824 3357 Sic
839 3310 1011 3369 Vespasianum
1028 3305 1092 3353 dicit.
1124 3306 1177 3354 Etsi
1193 3305 1252 3353 dura
1267 3305 1304 3351 lo·

238 3373 406 3432 ignescatque
415 3372 474 3420 bene
488 3371 659 3436 restituitquod
670 3373 756 3421 habent
785 3372 847 3420 cutio
862 3371 967 3420 videatur
982 3385 1054 3434 quam
1071 3369 1132 3418 Hor.
1150 3369 1251 3432 maefert,
1268 3378 1304 3416 ta-

239 3435 312 3484 MSS.
322 3435 383 3482 Flos.
393 3434 539 3499 Agruueu.
553 3436 605 3484 edd.
614 3445 755 3485 vettomnss
785 3451 849 3494 men,
859 3451 934 3500 quum
951 3450 999 3483 non
1014 3435 1045 3482 sit
1058 3432 1172 3491 credibile,
1184 3433 1303 3480 librarium

239 3509 322 3563 prater
342 3513 377 3562 pr.
397 3515 450 3564 quae
472 3502 584 3549 consentit
605 3501 661 3548 MS.
678 3500 753 3549 Vstic
786 3499 991 3548 comsubstituisse
1016 3497 1106 3555 laniori,
1117 3497 1302 3560 recipioetipses

239 3565 346 3625 Ignarus
360 3573 395 3612 est
405 3567 509 3626 ignotus,
521 3565 584 3628 quod
594 3567 624 3614 ab
635 3566 659 3613 h.
672 3567 689 3612 l.
701 3566 756 3614 ulie·
787 3568 813 3612 tu
835 3579 952 3612 marmore
1004 3578 1043 3611 ero
1059 3562 1089 3609 ad
1108 3577 1181 3620 aram
1201 3575 1254 3624 quse
1272 3575 1303 3609 ex

239 3644 304 3676 num.
322 3629 377 3676 Non
388 3629 480 3692 ignotus
488 3629 756 3693 ereusedignorsbetur.
786 3644 907 3678 marnrore

240 3693 311 3740 Eun.
345 3693 409 3741 Bud.
422 3696 546 3755 Quorum
562 3696 650 3758 absque
663 3695 754 3759 copula,
830 3697 938 3743 Proems'a
965 3701 1057 3741 mcccc
1083 3707 1159 3754 operte
1180 3692 1289 3754 prtem
1340 3699 1346 3709 ’

239 3757 305 3804 etsie
312 3757 389 3804 uhen.
404 3759 743 3822 &nummumque
788 3759 861 3807 MSS»
873 3759 937 3806 Bud.
952 3757 1023 3806 Bodl.
1037 3758 1097 3821 Agr.
1110 3763 1223 3814 cnam

276 3823 393 3882 Cassasque
404 3837 457 3870 suos
467 3826 493 3870 iu
503 3839 620 3872 memore
630 3823 755 3888 expressit]
786 3824 890 3886 placebat
897 3823 1009 3881 Bedesis,
1016 3821 1141 3880 Rherrsno,
1149 3821 1234 3885 recepit
1251 3875 1254 3879 ἵ
1264 3835 1306 3884 yc-

240 3885 314 3935 MSS.
325 3885 387 3934 Flor.
396 3887 499 3949 Agr.ed.
509 3905 543 3951 pr.
552 3903 679 3936 cusussuos
689 3892 757 3936 inm.
785 3888 847 3936 lrius.
862 3888 1228 3950 Detotchocgenereverborum
1235 3900 1307 3950 supra

240 3951 755 4066 td'ftltlss'ilffl‘lptlidtt
787 3951 1305 4077 munitissimum

235 4081 314 4127 tirou.
325 4080 392 4140 (item
401 4031 536 4130 Brotliiille.
545 4033 612 4145 Bipl
630 4084 683 4130 Ara
691 4097 757 4130 caua
787 4082 895 4130 sudum.
929 4081 991 4130 Mox
1006 4033 1211 4130 dedirriirscbscieo
1220 4079 1303 4140 capite.

240 4145 587 4276 retrusissent
600 4147 758 4276 ῑὲέἒξὲζ
787 4145 1306 4274 ltdffllmihtntffllttt

172 4241 174 4246 ·
847 4245 855 4269 s
1184 4241 1189 4252 ¹
1269 4235 1302 4277 ‚⁶
1330 4261 1334 4270 .

241 4275 757 4404 murmuremus:
785 4275 1214 4403 mundun
1237 4271 1306 4375 tu

241 4400 528 4453 ctioneminloeenostro.
563 4404 758 4468 ltaqueimitstus

289 4487 362 4531 VOL.
381 4487 430 4533 111.
1117 4487 1138 4531 Q
