3059 4975
233 286 291 343 212
609 272 914 337 nrsronrnnnn
1133 276 1304 351 [nasas.

236 445 373 511 fortunae
397 440 621 531 permittenda3
648 440 809 505 victoriani
834 438 967 503 masiliis
991 449 1023 506 et
1044 438 1164 521 ration'e
1187 442 1303 529 perfici.

238 534 262 595 J
264 553 315 595 am
334 529 543 594 Misenensem
563 527 690 592 classem
711 538 743 591 et
763 523 1004 613 pulcherrimam
1019 526 1200 612 Campaniae
1219 550 1307 592 oram

239 616 419 681 descivisse:
443 638 500 679 nec
518 612 590 702 plus
609 623 707 677 etoto
725 624 880 676 terrarum
899 611 984 675 orbe·
994 610 1150 697 reliquum
1165 612 1305 691 Vitellio,

239 724 336 789 quam
348 699 434 787 quod
443 701 524 764 inter
536 698 739 763 Tarracinam
749 696 964 784 Narniamque
973 697 1082 783 jaceat
1106 696 1187 761 Satis
1199 697 1309 783 glorian

240 787 352 875 proelio
371 784 571 852 Cremonensi
595 796 733 870 partum,
756 795 788 846 et
809 782 903 846 exitio
922 784 1086 868 Cremonae
1106 782 1237 847 nimium
1260 784 1307 846 in-

240 872 348 940 vidiae:
365 874 404 938 n'e
412 867 662 957 concupiscerent
670 870 806 934 Romam
815 890 925 957 capere
936 868 1156 968 potius,quam
1167 872 1312 934 servaret

240 959 359 1047 majora
365 957 426 1021 illis
433 956 571 1044 praemia,
583 968 614 1020 et
622 955 722 1020 multo
730 953 903 1020 maximum
913 955 1018 1032 decus,
1030 953 1055 1017 si
1065 954 1308 1020 moolumitatem

244 1044 372 1110 Senatui
383 1041 569 1131 Populoque
584 1042 673 1106 Rom.
687 1041 751 1105 sine
766 1040 917 1126 sanguine
926 1039 1136 1128 quaesissent?

287 1129 384 1195 LXI.
407 1129 470 1193 His
488 1151 523 1192 ac
537 1126 652 1191 talibus
673 1124 807 1212 mitigati
826 1125 929 1189 animi.
974 1127 1042 1189 Nec
1059 1126 1160 1191 multo
1178 1139 1249 1214 post
1264 1127 1308 1191 le·

242 1216 350 1303 giones
363 1236 482 1279 venere.
519 1215 565 1276 Et
578 1224 694 1276 terrore
707 1210 854 1297 famaque
867 1210 951 1275 aucti
965 1210 1118 1277 exereitus
1132 1211 1312 1281 Vitellianas,

244 1302 384 1369 cohortes
410 1299 573 1376 nutabant,
602 1296 690 1361 nullo
713 1297 747 1361 in
777 1295 893 1361 bellum
918 1295 1112 1376 adhortante,
1135 1298 1243 1362 multis
1267 1298 1309 1363 ad

244 1384 466 1463 transitionem,
491 1384 547 1471 qui
569 1406 639 1448 suas
658 1381 813 1448 centurias
831 1393 1013 1469 turmasque
1030 1381 1163 1461 tradere,
1189 1383 1308 1450 donum

244 1471 362 1546 victori,
390 1482 422 1533 et
447 1469 505 1535 sibi
533 1469 566 1533 in
593 1480 753 1556 posterum
778 1468 922 1555 gratiam,
951 1468 1120 1533 certabant.
1170 1468 1232 1532 Per
1257 1492 1309 1533 eos

244 1556 403 1655 cognitum
422 1570 479 1633 est,
503 1557 751 1619 “Interamnam
768 1553 919 1640 proximis
939 1553 1056 1641 campis
1074 1552 1219 1641 praesidio
1232 1564 1311 1642 quai

242 1642 481 1728 dungentorum
494 1640 638 1727 equitum
651 1640 777 1705 teneri.”
805 1639 924 1704 Missus
938 1638 1094 1727 extemplo
1105 1639 1222 1719 Varus,
1235 1664 1310 1705 cum

245 1727 392 1815 expedita
405 1750 512 1805 manu,
526 1748 643 1825 paucos
664 1724 906 1813 repugnantium
927 1724 1096 1790 interfecit:
1120 1724 1236 1811 plures,
1255 1727 1310 1791 ab·

240 1813 332 1901 jectis
345 1812 449 1890 armis,
464 1818 592 1883 remam,
600 1810 752 1898 petivere:
769 1810 898 1898 quidam
910 1812 943 1873 in
957 1823 1057 1875 castra
1070 1811 1184 1898 refugi,
1198 1824 1311 1877 cuncta

244 1898 411 1963 formidine
429 1898 601 1985 inplebant,
617 1895 761 1984 augendo
779 1896 957 1962 rumoribus
977 1897 1125 1962 virtutem
1144 1920 1181 1961 co
1202 1896 1310 1985 iasqne

244 1984 391 2062 hostium,
406 2006 471 2071 quo
484 1983 588 2047 amissi
601 1982 737 2070 prmsidii
751 1982 887 2047 dedecus
899 1981 1039 2047 lenirent.
1062 1983 1133 2048 Nec
1146 2006 1169 2047 u
1192 2007 1211 2047 a
1224 1985 1311 2070 apud

246 2070 425 2137 Vitellianos
442 2068 551 2157 flagitii
625 2091 681 2133 na:
706 2082 738 2133 et
753 2067 889 2154 praemiis
908 2067 1100 2133 defectorum
1119 2090 1208 2133 versa
1221 2070 1310 2150 fides,
1331 2095 1335 2100 ·

245 2180 281 2221 ac
302 2157 457 2242 reliquum
478 2156 554 2242 perfi
578 2156 617 2219 iae
634 2165 807 2221 certamen:
830 2154 939 2218 crebra
959 2154 1132 2241 transfugia
1152 2154 1312 2220 Tribuno-

244 2264 317 2305 rum
340 2240 646 2327 centurionumque:
675 2260 748 2303 nam
767 2237 929 2326 gregarius
949 2240 1037 2304 miles
1056 2240 1239 2304 induruerat
1252 2264 1312 2328 pro

246 2324 389 2397 Vitellio:
412 2325 511 2391 donec
525 2324 651 2393 Priscus
672 2337 704 2389 et
718 2324 896 2412 Alphenus,
914 2322 1042 2391 desertis
1062 2326 1180 2404 castris,
1199 2326 1241 2390 ad
1256 2326 1311 2392 Vi·

245 2411 365 2477 tellium
379 2411 519 2500 regressi,
534 2411 655 2500 pudore
668 2408 850 2498 proditionis
863 2424 991 2475 cunctos
1003 2412 1204 2477 exsolverent.

297 2498 408 2562 LXII.
433 2497 546 2562 lisdem
569 2497 679 2562 diebus
699 2497 818 2560 Fabius
838 2496 956 2562 Valens
975 2498 1092 2562 Urbini
1115 2499 1149 2563 in
1169 2497 1311 2579 custodia

245 2583 440 2658 interficitur.
482 2585 587 2669 Caput
601 2583 670 2668 ejus
680 2580 852 2645 Vitellianis
865 2581 1044 2646 cohortibus
1057 2596 1256 2663 ostentatum,
1271 2608 1312 2650 ne

269 2690 343 2733 uam
365 2669 449 2733 ultra
462 2691 548 2754 spem
568 2667 725 2732 foverent:
749 2687 833 2744 nam,
853 2667 1059 2754 “pervasisse
1078 2668 1112 2733 in
1126 2670 1311 2734 Germanias

281 2754 424 2832 alentem,
435 2767 467 2819 et
477 2767 595 2818 veteres
608 2752 670 2816 illic
684 2774 843 2838 novosque
853 2753 1006 2817 exercitus
1016 2753 1124 2833 ciere?
1133 2755 1310 2820 credebant.

248 2839 326 2910 Visa
347 2839 432 2908 caede
453 2839 486 2907 in
508 2837 753 2929 desperationem
775 2838 872 2904 versi:
903 2849 935 2902 et
957 2839 1134 2906 Flavianus.
1147 2842 1310 2920 exercitus,

280 3055 383 3103 naam
394 3056 490 3118 perfla]
515 3053 613 3129 vulgae
625 3055 761 3130 pressea,-
792 3053 864 3102 edidit
875 3067 950 3114 msa,
962 3053 1025 3130 quoq
1035 3053 1105 3102 suxit
1120 3053 1175 3103 aas
1189 3053 1215 3102 tn
1226 3026 1311 3102 aare

248 3119 762 3245 mptd5t²⁶⁵tnltbbttfdtt
792 3118 1237 3232 dtpbtltttffitntttd
1245 3127 1311 3231 *titt

246 3197 302 3310 pli-m
314 3247 351 3295 At
362 3247 439 3295 Guelf
451 3247 540 3308 (Bud.)
550 3262 604 3296 cum
620 3245 762 3296 eddceteris
793 3199 1311 3307 bscirl.r.uronovioone3,1o.:sfflsus

247 3310 438 3376 usqueadbips
450 3312 576 3374 preficiens
593 3311 664 3360 Enu-
793 3321 842 3362 est:
869 3312 938 3361 Nihil
956 3315 1007 3375 jam
1028 3313 1145 3376 reliquum
1165 3321 1222 3370 εηι,
1238 3325 1310 3422 qnam

279 3378 330 3424 Hir
342 3391 369 3422 ae
379 3376 476 3441 ediles]
494 3377 533 3426 sie
543 3376 606 3424 Bud.
616 3377 671 3424 Put.
679 3375 735 3425 Alc.
793 3385 821 3424 ut
838 3377 943 3426 cautim
964 3377 1092 3424 deficerent.
1126 3375 1220 3424 Caussa
1258 3391 1309 3424 uae:

288 3443 391 3489 Tradere
408 3443 494 3488 mrum
512 3443 760 3506 steort-certabant]
793 3441 877 3516 prima,
897 3441 961 3505 quod
979 3441 1043 3503 apud
1059 3440 1196 3489 Vitellianos
1213 3439 1312 3488 defectio

246 3505 336 3556 Omnes
346 3505 400 3555 libri
410 3505 435 3552 in
446 3505 490 3554 hac
499 3505 595 3554 lectione
606 3504 760 3566 consentiunt,
793 3505 910 3569 nnpnnita
925 3514 981 3565 crat,
998 3523 1013 3554 a
1023 3503 1140 3552 numnis
1155 3513 1234 3552 autem
1250 3513 1312 3552 outa

222 3615 226 3622 ,
245 3578 327 3632 prater
344 3571 380 3618 ad.
400 3587 434 3635 pr.
453 3585 506 3634 quaa
524 3571 642 3618 tradidere
659 3569 760 3618 exhibet.
793 3570 889 3633 premia
899 3571 1083 3622 ostendebantur.
1112 3571 1311 3630 Verastderpre·

245 3632 276 3683 [d
284 3635 359 3696 placat
366 3636 474 3694 Grutero,
482 3635 523 3698 qui
531 3635 648 3682 certabam
656 3633 762 3695 spurium
793 3637 850 3681 mita
861 3635 906 3698 defi
918 3635 1015 3693 dieemr,
1027 3643 1054 3680 nt
1065 3632 1311 3696 spernentem

245 3834 323 3874 tamen
346 3827 487 3890 elegantius:
513 3827 583 3874 modo
600 3825 665 3876 libris
686 3827 761 3890 magis
793 3826 906 3875 Tacitum
920 3827 1035 3890 scripsisse
1051 3835 1131 3876 certa.-
1151 3842 1207 3876 nam
1223 3829 1255 3876 its
1270 3843 1312 3890 ap·

245 3890 381 3938 firmaretur.
405 3892 464 3939 Mox
473 3893 595 3953 extemplo,
604 3890 762 3955 quodaRhe-
793 3900 891 3955 pareret,
903 3892 965 3940 unde
979 3892 1022 3940 illa
1031 3892 1097 3941 litera
1108 3895 1121 3941 h
1136 3892 1161 3940 in
1173 3892 1244 3940 MSS.
1256 3900 1312 3939 nata

245 3969 307 4002 nano
326 3955 413 4002 editum
436 3965 478 4015 est,
499 3957 584 4004 habent
604 3955 676 4004 MSS.
697 3955 760 4003 flor.
794 3965 859 4005 esset.
874 3957 946 4006 Ean.
974 3955 1069 4005 Dubius
1082 3957 1217 4007 sanelocus·
1249 3958 1312 4004 Vera

245 4017 333 4083 (Bud.)
347 4019 425 4068 Guelf.
442 4021 500 4083 Agr.
516 4020 552 4068 ed.
569 4036 603 4084 pr.
619 4021 685 4069 Ber..
708 4023 762 4068 En·
794 4021 909 4070 exhibent
916 4037 971 4071 eum
978 4021 1127 4086 RyckioetJ
1130 4055 1135 4066 .
1143 4020 1183 4068 Fr.
1194 4019 1312 4068 Gronovio

245 4087 319 4146 emplo
330 4083 386 4132 vitio
396 4098 518 4144 operarum
528 4085 590 4134 venit
607 4085 632 4134 in
648 4083 699 4134 add
713 4085 762 4134 Pu·
795 4085 861 4134 Broe
872 4095 895 4135 ct
908 4087 970 4138 hall.
1004 4087 1035 4134 Iu
1045 4086 1108 4134 Bud.
1119 4083 1215 4132 totidem
1230 4083 1312 4132 litteris

246 4150 298 4196 teob
312 4149 397 4198 etAlc.
415 4149 486 4196 Ean.
834 4149 880 4198 'tm
898 4153 974 4199 wha-
1008 4149 1072 4196 Mihi
1088 4164 1143 4196 cnm
1161 4148 1218 4211 Bip.
1236 4149 1312 4212 potior

279 4213 677 4275 Proemiisdefictornmnerafidee]
689 4215 762 4264 MSS.
812 4214 818 4225 ’
902 4213 1236 4277 tornodorensem
1248 4215 1311 4276 fides

247 4277 308 4326 Flor.
319 4277 405 4342 (Bud.)
415 4277 494 4324 Guelf.
505 4277 539 4325 ed
549 4277 764 4340 pahabentnerbc.
794 4287 832 4326 ast
849 4289 940 4328 munta
955 4279 1018 4328 fidea
1052 4279 1113 4328 Mox
1132 4277 1201 4327 Acid.
1217 4276 1309 4340 conjicit

247 4342 334 4392 Ceterae
350 4343 400 4390 edd.
413 4356 467 4389 cum
479 4341 534 4389 Ms.
546 4341 606 4404 Agr.
618 4357 674 4389 vera
690 4359 764 4407 usque
795 4357 849 4392 acre
860 4347 939 4407 igitw
945 4361 973 4406 p.
986 4359 1006 4390 c·
1283 4365 1308 4392 ,a

230 4406 275 4474 ¹ad
293 4407 401 4456 Remecc.
416 4405 458 4469 qui
477 4421 490 4454 e
507 4407 638 4467 conjectura
654 4407 760 4457 Freinsh-
958 4427 961 4432 ·
