<?xml version="1.0" encoding="UTF-8"?>
<!DOCTYPE html PUBLIC "-//W3C//DTD XHTML 1.0 Transitional//EN"
    "http://www.w3.org/TR/xhtml1/DTD/xhtml1-transitional.dtd">
<html xmlns="http://www.w3.org/1999/xhtml" xml:lang="en" lang="en">
 <head>
  <title>
</title>
<meta http-equiv="Content-Type" content="text/html;charset=utf-8" />
  <meta name='ocr-system' content='tesseract 3.04.00' />
  <meta name='ocr-capabilities' content='ocr_page ocr_carea ocr_par ocr_line ocrx_word'/>
</head>
<body>
  <div class='ocr_page' id='page_1' title='image "./ccorneliitaciti00grongoog_0013.png"; bbox 0 0 3059 4975; ppageno 0'>
   <div class='ocr_carea' id='block_1_1' title="bbox 213 228 1439 349">
    <p class='ocr_par' dir='ltr' id='par_1_1' title="bbox 213 228 1439 349">
     <span class='ocr_line' id='line_1_1' title="bbox 213 228 1439 349; baseline 0.003 -20"><span class='ocrx_word' id='word_1_1' title='bbox 213 288 296 349; x_wconf 63' lang='lat' dir='ltr'><strong>ac.</strong></span> <span class='ocrx_word' id='word_1_2' title='bbox 313 274 374 347; x_wconf 65' lang='lat'><strong>39]</strong></span> <span class='ocrx_word' id='word_1_3' title='bbox 600 339 603 346; x_wconf 27' lang='lat'>¹</span> <span class='ocrx_word' id='word_1_4' title='bbox 628 271 707 329; x_wconf 87' lang='lat' dir='ltr'><strong>LIB.</strong></span> <span class='ocrx_word' id='word_1_5' title='bbox 727 270 751 328; x_wconf 92' lang='grc' dir='ltr'><strong>Ι.</strong></span> <span class='ocrx_word' id='word_1_6' title='bbox 774 271 858 330; x_wconf 83' lang='lat' dir='ltr'><strong>CAP.</strong></span> <span class='ocrx_word' id='word_1_7' title='bbox 881 276 909 330; x_wconf 92' lang='lat' dir='ltr'><strong>l.</strong></span> <span class='ocrx_word' id='word_1_8' title='bbox 1298 280 1315 334; x_wconf 78' lang='lat'><strong>5</strong></span> <span class='ocrx_word' id='word_1_9' title='bbox 1340 228 1349 324; x_wconf 19' lang='grc' dir='ltr'>Γ</span> <span class='ocrx_word' id='word_1_10' title='bbox 1436 284 1439 290; x_wconf 93' lang='grc'><strong>’</strong></span> 
     </span>
    </p>
   </div>
   <div class='ocr_carea' id='block_1_2' title="bbox 116 434 1403 1215">
    <p class='ocr_par' dir='ltr' id='par_1_2' title="bbox 116 434 1403 1215">
     <span class='ocr_line' id='line_1_2' title="bbox 211 434 1315 535; baseline 0.006 -36"><span class='ocrx_word' id='word_1_11' title='bbox 211 436 303 523; x_wconf 76' lang='lat' dir='ltr'><strong>¹giuti</strong></span> <span class='ocrx_word' id='word_1_12' title='bbox 325 435 436 535; x_wconf 82' lang='lat' dir='ltr'><strong>prioris</strong></span> <span class='ocrx_word' id='word_1_13' title='bbox 459 434 517 499; x_wconf 80' lang='lat' dir='ltr'><strong>aevi</strong></span> <span class='ocrx_word' id='word_1_14' title='bbox 541 456 638 500; x_wconf 82' lang='lat' dir='ltr'><strong>annos</strong></span> <span class='ocrx_word' id='word_1_15' title='bbox 663 435 924 501; x_wconf 81' lang='lat' dir='ltr'><strong>multiauctores</strong></span> <span class='ocrx_word' id='word_1_16' title='bbox 948 436 1133 516; x_wconf 86' lang='lat' dir='ltr'><strong>retulerunt,</strong></span> <span class='ocrx_word' id='word_1_17' title='bbox 1160 438 1237 503; x_wconf 89' lang='lat' dir='ltr'><strong>dum</strong></span> <span class='ocrx_word' id='word_1_18' title='bbox 1266 462 1315 506; x_wconf 81' lang='lat' dir='ltr'><strong>rea</strong></span> 
     </span>
     <span class='ocr_line' id='line_1_3' title="bbox 222 521 1315 610; baseline 0.005 -24"><span class='ocrx_word' id='word_1_19' title='bbox 222 522 339 610; x_wconf 81' lang='lat' dir='ltr'><strong>Populi</strong></span> <span class='ocrx_word' id='word_1_20' title='bbox 354 523 445 586; x_wconf 86' lang='lat' dir='ltr'><strong>Rom.</strong></span> <span class='ocrx_word' id='word_1_21' title='bbox 458 522 709 585; x_wconf 82' lang='lat' dir='ltr'><strong>memorabantur</strong></span> <span class='ocrx_word' id='word_1_22' title='bbox 723 522 792 609; x_wconf 90' lang='lat' dir='ltr'><strong>pari</strong></span> <span class='ocrx_word' id='word_1_23' title='bbox 805 521 982 609; x_wconf 83' lang='lat' dir='ltr'>eloquentia</span> <span class='ocrx_word' id='word_1_24' title='bbox 996 547 1032 588; x_wconf 91' lang='lat' dir='ltr'><strong>ac</strong></span> <span class='ocrx_word' id='word_1_25' title='bbox 1045 522 1197 590; x_wconf 86' lang='lat' dir='ltr'><strong>libertate.</strong></span> <span class='ocrx_word' id='word_1_26' title='bbox 1225 521 1315 593; x_wconf 88' lang='lat' dir='ltr'><strong>Post-</strong></span> 
     </span>
     <span class='ocr_line' id='line_1_4' title="bbox 221 606 1314 696; baseline 0.005 -23"><span class='ocrx_word' id='word_1_27' title='bbox 221 631 317 695; x_wconf 87' lang='lat' dir='ltr'><strong>quam</strong></span> <span class='ocrx_word' id='word_1_28' title='bbox 342 606 493 672; x_wconf 85' lang='lat' dir='ltr'><strong>bellatum</strong></span> <span class='ocrx_word' id='word_1_29' title='bbox 518 607 605 693; x_wconf 87' lang='lat' dir='ltr'><strong>apud</strong></span> <span class='ocrx_word' id='word_1_30' title='bbox 624 608 766 687; x_wconf 89' lang='lat' dir='ltr'><strong>Actium,</strong></span> <span class='ocrx_word' id='word_1_31' title='bbox 789 621 885 695; x_wconf 88' lang='lat' dir='ltr'><strong>atque</strong></span> <span class='ocrx_word' id='word_1_32' title='bbox 905 630 1029 673; x_wconf 88' lang='lat' dir='ltr'><strong>omnem</strong></span> <span class='ocrx_word' id='word_1_33' title='bbox 1054 624 1249 696; x_wconf 72' lang='lat' dir='ltr'><strong>potestatam,</strong></span> <span class='ocrx_word' id='word_1_34' title='bbox 1271 613 1314 679; x_wconf 84' lang='lat' dir='ltr'><strong>ad</strong></span> 
     </span>
     <span class='ocr_line' id='line_1_5' title="bbox 116 692 1403 782; baseline 0.005 -25"><span class='ocrx_word' id='word_1_35' title='bbox 116 708 123 717; x_wconf 88' lang='lat'><em>&#39;</em></span> <span class='ocrx_word' id='word_1_36' title='bbox 221 718 321 759; x_wconf 91' lang='lat' dir='ltr'><strong>unum</strong></span> <span class='ocrx_word' id='word_1_37' title='bbox 350 692 483 757; x_wconf 89' lang='lat' dir='ltr'><strong>conferri</strong></span> <span class='ocrx_word' id='word_1_38' title='bbox 510 692 595 779; x_wconf 85' lang='lat' dir='ltr'><strong>pacis</strong></span> <span class='ocrx_word' id='word_1_39' title='bbox 623 693 776 773; x_wconf 82' lang='lat' dir='ltr'>interfuit,</span> <span class='ocrx_word' id='word_1_40' title='bbox 805 716 920 780; x_wconf 83' lang='lat' dir='ltr'><strong>magna</strong></span> <span class='ocrx_word' id='word_1_41' title='bbox 948 692 1001 760; x_wconf 86' lang='lat' dir='ltr'><strong>illa</strong></span> <span class='ocrx_word' id='word_1_42' title='bbox 1028 695 1154 782; x_wconf 85' lang='lat' dir='ltr'><strong>ingenia</strong></span> <span class='ocrx_word' id='word_1_43' title='bbox 1176 720 1311 764; x_wconf 85' lang='lat' dir='ltr'><strong>cessere:</strong></span> <span class='ocrx_word' id='word_1_44' title='bbox 1397 695 1403 706; x_wconf 48' lang='lat'>⁸</span> 
     </span>
     <span class='ocr_line' id='line_1_6' title="bbox 220 776 1314 867; baseline 0.005 -24"><span class='ocrx_word' id='word_1_45' title='bbox 220 778 313 843; x_wconf 90' lang='lat' dir='ltr'><strong>simul</strong></span> <span class='ocrx_word' id='word_1_46' title='bbox 332 779 447 843; x_wconf 85' lang='lat' dir='ltr'><strong>veritas</strong></span> <span class='ocrx_word' id='word_1_47' title='bbox 467 776 611 865; x_wconf 87' lang='lat' dir='ltr'><strong>pluribus</strong></span> <span class='ocrx_word' id='word_1_48' title='bbox 634 779 735 843; x_wconf 87' lang='lat' dir='ltr'><strong>modis</strong></span> <span class='ocrx_word' id='word_1_49' title='bbox 756 779 906 855; x_wconf 81' lang='lat' dir='ltr'><strong>infracta3</strong></span> <span class='ocrx_word' id='word_1_50' title='bbox 939 780 1076 867; x_wconf 89' lang='lat' dir='ltr'><strong>primum</strong></span> <span class='ocrx_word' id='word_1_51' title='bbox 1098 778 1221 847; x_wconf 74' lang='lat' dir='ltr'><strong>inscitia</strong></span> <span class='ocrx_word' id='word_1_52' title='bbox 1238 784 1314 849; x_wconf 86' lang='lat' dir='ltr'><strong>Rei-</strong></span> 
     </span>
     <span class='ocr_line' id='line_1_7' title="bbox 217 863 1313 953; baseline 0.005 -24"><span class='ocrx_word' id='word_1_53' title='bbox 217 864 353 953; x_wconf 84' lang='lat' dir='ltr'><strong>publicae</strong></span> <span class='ocrx_word' id='word_1_54' title='bbox 372 878 409 929; x_wconf 92' lang='lat' dir='ltr'><strong>ut</strong></span> <span class='ocrx_word' id='word_1_55' title='bbox 429 863 548 944; x_wconf 84' lang='lat' dir='ltr'><strong>alienae,</strong></span> <span class='ocrx_word' id='word_1_56' title='bbox 570 887 644 929; x_wconf 83' lang='lat' dir='ltr'><strong>mox</strong></span> <span class='ocrx_word' id='word_1_57' title='bbox 668 864 797 941; x_wconf 83' lang='lat' dir='ltr'><strong>libidine</strong></span> <span class='ocrx_word' id='word_1_58' title='bbox 814 865 1010 946; x_wconf 85' lang='lat' dir='ltr'><strong>adsentandi,</strong></span> <span class='ocrx_word' id='word_1_59' title='bbox 1030 881 1086 933; x_wconf 84' lang='lat' dir='ltr'><strong>aut</strong></span> <span class='ocrx_word' id='word_1_60' title='bbox 1109 890 1218 933; x_wconf 81' lang='lat' dir='ltr'><strong>rursus</strong></span> <span class='ocrx_word' id='word_1_61' title='bbox 1239 869 1313 935; x_wconf 92' lang='lat' dir='ltr'><strong>odio</strong></span> 
     </span>
     <span class='ocr_line' id='line_1_8' title="bbox 209 950 1310 1038; baseline 0.005 -23"><span class='ocrx_word' id='word_1_62' title='bbox 209 950 369 1022; x_wconf 70' lang='lat' dir='ltr'><strong>¹adversus</strong></span> <span class='ocrx_word' id='word_1_63' title='bbox 392 950 604 1023; x_wconf 85' lang='lat' dir='ltr'><strong>dominantes:</strong></span> <span class='ocrx_word' id='word_1_64' title='bbox 634 951 678 1015; x_wconf 85' lang='lat' dir='ltr'><strong>ita</strong></span> <span class='ocrx_word' id='word_1_65' title='bbox 701 950 821 1015; x_wconf 88' lang='lat' dir='ltr'><strong>neutris</strong></span> <span class='ocrx_word' id='word_1_66' title='bbox 842 974 919 1015; x_wconf 90' lang='lat' dir='ltr'><strong>cura</strong></span> <span class='ocrx_word' id='word_1_67' title='bbox 941 952 1138 1038; x_wconf 84' lang='lat' dir='ltr'><strong>posteritatis,</strong></span> <span class='ocrx_word' id='word_1_68' title='bbox 1164 954 1245 1019; x_wconf 82' lang='lat' dir='ltr'><strong>inter</strong></span> <span class='ocrx_word' id='word_1_69' title='bbox 1263 956 1310 1020; x_wconf 92' lang='lat' dir='ltr'><strong>in-</strong></span> 
     </span>
     <span class='ocr_line' id='line_1_9' title="bbox 218 1036 1310 1137; baseline 0.005 -35"><span class='ocrx_word' id='word_1_70' title='bbox 218 1036 321 1103; x_wconf 83' lang='lat' dir='ltr'><strong>fensos</strong></span> <span class='ocrx_word' id='word_1_71' title='bbox 346 1036 395 1101; x_wconf 87' lang='lat' dir='ltr'><strong>vel</strong></span> <span class='ocrx_word' id='word_1_72' title='bbox 423 1036 584 1115; x_wconf 62' lang='lat' dir='ltr'><strong>obnoxios.</strong></span> <span class='ocrx_word' id='word_1_73' title='bbox 635 1036 696 1100; x_wconf 91' lang='lat' dir='ltr'><strong>Sed</strong></span> <span class='ocrx_word' id='word_1_74' title='bbox 723 1036 923 1101; x_wconf 89' lang='lat' dir='ltr'><strong>ambitionem</strong></span> <span class='ocrx_word' id='word_1_75' title='bbox 953 1038 1110 1137; x_wconf 85' lang='lat' dir='ltr'><strong>scriptoris</strong></span> <span class='ocrx_word' id='word_1_76' title='bbox 1140 1040 1229 1107; x_wconf 86' lang='lat' dir='ltr'><strong>facile</strong></span> <span class='ocrx_word' id='word_1_77' title='bbox 1255 1042 1310 1107; x_wconf 91' lang='lat' dir='ltr'><strong>ad-</strong></span> 
     </span>
     <span class='ocr_line' id='line_1_10' title="bbox 217 1121 1311 1215; baseline 0.004 -28"><span class='ocrx_word' id='word_1_78' title='bbox 217 1122 367 1199; x_wconf 80' lang='lat' dir='ltr'><strong>verseris3</strong></span> <span class='ocrx_word' id='word_1_79' title='bbox 384 1122 567 1187; x_wconf 87' lang='lat' dir='ltr'><strong>obtrectatio</strong></span> <span class='ocrx_word' id='word_1_80' title='bbox 578 1135 609 1187; x_wconf 90' lang='lat' dir='ltr'><strong>et</strong></span> <span class='ocrx_word' id='word_1_81' title='bbox 620 1121 698 1187; x_wconf 86' lang='lat' dir='ltr'><strong>livor</strong></span> <span class='ocrx_word' id='word_1_82' title='bbox 708 1122 814 1210; x_wconf 84' lang='lat' dir='ltr'><strong>pronis</strong></span> <span class='ocrx_word' id='word_1_83' title='bbox 824 1122 953 1189; x_wconf 85' lang='lat' dir='ltr'><strong>auribus</strong></span> <span class='ocrx_word' id='word_1_84' title='bbox 964 1124 1175 1211; x_wconf 79' lang='lat' dir='ltr'><strong>accipiuntur:</strong></span> <span class='ocrx_word' id='word_1_85' title='bbox 1192 1127 1311 1215; x_wconf 91' lang='lat' dir='ltr'><strong>quippe</strong></span> 
     </span>
    </p>
   </div>
   <div class='ocr_carea' id='block_1_3' title="bbox 207 1390 1368 4561">
    <p class='ocr_par' dir='ltr' id='par_1_3' title="bbox 207 1390 1368 4561">
     <span class='ocr_line' id='line_1_11' title="bbox 217 1390 1310 1459; baseline 0 -16"><span class='ocrx_word' id='word_1_86' title='bbox 217 1394 321 1459; x_wconf 82' lang='lat' dir='ltr'><strong>reperies.</strong></span> <span class='ocrx_word' id='word_1_87' title='bbox 335 1393 409 1447; x_wconf 78' lang='lat' dir='ltr'><strong>ers.</strong></span> <span class='ocrx_word' id='word_1_88' title='bbox 427 1393 465 1443; x_wconf 86' lang='lat' dir='ltr'><strong>Sic</strong></span> <span class='ocrx_word' id='word_1_89' title='bbox 474 1390 682 1457; x_wconf 85' lang='lat' dir='ltr'><strong>(nccxx)omnes</strong></span> <span class='ocrx_word' id='word_1_90' title='bbox 691 1390 746 1440; x_wconf 81' lang='lat' dir='ltr'><strong>editi</strong></span> <span class='ocrx_word' id='word_1_91' title='bbox 778 1391 949 1450; x_wconf 66' lang='lat' dir='ltr'><strong>marchianos</strong></span> <span class='ocrx_word' id='word_1_92' title='bbox 961 1392 1076 1455; x_wconf 71' lang='lat' dir='ltr'><strong>potanda</strong></span> <span class='ocrx_word' id='word_1_93' title='bbox 1101 1395 1216 1443; x_wconf 76' lang='lat' dir='ltr'><strong>Omnium</strong></span> <span class='ocrx_word' id='word_1_94' title='bbox 1227 1410 1310 1443; x_wconf 60' lang='lat' dir='ltr'><strong>metm</strong></span> 
     </span>
     <span class='ocr_line' id='line_1_12' title="bbox 217 1456 1309 1522; baseline 0.001 -15"><span class='ocrx_word' id='word_1_95' title='bbox 217 1475 233 1507; x_wconf 85' lang='lat' dir='ltr'><strong>a</strong></span> <span class='ocrx_word' id='word_1_96' title='bbox 242 1459 358 1509; x_wconf 85' lang='lat' dir='ltr'><strong>Beroaldo</strong></span> <span class='ocrx_word' id='word_1_97' title='bbox 368 1459 398 1509; x_wconf 84' lang='lat' dir='ltr'><strong>ad</strong></span> <span class='ocrx_word' id='word_1_98' title='bbox 409 1458 543 1522; x_wconf 82' lang='lat' dir='ltr'><strong>Ryckium=</strong></span> <span class='ocrx_word' id='word_1_99' title='bbox 561 1457 623 1505; x_wconf 89' lang='lat' dir='ltr'><strong>unde</strong></span> <span class='ocrx_word' id='word_1_100' title='bbox 633 1456 693 1505; x_wconf 84' lang='lat' dir='ltr'><strong>clarc</strong></span> <span class='ocrx_word' id='word_1_101' title='bbox 703 1472 746 1521; x_wconf 87' lang='lat' dir='ltr'><strong>pa·</strong></span> <span class='ocrx_word' id='word_1_102' title='bbox 775 1464 914 1519; x_wconf 62' lang='lat' dir='ltr'><strong>potem</strong></span> <span class='ocrx_word' id='word_1_103' title='bbox 925 1457 985 1505; x_wconf 83' lang='lat' dir='ltr'><strong>dixit</strong></span> <span class='ocrx_word' id='word_1_104' title='bbox 995 1466 1019 1506; x_wconf 83' lang='lat' dir='ltr'><strong>et</strong></span> <span class='ocrx_word' id='word_1_105' title='bbox 1030 1458 1111 1507; x_wconf 77' lang='lat' dir='ltr'><strong>Livius</strong></span> <span class='ocrx_word' id='word_1_106' title='bbox 1123 1460 1148 1517; x_wconf 80' lang='lat'><strong>8,</strong></span> <span class='ocrx_word' id='word_1_107' title='bbox 1161 1459 1200 1507; x_wconf 79' lang='lat' dir='ltr'><strong>la.</strong></span> <span class='ocrx_word' id='word_1_108' title='bbox 1207 1474 1251 1508; x_wconf 87' lang='lat' dir='ltr'><strong>nec</strong></span> <span class='ocrx_word' id='word_1_109' title='bbox 1261 1460 1309 1509; x_wconf 84' lang='lat' dir='ltr'><strong>dis-</strong></span> 
     </span>
     <span class='ocr_line' id='line_1_13' title="bbox 218 1520 1308 1588; baseline 0 -16"><span class='ocrx_word' id='word_1_110' title='bbox 218 1532 260 1581; x_wconf 79' lang='lat' dir='ltr'><strong>tet,</strong></span> <span class='ocrx_word' id='word_1_111' title='bbox 279 1524 421 1575; x_wconf 83' lang='lat' dir='ltr'><strong>Berouidutn</strong></span> <span class='ocrx_word' id='word_1_112' title='bbox 437 1524 479 1573; x_wconf 87' lang='lat' dir='ltr'><strong>hos</strong></span> <span class='ocrx_word' id='word_1_113' title='bbox 501 1523 572 1576; x_wconf 85' lang='lat' dir='ltr'><strong>libros</strong></span> <span class='ocrx_word' id='word_1_114' title='bbox 593 1536 639 1569; x_wconf 88' lang='lat' dir='ltr'><strong>non</strong></span> <span class='ocrx_word' id='word_1_115' title='bbox 657 1538 670 1569; x_wconf 87' lang='lat' dir='ltr'><strong>e</strong></span> <span class='ocrx_word' id='word_1_116' title='bbox 690 1521 745 1571; x_wconf 88' lang='lat' dir='ltr'><strong>MS.</strong></span> <span class='ocrx_word' id='word_1_117' title='bbox 778 1520 848 1584; x_wconf 84' lang='lat' dir='ltr'><strong>plicet</strong></span> <span class='ocrx_word' id='word_1_118' title='bbox 858 1520 979 1569; x_wconf 80' lang='lat' dir='ltr'><strong>mihihl.</strong></span> <span class='ocrx_word' id='word_1_119' title='bbox 991 1524 1105 1571; x_wconf 74' lang='lat' dir='ltr'><strong>omnium.</strong></span> <span class='ocrx_word' id='word_1_120' title='bbox 1115 1524 1187 1571; x_wconf 78' lang='lat' dir='ltr'><strong>Ean.</strong></span> <span class='ocrx_word' id='word_1_121' title='bbox 1207 1524 1308 1588; x_wconf 85' lang='lat' dir='ltr'><strong>Bip.re-</strong></span> 
     </span>
     <span class='ocr_line' id='line_1_14' title="bbox 218 1585 1309 1655; baseline 0.003 -20"><span class='ocrx_word' id='word_1_122' title='bbox 218 1588 281 1636; x_wconf 83' lang='lat' dir='ltr'><strong>Flor.</strong></span> <span class='ocrx_word' id='word_1_123' title='bbox 291 1588 397 1646; x_wconf 87' lang='lat' dir='ltr'><strong>edidisse,</strong></span> <span class='ocrx_word' id='word_1_124' title='bbox 415 1588 456 1653; x_wconf 91' lang='lat' dir='ltr'><strong>qui</strong></span> <span class='ocrx_word' id='word_1_125' title='bbox 473 1587 568 1636; x_wconf 87' lang='lat' dir='ltr'><strong>totidem</strong></span> <span class='ocrx_word' id='word_1_126' title='bbox 586 1585 659 1635; x_wconf 83' lang='lat' dir='ltr'><strong>literis</strong></span> <span class='ocrx_word' id='word_1_127' title='bbox 677 1586 747 1637; x_wconf 79' lang='lat' dir='ltr'><strong>habat</strong></span> <span class='ocrx_word' id='word_1_128' title='bbox 778 1600 876 1649; x_wconf 83' lang='lat' dir='ltr'><strong>posuere</strong></span> <span class='ocrx_word' id='word_1_129' title='bbox 891 1588 1031 1648; x_wconf 79' lang='lat' dir='ltr'><strong>potentiam,</strong></span> <span class='ocrx_word' id='word_1_130' title='bbox 1043 1587 1163 1650; x_wconf 87' lang='lat' dir='ltr'><strong>quiaetc.</strong></span> <span class='ocrx_word' id='word_1_131' title='bbox 1176 1590 1213 1637; x_wconf 82' lang='lat'><strong>13.</strong></span> <span class='ocrx_word' id='word_1_132' title='bbox 1222 1589 1309 1655; x_wconf 80' lang='lat' dir='ltr'><strong>legitur</strong></span> 
     </span>
     <span class='ocr_line' id='line_1_15' title="bbox 217 1650 1368 1716; baseline 0 -17"><span class='ocrx_word' id='word_1_133' title='bbox 217 1655 361 1715; x_wconf 81' lang='lat' dir='ltr'><strong>octingentos</strong></span> <span class='ocrx_word' id='word_1_134' title='bbox 371 1659 393 1700; x_wconf 81' lang='lat' dir='ltr'><strong>et</strong></span> <span class='ocrx_word' id='word_1_135' title='bbox 404 1654 501 1716; x_wconf 77' lang='lat' dir='ltr'><strong>viginti,</strong></span> <span class='ocrx_word' id='word_1_136' title='bbox 513 1660 540 1700; x_wconf 91' lang='lat' dir='ltr'><strong>ut</strong></span> <span class='ocrx_word' id='word_1_137' title='bbox 550 1652 590 1699; x_wconf 82' lang='lat' dir='ltr'><strong>alii</strong></span> <span class='ocrx_word' id='word_1_138' title='bbox 600 1650 674 1699; x_wconf 88' lang='lat' dir='ltr'>MSS.</span> <span class='ocrx_word' id='word_1_139' title='bbox 685 1652 745 1715; x_wconf 83' lang='lat' dir='ltr'><strong>Reg.</strong></span> <span class='ocrx_word' id='word_1_140' title='bbox 774 1652 883 1713; x_wconf 76' lang='lat' dir='ltr'><strong>potentio</strong></span> <span class='ocrx_word' id='word_1_141' title='bbox 889 1653 1043 1713; x_wconf 63' lang='lat' dir='ltr'><strong>pincipatus</strong></span> <span class='ocrx_word' id='word_1_142' title='bbox 1053 1653 1139 1700; x_wconf 80' lang='lat' dir='ltr'><strong>divisa.</strong></span> <span class='ocrx_word' id='word_1_143' title='bbox 1361 1686 1368 1704; x_wconf 76' lang='lat'><strong>.</strong></span> 
     </span>
     <span class='ocr_line' id='line_1_16' title="bbox 215 1716 1308 1783; baseline 0.003 -18"><span class='ocrx_word' id='word_1_144' title='bbox 215 1716 377 1781; x_wconf 66' lang='lat' dir='ltr'><strong>(Baamgr.</strong></span> <span class='ocrx_word' id='word_1_145' title='bbox 392 1716 471 1771; x_wconf 81' lang='lat' dir='ltr'><strong>Guelf.</strong></span> <span class='ocrx_word' id='word_1_146' title='bbox 485 1716 521 1777; x_wconf 90' lang='lat' dir='ltr'><strong>(in</strong></span> <span class='ocrx_word' id='word_1_147' title='bbox 538 1730 585 1781; x_wconf 92' lang='lat' dir='ltr'><strong>quo</strong></span> <span class='ocrx_word' id='word_1_148' title='bbox 598 1724 633 1763; x_wconf 86' lang='lat' dir='ltr'><strong>est</strong></span> <span class='ocrx_word' id='word_1_149' title='bbox 649 1731 689 1779; x_wconf 87' lang='lat' dir='ltr'><strong>per</strong></span> <span class='ocrx_word' id='word_1_150' title='bbox 701 1730 747 1763; x_wconf 89' lang='lat' dir='ltr'><strong>nu·</strong></span> <span class='ocrx_word' id='word_1_151' title='bbox 808 1716 911 1763; x_wconf 77' lang='lat' dir='ltr'><strong>Inscitia</strong></span> <span class='ocrx_word' id='word_1_152' title='bbox 929 1716 1000 1777; x_wconf 76' lang='lat' dir='ltr'><strong>Rcip.</strong></span> <span class='ocrx_word' id='word_1_153' title='bbox 1017 1724 1045 1763; x_wconf 86' lang='lat' dir='ltr'><strong>ut</strong></span> <span class='ocrx_word' id='word_1_154' title='bbox 1063 1717 1160 1783; x_wconf 70' lang='lat' dir='ltr'><strong>aliena]</strong></span> <span class='ocrx_word' id='word_1_155' title='bbox 1183 1718 1209 1766; x_wconf 89' lang='lat' dir='ltr'><strong>h.</strong></span> <span class='ocrx_word' id='word_1_156' title='bbox 1220 1734 1240 1767; x_wconf 87' lang='lat' dir='ltr'><strong>e.</strong></span> <span class='ocrx_word' id='word_1_157' title='bbox 1252 1733 1308 1767; x_wconf 84' lang='lat' dir='ltr'><strong>cum</strong></span> 
     </span>
     <span class='ocr_line' id='line_1_17' title="bbox 217 1779 1309 1844; baseline 0.003 -15"><span class='ocrx_word' id='word_1_158' title='bbox 217 1796 294 1831; x_wconf 87' lang='lat' dir='ltr'><strong>meros</strong></span> <span class='ocrx_word' id='word_1_159' title='bbox 310 1782 345 1831; x_wconf 88' lang='lat' dir='ltr'><strong>sic</strong></span> <span class='ocrx_word' id='word_1_160' title='bbox 357 1784 489 1831; x_wconf 79' lang='lat' dir='ltr'><strong>DCCCtoa</strong></span> <span class='ocrx_word' id='word_1_161' title='bbox 502 1789 525 1829; x_wconf 80' lang='lat' dir='ltr'><strong>et</strong></span> <span class='ocrx_word' id='word_1_162' title='bbox 537 1782 608 1839; x_wconf 86' lang='lat' dir='ltr'><strong>XX)</strong></span> <span class='ocrx_word' id='word_1_163' title='bbox 624 1789 647 1829; x_wconf 92' lang='lat' dir='ltr'><strong>et</strong></span> <span class='ocrx_word' id='word_1_164' title='bbox 663 1779 697 1827; x_wconf 87' lang='lat' dir='ltr'><strong>ed.</strong></span> <span class='ocrx_word' id='word_1_165' title='bbox 710 1794 746 1841; x_wconf 86' lang='lat' dir='ltr'><strong>pr.</strong></span> <span class='ocrx_word' id='word_1_166' title='bbox 775 1779 881 1827; x_wconf 86' lang='lat' dir='ltr'><strong>homines</strong></span> <span class='ocrx_word' id='word_1_167' title='bbox 893 1794 962 1828; x_wconf 83' lang='lat' dir='ltr'><strong>susm</strong></span> <span class='ocrx_word' id='word_1_168' title='bbox 973 1780 1060 1844; x_wconf 85' lang='lat' dir='ltr'><strong>Remp.</strong></span> <span class='ocrx_word' id='word_1_169' title='bbox 1071 1795 1117 1829; x_wconf 90' lang='lat' dir='ltr'><strong>non</strong></span> <span class='ocrx_word' id='word_1_170' title='bbox 1129 1783 1196 1831; x_wconf 84' lang='lat' dir='ltr'><strong>aliter</strong></span> <span class='ocrx_word' id='word_1_171' title='bbox 1205 1792 1248 1831; x_wconf 88' lang='lat' dir='ltr'><strong>aut</strong></span> <span class='ocrx_word' id='word_1_172' title='bbox 1256 1798 1309 1832; x_wconf 85' lang='lat' dir='ltr'><strong>mc·</strong></span> 
     </span>
     <span class='ocr_line' id='line_1_18' title="bbox 215 1843 1307 1911; baseline 0 -16"><span class='ocrx_word' id='word_1_173' title='bbox 215 1844 747 1907; x_wconf 60' lang='lat' dir='ltr'><strong>Atrue01ueoitaaaeooaovtgherouut</strong></span> <span class='ocrx_word' id='word_1_174' title='bbox 776 1843 823 1891; x_wconf 88' lang='lat' dir='ltr'><strong>lius</strong></span> <span class='ocrx_word' id='word_1_175' title='bbox 840 1854 941 1904; x_wconf 54' lang='lat' dir='ltr'><strong>nocent,</strong></span> <span class='ocrx_word' id='word_1_176' title='bbox 958 1860 1030 1908; x_wconf 84' lang='lat' dir='ltr'><strong>quam</strong></span> <span class='ocrx_word' id='word_1_177' title='bbox 1049 1844 1158 1906; x_wconf 80' lang='lat' dir='ltr'><strong>alienam,</strong></span> <span class='ocrx_word' id='word_1_178' title='bbox 1177 1856 1307 1911; x_wconf 79' lang='lat' dir='ltr'><strong>propterea,</strong></span> 
     </span>
     <span class='ocr_line' id='line_1_19' title="bbox 216 1908 1308 1973; baseline 0.002 -14"><span class='ocrx_word' id='word_1_179' title='bbox 216 1925 327 1959; x_wconf 83' lang='lat' dir='ltr'><strong>numems</strong></span> <span class='ocrx_word' id='word_1_180' title='bbox 344 1910 403 1959; x_wconf 87' lang='lat' dir='ltr'><strong>forte</strong></span> <span class='ocrx_word' id='word_1_181' title='bbox 418 1910 493 1973; x_wconf 87' lang='lat' dir='ltr'><strong>ipsee</strong></span> <span class='ocrx_word' id='word_1_182' title='bbox 513 1910 570 1960; x_wconf 87' lang='lat' dir='ltr'><strong>MS.</strong></span> <span class='ocrx_word' id='word_1_183' title='bbox 582 1918 681 1969; x_wconf 78' lang='lat' dir='ltr'><strong>sumtus,</strong></span> <span class='ocrx_word' id='word_1_184' title='bbox 699 1909 747 1957; x_wconf 87' lang='lat' dir='ltr'><strong>sive</strong></span> <span class='ocrx_word' id='word_1_185' title='bbox 776 1908 840 1971; x_wconf 86' lang='lat' dir='ltr'><strong>quod</strong></span> <span class='ocrx_word' id='word_1_186' title='bbox 853 1908 903 1970; x_wconf 83' lang='lat' dir='ltr'><strong>ejus</strong></span> <span class='ocrx_word' id='word_1_187' title='bbox 919 1909 1028 1957; x_wconf 79' lang='lat' dir='ltr'><strong>incuriosi</strong></span> <span class='ocrx_word' id='word_1_188' title='bbox 1043 1920 1128 1970; x_wconf 86' lang='lat' dir='ltr'><strong>essent,</strong></span> <span class='ocrx_word' id='word_1_189' title='bbox 1139 1926 1194 1960; x_wconf 88' lang='lat' dir='ltr'><strong>cum</strong></span> <span class='ocrx_word' id='word_1_190' title='bbox 1210 1912 1241 1960; x_wconf 89' lang='lat' dir='ltr'><strong>ad</strong></span> <span class='ocrx_word' id='word_1_191' title='bbox 1255 1928 1308 1960; x_wconf 83' lang='lat' dir='ltr'><strong>eam</strong></span> 
     </span>
     <span class='ocr_line' id='line_1_20' title="bbox 216 1972 1309 2039; baseline 0.003 -16"><span class='ocrx_word' id='word_1_192' title='bbox 216 1990 246 2023; x_wconf 83' lang='lat' dir='ltr'><strong>ex</strong></span> <span class='ocrx_word' id='word_1_193' title='bbox 256 1975 292 2024; x_wconf 87' lang='lat' dir='ltr'><strong>ed.</strong></span> <span class='ocrx_word' id='word_1_194' title='bbox 303 1992 338 2039; x_wconf 88' lang='lat' dir='ltr'><strong>pr.</strong></span> <span class='ocrx_word' id='word_1_195' title='bbox 349 1974 390 2024; x_wconf 89' lang='lat' dir='ltr'><strong>sed</strong></span> <span class='ocrx_word' id='word_1_196' title='bbox 407 1974 517 2023; x_wconf 87' lang='lat' dir='ltr'><strong>ultimum</strong></span> <span class='ocrx_word' id='word_1_197' title='bbox 529 1974 614 2026; x_wconf 84' lang='lat' dir='ltr'><strong>Cvitio</strong></span> <span class='ocrx_word' id='word_1_198' title='bbox 624 1988 747 2037; x_wconf 83' lang='lat' dir='ltr'><strong>operarum</strong></span> <span class='ocrx_word' id='word_1_199' title='bbox 776 1972 882 2021; x_wconf 84' lang='lat' dir='ltr'><strong>accedere</strong></span> <span class='ocrx_word' id='word_1_200' title='bbox 897 1988 944 2021; x_wconf 88' lang='lat' dir='ltr'><strong>non</strong></span> <span class='ocrx_word' id='word_1_201' title='bbox 960 1974 1062 2037; x_wconf 88' lang='lat' dir='ltr'><strong>amplius</strong></span> <span class='ocrx_word' id='word_1_202' title='bbox 1077 1974 1165 2035; x_wconf 63' lang='lat' dir='ltr'><strong>beera,</strong></span> <span class='ocrx_word' id='word_1_203' title='bbox 1181 1976 1221 2023; x_wconf 84' lang='lat' dir='ltr'><strong>sed</strong></span> <span class='ocrx_word' id='word_1_204' title='bbox 1238 1976 1309 2026; x_wconf 87' lang='lat' dir='ltr'><strong>unius</strong></span> 
     </span>
     <span class='ocr_line' id='line_1_21' title="bbox 216 2036 1293 2101; baseline 0.002 -14"><span class='ocrx_word' id='word_1_205' title='bbox 216 2039 330 2088; x_wconf 75' lang='lat' dir='ltr'><strong>omismm</strong></span> <span class='ocrx_word' id='word_1_206' title='bbox 346 2049 387 2089; x_wconf 89' lang='lat' dir='ltr'><strong>est.</strong></span> <span class='ocrx_word' id='word_1_207' title='bbox 421 2040 469 2087; x_wconf 76' lang='lat' dir='ltr'><strong>lies</strong></span> <span class='ocrx_word' id='word_1_208' title='bbox 484 2039 534 2101; x_wconf 78' lang='lat' dir='ltr'><strong>ipsa</strong></span> <span class='ocrx_word' id='word_1_209' title='bbox 547 2038 660 2089; x_wconf 81' lang='lat' dir='ltr'><strong>desiderat</strong></span> <span class='ocrx_word' id='word_1_210' title='bbox 674 2036 746 2096; x_wconf 87' lang='lat' dir='ltr'><strong>hunc,</strong></span> <span class='ocrx_word' id='word_1_211' title='bbox 776 2037 855 2083; x_wconf 88' lang='lat' dir='ltr'><strong>omnia</strong></span> <span class='ocrx_word' id='word_1_212' title='bbox 865 2045 924 2083; x_wconf 87' lang='lat' dir='ltr'><strong>nutu</strong></span> <span class='ocrx_word' id='word_1_213' title='bbox 934 2047 957 2085; x_wconf 93' lang='lat' dir='ltr'><strong>et</strong></span> <span class='ocrx_word' id='word_1_214' title='bbox 966 2038 1060 2085; x_wconf 82' lang='lat' dir='ltr'><strong>arbitrio</strong></span> <span class='ocrx_word' id='word_1_215' title='bbox 1068 2049 1207 2101; x_wconf 84' lang='lat' dir='ltr'><strong>gererentur.</strong></span> <span class='ocrx_word' id='word_1_216' title='bbox 1218 2041 1293 2089; x_wconf 71' lang='lat' dir='ltr'><strong>Eun.</strong></span> 
     </span>
     <span class='ocr_line' id='line_1_22' title="bbox 215 2101 1306 2168; baseline 0.004 -17"><span class='ocrx_word' id='word_1_217' title='bbox 215 2104 257 2168; x_wconf 90' lang='lat' dir='ltr'><strong>qui</strong></span> <span class='ocrx_word' id='word_1_218' title='bbox 273 2119 337 2153; x_wconf 89' lang='lat' dir='ltr'><strong>nunc</strong></span> <span class='ocrx_word' id='word_1_219' title='bbox 351 2104 435 2161; x_wconf 78' lang='lat' dir='ltr'><strong>editur,</strong></span> <span class='ocrx_word' id='word_1_220' title='bbox 452 2117 584 2151; x_wconf 84' lang='lat' dir='ltr'><strong>numerum·</strong></span> <span class='ocrx_word' id='word_1_221' title='bbox 617 2102 698 2151; x_wconf 88' lang='lat' dir='ltr'><strong>Sermo</strong></span> <span class='ocrx_word' id='word_1_222' title='bbox 714 2109 747 2149; x_wconf 86' lang='lat' dir='ltr'><strong>est</strong></span> <span class='ocrx_word' id='word_1_223' title='bbox 809 2101 970 2148; x_wconf 74' lang='lat' dir='ltr'><strong>Amittioncm</strong></span> <span class='ocrx_word' id='word_1_224' title='bbox 981 2102 1116 2168; x_wconf 74' lang='lat' dir='ltr'><strong>scriptoris]</strong></span> <span class='ocrx_word' id='word_1_225' title='bbox 1129 2105 1306 2164; x_wconf 73' lang='lat' dir='ltr'><strong>similationem,</strong></span> 
     </span>
     <span class='ocr_line' id='line_1_23' title="bbox 217 2163 1307 2231; baseline 0 -15"><span class='ocrx_word' id='word_1_226' title='bbox 217 2168 279 2220; x_wconf 83' lang='lat' dir='ltr'><strong>enim</strong></span> <span class='ocrx_word' id='word_1_227' title='bbox 301 2169 330 2217; x_wconf 88' lang='lat' dir='ltr'><strong>de</strong></span> <span class='ocrx_word' id='word_1_228' title='bbox 351 2168 499 2231; x_wconf 75' lang='lat' dir='ltr'><strong>scriptoribus</strong></span> <span class='ocrx_word' id='word_1_229' title='bbox 522 2166 644 2230; x_wconf 84' lang='lat' dir='ltr'><strong>usquead</strong></span> <span class='ocrx_word' id='word_1_230' title='bbox 664 2166 747 2215; x_wconf 73' lang='lat' dir='ltr'><strong>Galba</strong></span> <span class='ocrx_word' id='word_1_231' title='bbox 776 2163 882 2228; x_wconf 84' lang='lat' dir='ltr'><strong>placendi</strong></span> <span class='ocrx_word' id='word_1_232' title='bbox 893 2165 1004 2213; x_wconf 86' lang='lat' dir='ltr'><strong>studium.</strong></span> <span class='ocrx_word' id='word_1_233' title='bbox 1033 2167 1073 2215; x_wconf 85' lang='lat' dir='ltr'><strong>Sic</strong></span> <span class='ocrx_word' id='word_1_234' title='bbox 1082 2168 1115 2214; x_wconf 91' lang='lat' dir='ltr'><strong>A.</strong></span> <span class='ocrx_word' id='word_1_235' title='bbox 1129 2170 1151 2228; x_wconf 93' lang='lat' dir='ltr'><strong>l,</strong></span> <span class='ocrx_word' id='word_1_236' title='bbox 1164 2171 1205 2225; x_wconf 79' lang='lat'><strong>67.</strong></span> <span class='ocrx_word' id='word_1_237' title='bbox 1227 2172 1307 2218; x_wconf 73' lang='lat' dir='ltr'><strong>Nulla</strong></span> 
     </span>
     <span class='ocr_line' id='line_1_24' title="bbox 218 2230 1307 2308; baseline -0.004 -27"><span class='ocrx_word' id='word_1_238' title='bbox 218 2232 353 2308; x_wconf 88' lang='lat' dir='ltr'><strong>imperium.</strong></span> <span class='ocrx_word' id='word_1_239' title='bbox 369 2234 443 2283; x_wconf 75' lang='lat' dir='ltr'><strong>Ean.</strong></span> <span class='ocrx_word' id='word_1_240' title='bbox 476 2231 540 2281; x_wconf 88' lang='lat' dir='ltr'><strong>Mihi</strong></span> <span class='ocrx_word' id='word_1_241' title='bbox 551 2231 581 2283; x_wconf 74' lang='lat' dir='ltr'><strong>,si</strong></span> <span class='ocrx_word' id='word_1_242' title='bbox 596 2230 654 2295; x_wconf 89' lang='lat' dir='ltr'><strong>quid</strong></span> <span class='ocrx_word' id='word_1_243' title='bbox 670 2230 745 2288; x_wconf 84' lang='lat' dir='ltr'><strong>video,</strong></span> <span class='ocrx_word' id='word_1_244' title='bbox 776 2230 910 2277; x_wconf 77' lang='lat' dir='ltr'><strong>ambitione.</strong></span> <span class='ocrx_word' id='word_1_245' title='bbox 925 2232 961 2289; x_wconf 84' lang='lat'><strong>13,</strong></span> <span class='ocrx_word' id='word_1_246' title='bbox 973 2231 997 2278; x_wconf 80' lang='lat' dir='ltr'><strong>t.</strong></span> <span class='ocrx_word' id='word_1_247' title='bbox 1025 2232 1101 2279; x_wconf 74' lang='lat' dir='ltr'><strong>Nihil</strong></span> <span class='ocrx_word' id='word_1_248' title='bbox 1113 2236 1236 2282; x_wconf 76' lang='lat' dir='ltr'><strong>ambitioni</strong></span> <span class='ocrx_word' id='word_1_249' title='bbox 1248 2251 1307 2297; x_wconf 73' lang='lat' dir='ltr'><strong>per.</strong></span> 
     </span>
     <span class='ocr_line' id='line_1_25' title="bbox 215 2294 1306 2361; baseline -0.002 -16"><span class='ocrx_word' id='word_1_250' title='bbox 215 2307 290 2361; x_wconf 83' lang='lat' dir='ltr'><strong>potror</strong></span> <span class='ocrx_word' id='word_1_251' title='bbox 301 2307 335 2350; x_wconf 84' lang='lat' dir='ltr'><strong>est</strong></span> <span class='ocrx_word' id='word_1_252' title='bbox 345 2296 454 2347; x_wconf 87' lang='lat' dir='ltr'><strong>Beroaldi</strong></span> <span class='ocrx_word' id='word_1_253' title='bbox 467 2296 543 2354; x_wconf 88' lang='lat' dir='ltr'><strong>lectio,</strong></span> <span class='ocrx_word' id='word_1_254' title='bbox 555 2296 708 2361; x_wconf 86' lang='lat' dir='ltr'><strong>undecunque</strong></span> <span class='ocrx_word' id='word_1_255' title='bbox 718 2294 747 2343; x_wconf 89' lang='lat' dir='ltr'><strong>sit</strong></span> <span class='ocrx_word' id='word_1_256' title='bbox 777 2295 851 2341; x_wconf 77' lang='lat' dir='ltr'><strong>viana</strong></span> <span class='ocrx_word' id='word_1_257' title='bbox 883 2294 917 2342; x_wconf 87' lang='lat' dir='ltr'><strong>Et</strong></span> <span class='ocrx_word' id='word_1_258' title='bbox 933 2294 996 2359; x_wconf 88' lang='lat' dir='ltr'><strong>apud</strong></span> <span class='ocrx_word' id='word_1_259' title='bbox 1009 2295 1028 2343; x_wconf 87' lang='lat' dir='ltr'>J</span> <span class='ocrx_word' id='word_1_260' title='bbox 1029 2296 1132 2344; x_wconf 89' lang='lat' dir='ltr'><strong>ustinum</strong></span> <span class='ocrx_word' id='word_1_261' title='bbox 1150 2298 1188 2357; x_wconf 75' lang='lat' dir='ltr'><strong>lt,</strong></span> <span class='ocrx_word' id='word_1_262' title='bbox 1203 2298 1240 2347; x_wconf 76' lang='lat'><strong>1⁵.</strong></span> <span class='ocrx_word' id='word_1_263' title='bbox 1254 2316 1306 2347; x_wconf 85' lang='lat' dir='ltr'><strong>am.</strong></span> 
     </span>
     <span class='ocr_line' id='line_1_26' title="bbox 216 2359 1249 2427; baseline -0.013 -16"><span class='ocrx_word' id='word_1_264' title='bbox 216 2370 274 2410; x_wconf 88' lang='lat' dir='ltr'><strong>orta.</strong></span> <span class='ocrx_word' id='word_1_265' title='bbox 306 2362 412 2427; x_wconf 90' lang='lat' dir='ltr'><strong>Opponit</strong></span> <span class='ocrx_word' id='word_1_266' title='bbox 420 2361 516 2410; x_wconf 84' lang='lat' dir='ltr'><strong>Tacitus</strong></span> <span class='ocrx_word' id='word_1_267' title='bbox 528 2369 631 2423; x_wconf 83' lang='lat' dir='ltr'><strong>tempora</strong></span> <span class='ocrx_word' id='word_1_268' title='bbox 641 2371 694 2407; x_wconf 86' lang='lat' dir='ltr'><strong>ante</strong></span> <span class='ocrx_word' id='word_1_269' title='bbox 704 2375 748 2423; x_wconf 88' lang='lat' dir='ltr'><strong>pu·</strong></span> <span class='ocrx_word' id='word_1_270' title='bbox 777 2359 834 2406; x_wconf 80' lang='lat' dir='ltr'><strong>bttto</strong></span> <span class='ocrx_word' id='word_1_271' title='bbox 845 2360 921 2421; x_wconf 69' lang='grc' dir='ltr'><strong>υιιζρὶ.</strong></span> <span class='ocrx_word' id='word_1_272' title='bbox 1247 2394 1249 2398; x_wconf 24' lang='lat'><em>⁴</em></span> 
     </span>
     <span class='ocr_line' id='line_1_27' title="bbox 216 2424 1308 2491; baseline 0.003 -16"><span class='ocrx_word' id='word_1_273' title='bbox 216 2441 288 2490; x_wconf 83' lang='lat' dir='ltr'><strong>gnam</strong></span> <span class='ocrx_word' id='word_1_274' title='bbox 298 2426 429 2484; x_wconf 78' lang='lat' dir='ltr'><strong>Actiacam,</strong></span> <span class='ocrx_word' id='word_1_275' title='bbox 446 2426 531 2491; x_wconf 86' lang='lat' dir='ltr'><strong>quibus</strong></span> <span class='ocrx_word' id='word_1_276' title='bbox 546 2424 677 2487; x_wconf 84' lang='lat' dir='ltr'><strong>eloquentia</strong></span> <span class='ocrx_word' id='word_1_277' title='bbox 693 2424 748 2472; x_wconf 87' lang='lat' dir='ltr'><strong>scri-</strong></span> <span class='ocrx_word' id='word_1_278' title='bbox 816 2424 899 2471; x_wconf 73' lang='lat' dir='ltr'><strong>Facta</strong></span> <span class='ocrx_word' id='word_1_279' title='bbox 919 2424 1064 2490; x_wconf 73' lang='lat' dir='ltr'><strong>adverseris]</strong></span> <span class='ocrx_word' id='word_1_280' title='bbox 1093 2425 1232 2491; x_wconf 74' lang='lat' dir='ltr'><strong>[aagendam</strong></span> <span class='ocrx_word' id='word_1_281' title='bbox 1258 2444 1308 2478; x_wconf 82' lang='lat' dir='ltr'><strong>esse</strong></span> 
     </span>
     <span class='ocr_line' id='line_1_28' title="bbox 216 2489 1307 2556; baseline 0.003 -16"><span class='ocrx_word' id='word_1_282' title='bbox 216 2499 310 2556; x_wconf 81' lang='lat' dir='ltr'><strong>piorum</strong></span> <span class='ocrx_word' id='word_1_283' title='bbox 317 2493 391 2555; x_wconf 83' lang='lat' dir='ltr'><strong>viguit</strong></span> <span class='ocrx_word' id='word_1_284' title='bbox 398 2507 452 2540; x_wconf 89' lang='lat' dir='ltr'><strong>cum</strong></span> <span class='ocrx_word' id='word_1_285' title='bbox 461 2491 573 2550; x_wconf 80' lang='lat' dir='ltr'><strong>libertate,</strong></span> <span class='ocrx_word' id='word_1_286' title='bbox 580 2489 643 2554; x_wconf 92' lang='lat' dir='ltr'><strong>quod</strong></span> <span class='ocrx_word' id='word_1_287' title='bbox 654 2489 674 2537; x_wconf 87' lang='lat' dir='ltr'><strong>is</strong></span> <span class='ocrx_word' id='word_1_288' title='bbox 684 2491 748 2553; x_wconf 91' lang='lat' dir='ltr'><strong>prius</strong></span> <span class='ocrx_word' id='word_1_289' title='bbox 776 2491 901 2548; x_wconf 66' lang='lat' dir='ltr'><strong>auoceris,</strong></span> <span class='ocrx_word' id='word_1_290' title='bbox 913 2489 1039 2538; x_wconf 85' lang='lat' dir='ltr'><strong>doctissimi</strong></span> <span class='ocrx_word' id='word_1_291' title='bbox 1046 2491 1089 2539; x_wconf 82' lang='lat' dir='ltr'><strong>riri</strong></span> <span class='ocrx_word' id='word_1_292' title='bbox 1099 2500 1212 2542; x_wconf 75' lang='lat' dir='ltr'><strong>statuunt.</strong></span> <span class='ocrx_word' id='word_1_293' title='bbox 1226 2493 1307 2543; x_wconf 83' lang='lat' dir='ltr'><strong>Recte.</strong></span> 
     </span>
     <span class='ocr_line' id='line_1_29' title="bbox 218 2553 1307 2634; baseline -0.002 -28"><span class='ocrx_word' id='word_1_294' title='bbox 218 2572 295 2606; x_wconf 71' lang='lat' dir='ltr'><strong>evum</strong></span> <span class='ocrx_word' id='word_1_295' title='bbox 306 2557 369 2616; x_wconf 86' lang='lat' dir='ltr'><strong>dicit,</strong></span> <span class='ocrx_word' id='word_1_296' title='bbox 382 2556 524 2632; x_wconf 76' lang='lat' dir='ltr'><strong>temporibus</strong></span> <span class='ocrx_word' id='word_1_297' title='bbox 534 2555 651 2629; x_wconf 82' lang='lat' dir='ltr'><strong>insecutis,</strong></span> <span class='ocrx_word' id='word_1_298' title='bbox 663 2554 748 2630; x_wconf 81' lang='lat' dir='ltr'><strong>quibus</strong></span> <span class='ocrx_word' id='word_1_299' title='bbox 775 2554 810 2601; x_wconf 86' lang='lat' dir='ltr'><strong>Et</strong></span> <span class='ocrx_word' id='word_1_300' title='bbox 829 2554 935 2630; x_wconf 79' lang='lat' dir='ltr'><strong>convenit</strong></span> <span class='ocrx_word' id='word_1_301' title='bbox 955 2553 1096 2632; x_wconf 64' lang='lat' dir='ltr'><strong>hodietere,</strong></span> <span class='ocrx_word' id='word_1_302' title='bbox 1115 2558 1239 2634; x_wconf 64' lang='lat' dir='ltr'><strong>adversari</strong></span> <span class='ocrx_word' id='word_1_303' title='bbox 1258 2575 1307 2634; x_wconf 70' lang='lat' dir='ltr'><strong>esse</strong></span> 
     </span>
     <span class='ocr_line' id='line_1_30' title="bbox 216 2619 1307 2751; baseline -0.003 -18"><span class='ocrx_word' id='word_1_304' title='bbox 216 2636 303 2735; x_wconf 56' lang='lat' dir='ltr'><strong>titt„</strong></span> <span class='ocrx_word' id='word_1_305' title='bbox 321 2627 748 2748; x_wconf 58' lang='lat' dir='ltr'><strong>tttlttttttttthittz</strong></span> <span class='ocrx_word' id='word_1_306' title='bbox 767 2619 1307 2751; x_wconf 48' lang='lat' dir='ltr'><strong>,nittttttllitttt‘ttlttli</strong></span> 
     </span>
     <span class='ocr_line' id='line_1_31' title="bbox 217 2699 1308 2816; baseline 0.002 -17"><span class='ocrx_word' id='word_1_307' title='bbox 217 2765 310 2799; x_wconf 86' lang='lat' dir='ltr'><strong>sensum</strong></span> <span class='ocrx_word' id='word_1_308' title='bbox 319 2751 378 2813; x_wconf 86' lang='lat' dir='ltr'><strong>juvi.</strong></span> <span class='ocrx_word' id='word_1_309' title='bbox 775 2699 892 2796; x_wconf 67' lang='lat' dir='ltr'><strong>dhaetate</strong></span> <span class='ocrx_word' id='word_1_310' title='bbox 907 2749 1007 2807; x_wconf 85' lang='lat' dir='ltr'><strong>solenne,</strong></span> <span class='ocrx_word' id='word_1_311' title='bbox 1019 2751 1142 2797; x_wconf 75' lang='lat' dir='ltr'><strong>adversari</strong></span> <span class='ocrx_word' id='word_1_312' title='bbox 1157 2752 1255 2801; x_wconf 89' lang='lat' dir='ltr'><strong>scribere</strong></span> <span class='ocrx_word' id='word_1_313' title='bbox 1264 2768 1308 2816; x_wconf 88' lang='lat' dir='ltr'><strong>pro</strong></span> 
     </span>
     <span class='ocr_line' id='line_1_32' title="bbox 249 2813 1306 2878; baseline 0.001 -14"><span class='ocrx_word' id='word_1_314' title='bbox 249 2817 329 2878; x_wconf 80' lang='lat' dir='ltr'><strong>Atque</strong></span> <span class='ocrx_word' id='word_1_315' title='bbox 350 2829 441 2866; x_wconf 81' lang='lat' dir='ltr'><strong>omnem</strong></span> <span class='ocrx_word' id='word_1_316' title='bbox 457 2820 597 2877; x_wconf 80' lang='lat' dir='ltr'><strong>potestatem</strong></span> <span class='ocrx_word' id='word_1_317' title='bbox 617 2814 648 2862; x_wconf 85' lang='lat' dir='ltr'><strong>ad</strong></span> <span class='ocrx_word' id='word_1_318' title='bbox 671 2829 747 2861; x_wconf 79' lang='lat' dir='ltr'><strong>coam</strong></span> <span class='ocrx_word' id='word_1_319' title='bbox 776 2815 892 2872; x_wconf 76' lang='lat' dir='ltr'><strong>aversari,</strong></span> <span class='ocrx_word' id='word_1_320' title='bbox 909 2813 1084 2877; x_wconf 86' lang='lat' dir='ltr'><strong>promiscueque</strong></span> <span class='ocrx_word' id='word_1_321' title='bbox 1097 2814 1143 2864; x_wconf 85' lang='lat' dir='ltr'><strong>ista</strong></span> <span class='ocrx_word' id='word_1_322' title='bbox 1157 2818 1306 2866; x_wconf 84' lang='lat' dir='ltr'><strong>verbadicta.</strong></span> 
     </span>
     <span class='ocr_line' id='line_1_33' title="bbox 217 2876 1307 2944; baseline 0.002 -16"><span class='ocrx_word' id='word_1_323' title='bbox 217 2881 334 2944; x_wconf 77' lang='lat' dir='ltr'><strong>conferri]</strong></span> <span class='ocrx_word' id='word_1_324' title='bbox 349 2879 429 2928; x_wconf 82' lang='lat' dir='ltr'><strong>Cicero</strong></span> <span class='ocrx_word' id='word_1_325' title='bbox 442 2879 504 2928; x_wconf 91' lang='lat' dir='ltr'><strong>Phil.</strong></span> <span class='ocrx_word' id='word_1_326' title='bbox 514 2880 537 2938; x_wconf 94' lang='lat'><strong>1,</strong></span> <span class='ocrx_word' id='word_1_327' title='bbox 548 2879 586 2926; x_wconf 84' lang='grc'><strong>14.</strong></span> <span class='ocrx_word' id='word_1_328' title='bbox 594 2893 623 2926; x_wconf 80' lang='lat' dir='ltr'><strong>ae</strong></span> <span class='ocrx_word' id='word_1_329' title='bbox 634 2881 749 2940; x_wconf 71' lang='lat' dir='ltr'><strong>tgawraas</strong></span> <span class='ocrx_word' id='word_1_330' title='bbox 775 2877 810 2926; x_wconf 83' lang='lat' dir='ltr'><strong>Et</strong></span> <span class='ocrx_word' id='word_1_331' title='bbox 817 2876 882 2926; x_wconf 78' lang='lat' dir='ltr'><strong>fatali</strong></span> <span class='ocrx_word' id='word_1_332' title='bbox 893 2876 994 2940; x_wconf 87' lang='lat' dir='ltr'><strong>quadam</strong></span> <span class='ocrx_word' id='word_1_333' title='bbox 1003 2879 1157 2938; x_wconf 84' lang='lat' dir='ltr'><strong>consensione,</strong></span> <span class='ocrx_word' id='word_1_334' title='bbox 1165 2880 1272 2944; x_wconf 82' lang='lat' dir='ltr'><strong>pluribus</strong></span> <span class='ocrx_word' id='word_1_335' title='bbox 1282 2881 1307 2930; x_wconf 92' lang='lat' dir='ltr'><strong>in</strong></span> 
     </span>
     <span class='ocr_line' id='line_1_34' title="bbox 218 2940 1307 3007; baseline 0.004 -15"><span class='ocrx_word' id='word_1_336' title='bbox 218 2959 302 2992; x_wconf 78' lang='lat' dir='ltr'><strong>aarum</strong></span> <span class='ocrx_word' id='word_1_337' title='bbox 313 2947 358 2993; x_wconf 81' lang='lat' dir='ltr'><strong>tter</strong></span> <span class='ocrx_word' id='word_1_338' title='bbox 366 2946 462 3007; x_wconf 71' lang='lat' dir='ltr'><strong>gloriae,</strong></span> <span class='ocrx_word' id='word_1_339' title='bbox 473 2946 606 3006; x_wconf 76' lang='lat' dir='ltr'><strong>gloriosum</strong></span> <span class='ocrx_word' id='word_1_340' title='bbox 613 2951 683 3006; x_wconf 80' lang='lat' dir='ltr'><strong>potes</strong></span> <span class='ocrx_word' id='word_1_341' title='bbox 690 2945 747 3006; x_wconf 80' lang='lat' dir='ltr'><strong>plus</strong></span> <span class='ocrx_word' id='word_1_342' title='bbox 776 2940 832 2990; x_wconf 90' lang='lat' dir='ltr'><strong>locis</strong></span> <span class='ocrx_word' id='word_1_343' title='bbox 844 2941 921 2990; x_wconf 81' lang='lat' dir='ltr'><strong>Taciti</strong></span> <span class='ocrx_word' id='word_1_344' title='bbox 930 2942 954 2989; x_wconf 89' lang='lat' dir='ltr'><strong>id</strong></span> <span class='ocrx_word' id='word_1_345' title='bbox 966 2951 1095 2992; x_wconf 78' lang='lat' dir='ltr'><strong>constanter</strong></span> <span class='ocrx_word' id='word_1_346' title='bbox 1105 2945 1215 2994; x_wconf 82' lang='lat' dir='ltr'><strong>exhibent</strong></span> <span class='ocrx_word' id='word_1_347' title='bbox 1225 2959 1307 2996; x_wconf 80' lang='lat' dir='ltr'><strong>ornnes</strong></span> 
     </span>
     <span class='ocr_line' id='line_1_35' title="bbox 217 3006 1307 3072; baseline 0.001 -14"><span class='ocrx_word' id='word_1_348' title='bbox 217 3017 326 3058; x_wconf 69' lang='lat' dir='ltr'><strong>uanam</strong></span> <span class='ocrx_word' id='word_1_349' title='bbox 339 3025 406 3070; x_wconf 81' lang='lat' dir='ltr'><strong>posse</strong></span> <span class='ocrx_word' id='word_1_350' title='bbox 418 3024 490 3072; x_wconf 80' lang='lat' dir='ltr'><strong>qaam</strong></span> <span class='ocrx_word' id='word_1_351' title='bbox 503 3023 589 3056; x_wconf 81' lang='lat' dir='ltr'><strong>omncs.</strong></span> <span class='ocrx_word' id='word_1_352' title='bbox 621 3007 704 3056; x_wconf 83' lang='lat' dir='ltr'><strong>Livius</strong></span> <span class='ocrx_word' id='word_1_353' title='bbox 720 3009 745 3068; x_wconf 84' lang='lat'><strong>3,</strong></span> <span class='ocrx_word' id='word_1_354' title='bbox 775 3006 838 3065; x_wconf 90' lang='lat' dir='ltr'><strong>libri,</strong></span> <span class='ocrx_word' id='word_1_355' title='bbox 847 3006 889 3054; x_wconf 90' lang='lat' dir='ltr'><strong>ubi</strong></span> <span class='ocrx_word' id='word_1_356' title='bbox 899 3021 978 3054; x_wconf 86' lang='lat' dir='ltr'><strong>sensus</strong></span> <span class='ocrx_word' id='word_1_357' title='bbox 987 3010 1094 3055; x_wconf 67' lang='lat' dir='ltr'><strong>avocari</strong></span> <span class='ocrx_word' id='word_1_358' title='bbox 1104 3008 1231 3058; x_wconf 84' lang='lat' dir='ltr'><strong>desiderat:</strong></span> <span class='ocrx_word' id='word_1_359' title='bbox 1244 3011 1307 3060; x_wconf 89' lang='lat' dir='ltr'><strong>unde</strong></span> 
     </span>
     <span class='ocr_line' id='line_1_36' title="bbox 217 3066 1306 3136; baseline 0.002 -14"><span class='ocrx_word' id='word_1_360' title='bbox 217 3075 258 3129; x_wconf 81' lang='grc'><strong>37.</strong></span> <span class='ocrx_word' id='word_1_361' title='bbox 268 3076 387 3122; x_wconf 76' lang='lat' dir='ltr'><strong>licentiam</strong></span> <span class='ocrx_word' id='word_1_362' title='bbox 397 3089 465 3120; x_wconf 80' lang='lat' dir='ltr'><strong>mom</strong></span> <span class='ocrx_word' id='word_1_363' title='bbox 476 3075 554 3134; x_wconf 82' lang='lat' dir='ltr'><strong>mallo,</strong></span> <span class='ocrx_word' id='word_1_364' title='bbox 562 3088 633 3136; x_wconf 79' lang='lat' dir='ltr'><strong>quom</strong></span> <span class='ocrx_word' id='word_1_365' title='bbox 641 3075 747 3120; x_wconf 78' lang='lat' dir='ltr'><strong>amatam</strong></span> <span class='ocrx_word' id='word_1_366' title='bbox 776 3086 852 3134; x_wconf 90' lang='lat' dir='ltr'><strong>nuper</strong></span> <span class='ocrx_word' id='word_1_367' title='bbox 862 3066 965 3119; x_wconf 72' lang='lat' dir='ltr'><strong>Gaanero</strong></span> <span class='ocrx_word' id='word_1_368' title='bbox 974 3071 999 3119; x_wconf 90' lang='lat' dir='ltr'><strong>in</strong></span> <span class='ocrx_word' id='word_1_369' title='bbox 1017 3071 1087 3121; x_wconf 83' lang='lat' dir='ltr'><strong>Thes.</strong></span> <span class='ocrx_word' id='word_1_370' title='bbox 1100 3073 1130 3122; x_wconf 77' lang='lat'><strong>1..</strong></span> <span class='ocrx_word' id='word_1_371' title='bbox 1144 3074 1174 3122; x_wconf 90' lang='lat'><strong>1..</strong></span> <span class='ocrx_word' id='word_1_372' title='bbox 1184 3089 1232 3122; x_wconf 89' lang='lat' dir='ltr'><strong>non</strong></span> <span class='ocrx_word' id='word_1_373' title='bbox 1241 3076 1306 3125; x_wconf 82' lang='lat' dir='ltr'><strong>ride-</strong></span> 
     </span>
     <span class='ocr_line' id='line_1_37' title="bbox 207 3134 1306 3201; baseline 0.002 -15"><span class='ocrx_word' id='word_1_374' title='bbox 207 3140 356 3192; x_wconf 70' lang='lat' dir='ltr'><strong>,libertatem</strong></span> <span class='ocrx_word' id='word_1_375' title='bbox 389 3139 443 3186; x_wconf 84' lang='lat' dir='ltr'><strong>Sive</strong></span> <span class='ocrx_word' id='word_1_376' title='bbox 463 3140 493 3186; x_wconf 88' lang='lat' dir='ltr'><strong>ab</strong></span> <span class='ocrx_word' id='word_1_377' title='bbox 515 3140 549 3196; x_wconf 78' lang='grc' dir='ltr'><strong>τῷ</strong></span> <span class='ocrx_word' id='word_1_378' title='bbox 568 3139 649 3185; x_wconf 74' lang='lat' dir='ltr'><strong>omnia</strong></span> <span class='ocrx_word' id='word_1_379' title='bbox 670 3136 747 3185; x_wconf 81' lang='lat' dir='ltr'><strong>malis.</strong></span> <span class='ocrx_word' id='word_1_380' title='bbox 776 3138 846 3184; x_wconf 89' lang='lat' dir='ltr'><strong>batur</strong></span> <span class='ocrx_word' id='word_1_381' title='bbox 862 3134 988 3184; x_wconf 80' lang='lat' dir='ltr'><strong>admodum</strong></span> <span class='ocrx_word' id='word_1_382' title='bbox 1007 3137 1135 3201; x_wconf 78' lang='lat' dir='ltr'><strong>probabile,</strong></span> <span class='ocrx_word' id='word_1_383' title='bbox 1154 3139 1179 3188; x_wconf 87' lang='lat' dir='ltr'><strong>in</strong></span> <span class='ocrx_word' id='word_1_384' title='bbox 1196 3140 1306 3189; x_wconf 81' lang='lat' dir='ltr'><strong>omnibus</strong></span> 
     </span>
     <span class='ocr_line' id='line_1_38' title="bbox 216 3200 1306 3266; baseline 0.001 -14"><span class='ocrx_word' id='word_1_385' title='bbox 216 3203 302 3254; x_wconf 81' lang='lat' dir='ltr'><strong>Noster</strong></span> <span class='ocrx_word' id='word_1_386' title='bbox 309 3204 344 3250; x_wconf 82' lang='lat' dir='ltr'><strong>A.</strong></span> <span class='ocrx_word' id='word_1_387' title='bbox 354 3203 377 3262; x_wconf 92' lang='lat' dir='ltr'><strong>l,</strong></span> <span class='ocrx_word' id='word_1_388' title='bbox 389 3202 426 3249; x_wconf 92' lang='lat' dir='ltr'><strong>ll.</strong></span> <span class='ocrx_word' id='word_1_389' title='bbox 436 3216 506 3264; x_wconf 79' lang='lat' dir='ltr'><strong>quam</strong></span> <span class='ocrx_word' id='word_1_390' title='bbox 514 3201 748 3264; x_wconf 75' lang='lat' dir='ltr'><strong>sabjectumfortaaa</strong></span> <span class='ocrx_word' id='word_1_391' title='bbox 764 3201 813 3250; x_wconf 79' lang='lat' dir='ltr'><strong>his</strong></span> <span class='ocrx_word' id='word_1_392' title='bbox 823 3200 879 3250; x_wconf 90' lang='lat' dir='ltr'><strong>locis</strong></span> <span class='ocrx_word' id='word_1_393' title='bbox 889 3217 938 3249; x_wconf 79' lang='lat' dir='ltr'><strong>esse</strong></span> <span class='ocrx_word' id='word_1_394' title='bbox 947 3201 1031 3249; x_wconf 79' lang='lat' dir='ltr'><strong>sitium</strong></span> <span class='ocrx_word' id='word_1_395' title='bbox 1044 3203 1170 3266; x_wconf 73' lang='lat' dir='ltr'><strong>scripturae,</strong></span> <span class='ocrx_word' id='word_1_396' title='bbox 1180 3204 1306 3253; x_wconf 83' lang='lat' dir='ltr'><strong>rescriben-</strong></span> 
     </span>
     <span class='ocr_line' id='line_1_39' title="bbox 217 3265 1307 3334; baseline 0.002 -18"><span class='ocrx_word' id='word_1_397' title='bbox 217 3269 316 3330; x_wconf 67' lang='lat' dir='ltr'><strong>regent</strong></span> <span class='ocrx_word' id='word_1_398' title='bbox 329 3274 413 3316; x_wconf 64' lang='lat' dir='ltr'><strong>oranda</strong></span> <span class='ocrx_word' id='word_1_399' title='bbox 423 3281 490 3327; x_wconf 77' lang='lat' dir='ltr'><strong>onus,</strong></span> <span class='ocrx_word' id='word_1_400' title='bbox 502 3268 604 3329; x_wconf 76' lang='lat' dir='ltr'><strong>proinde</strong></span> <span class='ocrx_word' id='word_1_401' title='bbox 615 3269 640 3314; x_wconf 83' lang='lat' dir='ltr'><strong>in</strong></span> <span class='ocrx_word' id='word_1_402' title='bbox 652 3267 748 3314; x_wconf 81' lang='lat' dir='ltr'><strong>ciuitate</strong></span> <span class='ocrx_word' id='word_1_403' title='bbox 776 3265 881 3329; x_wconf 88' lang='lat' dir='ltr'><strong>dumque</strong></span> <span class='ocrx_word' id='word_1_404' title='bbox 888 3269 1003 3314; x_wconf 81' lang='lat' dir='ltr'><strong>aversari.</strong></span> <span class='ocrx_word' id='word_1_405' title='bbox 1019 3267 1192 3317; x_wconf 81' lang='lat' dir='ltr'><strong>Sedseieadum</strong></span> <span class='ocrx_word' id='word_1_406' title='bbox 1200 3269 1307 3334; x_wconf 87' lang='lat' dir='ltr'><strong>id,quod</strong></span> 
     </span>
     <span class='ocr_line' id='line_1_40' title="bbox 209 3329 1307 3399; baseline 0 -17"><span class='ocrx_word' id='word_1_407' title='bbox 209 3334 392 3382; x_wconf 78' lang='lat' dir='ltr'><strong>‚totillastrilua</strong></span> <span class='ocrx_word' id='word_1_408' title='bbox 401 3333 460 3382; x_wconf 79' lang='lat' dir='ltr'><strong>cirta</strong></span> <span class='ocrx_word' id='word_1_409' title='bbox 468 3333 568 3379; x_wconf 70' lang='lat' dir='ltr'><strong>saboim</strong></span> <span class='ocrx_word' id='word_1_410' title='bbox 578 3345 624 3379; x_wconf 80' lang='lat' dir='ltr'><strong>noa</strong></span> <span class='ocrx_word' id='word_1_411' title='bbox 632 3331 663 3378; x_wconf 84' lang='lat' dir='ltr'><strong>ad</strong></span> <span class='ocrx_word' id='word_1_412' title='bbox 674 3343 748 3378; x_wconf 74' lang='lat' dir='ltr'><strong>anum</strong></span> <span class='ocrx_word' id='word_1_413' title='bbox 776 3331 801 3378; x_wconf 89' lang='lat' dir='ltr'><strong>in</strong></span> <span class='ocrx_word' id='word_1_414' title='bbox 819 3329 953 3394; x_wconf 73' lang='lat' dir='ltr'><strong>prefatione</strong></span> <span class='ocrx_word' id='word_1_415' title='bbox 962 3331 1074 3390; x_wconf 82' lang='lat' dir='ltr'><strong>diximus,</strong></span> <span class='ocrx_word' id='word_1_416' title='bbox 1087 3347 1176 3391; x_wconf 88' lang='lat' dir='ltr'><strong>omnes,</strong></span> <span class='ocrx_word' id='word_1_417' title='bbox 1188 3349 1253 3399; x_wconf 85' lang='lat' dir='ltr'><strong>quoa</strong></span> <span class='ocrx_word' id='word_1_418' title='bbox 1264 3334 1307 3382; x_wconf 88' lang='lat' dir='ltr'><strong>ha-</strong></span> 
     </span>
     <span class='ocr_line' id='line_1_41' title="bbox 217 3392 1307 3461; baseline 0.002 -16"><span class='ocrx_word' id='word_1_419' title='bbox 217 3399 297 3445; x_wconf 80' lang='lat' dir='ltr'><strong>umala</strong></span> <span class='ocrx_word' id='word_1_420' title='bbox 313 3399 440 3461; x_wconf 66' lang='lat' dir='ltr'><strong>defirmat.</strong></span> <span class='ocrx_word' id='word_1_421' title='bbox 474 3395 635 3456; x_wconf 83' lang='lat' dir='ltr'><strong>Quintilianus</strong></span> <span class='ocrx_word' id='word_1_422' title='bbox 649 3395 709 3444; x_wconf 89' lang='lat' dir='ltr'><strong>Iust.</strong></span> <span class='ocrx_word' id='word_1_423' title='bbox 721 3392 746 3455; x_wconf 86' lang='grc'><strong>6,</strong></span> <span class='ocrx_word' id='word_1_424' title='bbox 776 3396 867 3452; x_wconf 63' lang='lat' dir='ltr'><strong>Mutus,</strong></span> <span class='ocrx_word' id='word_1_425' title='bbox 879 3395 953 3443; x_wconf 88' lang='lat' dir='ltr'>MSS.</span> <span class='ocrx_word' id='word_1_426' title='bbox 964 3395 1040 3444; x_wconf 84' lang='lat' dir='ltr'><strong>Taciti</strong></span> <span class='ocrx_word' id='word_1_427' title='bbox 1049 3396 1160 3446; x_wconf 81' lang='lat' dir='ltr'><strong>librosex</strong></span> <span class='ocrx_word' id='word_1_428' title='bbox 1171 3399 1307 3448; x_wconf 87' lang='lat' dir='ltr'><strong>unocodioc</strong></span> 
     </span>
     <span class='ocr_line' id='line_1_42' title="bbox 219 3458 1306 3526; baseline -0.004 -18"><span class='ocrx_word' id='word_1_429' title='bbox 219 3461 242 3522; x_wconf 90' lang='lat'><strong>1,</strong></span> <span class='ocrx_word' id='word_1_430' title='bbox 253 3461 295 3520; x_wconf 79' lang='lat'><strong>36,</strong></span> <span class='ocrx_word' id='word_1_431' title='bbox 305 3477 361 3510; x_wconf 82' lang='lat' dir='ltr'><strong>cum</strong></span> <span class='ocrx_word' id='word_1_432' title='bbox 371 3463 451 3510; x_wconf 80' lang='lat' dir='ltr'><strong>omnia</strong></span> <span class='ocrx_word' id='word_1_433' title='bbox 462 3477 526 3509; x_wconf 81' lang='lat' dir='ltr'><strong>carce</strong></span> <span class='ocrx_word' id='word_1_434' title='bbox 537 3463 660 3522; x_wconf 65' lang='lat' dir='ltr'><strong>tutelaeque</strong></span> <span class='ocrx_word' id='word_1_435' title='bbox 676 3462 748 3507; x_wconf 79' lang='lat' dir='ltr'><strong>antas</strong></span> <span class='ocrx_word' id='word_1_436' title='bbox 776 3460 880 3517; x_wconf 54' lang='lat' dir='ltr'><strong>fluxisse.</strong></span> <span class='ocrx_word' id='word_1_437' title='bbox 912 3458 982 3507; x_wconf 91' lang='lat' dir='ltr'><strong>Unde</strong></span> <span class='ocrx_word' id='word_1_438' title='bbox 1001 3469 1066 3508; x_wconf 88' lang='lat' dir='ltr'><strong>tanto</strong></span> <span class='ocrx_word' id='word_1_439' title='bbox 1086 3463 1162 3526; x_wconf 81' lang='lat' dir='ltr'><strong>magis</strong></span> <span class='ocrx_word' id='word_1_440' title='bbox 1178 3463 1232 3511; x_wconf 74' lang='lat' dir='ltr'><strong>talis</strong></span> <span class='ocrx_word' id='word_1_441' title='bbox 1250 3478 1306 3514; x_wconf 73' lang='lat' dir='ltr'><strong>aon.</strong></span> 
     </span>
     <span class='ocr_line' id='line_1_43' title="bbox 209 3522 1306 3591; baseline 0.004 -19"><span class='ocrx_word' id='word_1_442' title='bbox 209 3527 309 3580; x_wconf 66' lang='lat' dir='ltr'><strong>,tantae</strong></span> <span class='ocrx_word' id='word_1_443' title='bbox 322 3526 415 3575; x_wconf 76' lang='lat' dir='ltr'><strong>Gaort.</strong></span> <span class='ocrx_word' id='word_1_444' title='bbox 439 3526 539 3575; x_wconf 87' lang='lat' dir='ltr'><strong>Videtur</strong></span> <span class='ocrx_word' id='word_1_445' title='bbox 549 3527 657 3588; x_wconf 84' lang='lat' dir='ltr'><strong>probasse</strong></span> <span class='ocrx_word' id='word_1_446' title='bbox 667 3525 746 3572; x_wconf 83' lang='lat' dir='ltr'><strong>lectio·</strong></span> <span class='ocrx_word' id='word_1_447' title='bbox 776 3522 1050 3588; x_wconf 79' lang='lat' dir='ltr'><strong>sensusexisterepotuit.</strong></span> <span class='ocrx_word' id='word_1_448' title='bbox 1077 3525 1306 3591; x_wconf 73' lang='lat' dir='ltr'><strong>stcfl.2,51.opti-</strong></span> 
     </span>
     <span class='ocr_line' id='line_1_44' title="bbox 215 3588 1307 3652; baseline 0.002 -14"><span class='ocrx_word' id='word_1_449' title='bbox 215 3605 270 3640; x_wconf 91' lang='lat' dir='ltr'><strong>nem</strong></span> <span class='ocrx_word' id='word_1_450' title='bbox 290 3592 345 3640; x_wconf 89' lang='lat' dir='ltr'><strong>MS.</strong></span> <span class='ocrx_word' id='word_1_451' title='bbox 362 3591 426 3640; x_wconf 84' lang='lat' dir='ltr'><strong>Bud</strong></span> <span class='ocrx_word' id='word_1_452' title='bbox 444 3599 468 3640; x_wconf 90' lang='lat' dir='ltr'><strong>et</strong></span> <span class='ocrx_word' id='word_1_453' title='bbox 486 3589 537 3639; x_wconf 84' lang='lat' dir='ltr'><strong>cod</strong></span> <span class='ocrx_word' id='word_1_454' title='bbox 553 3589 680 3638; x_wconf 82' lang='lat' dir='ltr'><strong>Daneaiani</strong></span> <span class='ocrx_word' id='word_1_455' title='bbox 697 3603 746 3638; x_wconf 83' lang='lat' dir='ltr'><strong>om.</strong></span> <span class='ocrx_word' id='word_1_456' title='bbox 776 3589 810 3637; x_wconf 90' lang='lat' dir='ltr'><strong>mi</strong></span> <span class='ocrx_word' id='word_1_457' title='bbox 822 3588 876 3637; x_wconf 91' lang='lat' dir='ltr'><strong>libri</strong></span> <span class='ocrx_word' id='word_1_458' title='bbox 886 3589 1009 3636; x_wconf 80' lang='lat' dir='ltr'><strong>aduersam</strong></span> <span class='ocrx_word' id='word_1_459' title='bbox 1019 3603 1179 3652; x_wconf 68' lang='lat' dir='ltr'><strong>mouversam</strong></span> <span class='ocrx_word' id='word_1_460' title='bbox 1189 3592 1307 3640; x_wconf 87' lang='lat' dir='ltr'><strong>exhibent.</strong></span> 
     </span>
     <span class='ocr_line' id='line_1_45' title="bbox 216 3653 1308 3782; baseline -0.002 -12"><span class='ocrx_word' id='word_1_461' title='bbox 216 3653 746 3770; x_wconf 65' lang='lat' dir='ltr'><strong>tittltttttttltttttttt</strong></span> <span class='ocrx_word' id='word_1_462' title='bbox 775 3653 1308 3782; x_wconf 52' lang='lat' dir='ltr'><strong>mathildim?</strong></span> 
     </span>
     <span class='ocr_line' id='line_1_46' title="bbox 215 3736 1307 3851; baseline 0.001 -17"><span class='ocrx_word' id='word_1_463' title='bbox 215 3785 300 3849; x_wconf 86' lang='lat' dir='ltr'><strong>cupide</strong></span> <span class='ocrx_word' id='word_1_464' title='bbox 316 3786 432 3850; x_wconf 82' lang='lat' dir='ltr'><strong>arripuere</strong></span> <span class='ocrx_word' id='word_1_465' title='bbox 451 3736 589 3848; x_wconf 74' lang='lat' dir='ltr'><strong>scripiuram</strong></span> <span class='ocrx_word' id='word_1_466' title='bbox 611 3781 666 3832; x_wconf 89' lang='lat' dir='ltr'><strong>MS.</strong></span> <span class='ocrx_word' id='word_1_467' title='bbox 683 3781 746 3832; x_wconf 82' lang='lat' dir='ltr'><strong>Flor.</strong></span> <span class='ocrx_word' id='word_1_468' title='bbox 775 3783 845 3831; x_wconf 82' lang='lat' dir='ltr'><strong>ceteri</strong></span> <span class='ocrx_word' id='word_1_469' title='bbox 854 3783 908 3831; x_wconf 88' lang='lat' dir='ltr'><strong>libri</strong></span> <span class='ocrx_word' id='word_1_470' title='bbox 915 3797 995 3831; x_wconf 86' lang='lat' dir='ltr'><strong>omnes</strong></span> <span class='ocrx_word' id='word_1_471' title='bbox 1004 3785 1135 3833; x_wconf 67' lang='grc' dir='ltr'><strong>αᾶυιηαή.</strong></span> <span class='ocrx_word' id='word_1_472' title='bbox 1158 3786 1243 3851; x_wconf 79' lang='lat' dir='ltr'><strong>Neque</strong></span> <span class='ocrx_word' id='word_1_473' title='bbox 1252 3757 1307 3835; x_wconf 79' lang='lat' dir='ltr'><strong>verti</strong></span> 
     </span>
     <span class='ocr_line' id='line_1_47' title="bbox 216 3847 1307 3915; baseline 0.003 -17"><span class='ocrx_word' id='word_1_474' title='bbox 216 3865 310 3898; x_wconf 78' lang='lat' dir='ltr'><strong>omnem</strong></span> <span class='ocrx_word' id='word_1_475' title='bbox 323 3851 529 3913; x_wconf 60' lang='lat' dir='ltr'><strong>potentiamque</strong></span> <span class='ocrx_word' id='word_1_476' title='bbox 543 3857 567 3896; x_wconf 85' lang='lat' dir='ltr'><strong>et</strong></span> <span class='ocrx_word' id='word_1_477' title='bbox 580 3849 605 3896; x_wconf 91' lang='lat' dir='ltr'><strong>in</strong></span> <span class='ocrx_word' id='word_1_478' title='bbox 619 3848 655 3896; x_wconf 87' lang='lat' dir='ltr'><strong>ed.</strong></span> <span class='ocrx_word' id='word_1_479' title='bbox 665 3863 701 3910; x_wconf 89' lang='lat' dir='ltr'><strong>pr.</strong></span> <span class='ocrx_word' id='word_1_480' title='bbox 710 3863 746 3896; x_wconf 87' lang='lat' dir='ltr'><strong>re.</strong></span> <span class='ocrx_word' id='word_1_481' title='bbox 776 3847 1307 3915; x_wconf 81' lang='lat' dir='ltr'><strong>exulloulioscriptoreantiquoexemplapm·</strong></span> 
     </span>
     <span class='ocr_line' id='line_1_48' title="bbox 211 3911 1306 3992; baseline 0.001 -28"><span class='ocrx_word' id='word_1_482' title='bbox 211 3915 320 3992; x_wconf 74' lang='lat' dir='ltr'><strong>perituri</strong></span> <span class='ocrx_word' id='word_1_483' title='bbox 339 3913 603 3990; x_wconf 28' lang='lat' dir='ltr'><strong>quosegonontimitor.</strong></span> <span class='ocrx_word' id='word_1_484' title='bbox 631 3912 747 3968; x_wconf 81' lang='lat' dir='ltr'><strong>Latinitas</strong></span> <span class='ocrx_word' id='word_1_485' title='bbox 775 3911 833 3987; x_wconf 77' lang='lat' dir='ltr'><strong>ferri</strong></span> <span class='ocrx_word' id='word_1_486' title='bbox 845 3912 1032 3976; x_wconf 82' lang='lat' dir='ltr'><strong>potuemnt,ubi</strong></span> <span class='ocrx_word' id='word_1_487' title='bbox 1047 3912 1101 3962; x_wconf 86' lang='lat' dir='ltr'><strong>libri</strong></span> <span class='ocrx_word' id='word_1_488' title='bbox 1112 3929 1192 3992; x_wconf 69' lang='lat' dir='ltr'><strong>onmes</strong></span> <span class='ocrx_word' id='word_1_489' title='bbox 1207 3915 1241 3964; x_wconf 80' lang='lat' dir='ltr'><strong>ita</strong></span> <span class='ocrx_word' id='word_1_490' title='bbox 1250 3931 1306 3965; x_wconf 84' lang='lat' dir='ltr'><strong>aon·</strong></span> 
     </span>
     <span class='ocr_line' id='line_1_49' title="bbox 216 3976 1306 4106; baseline 0.003 -13"><span class='ocrx_word' id='word_1_491' title='bbox 216 3978 747 4105; x_wconf 41' lang='lat' dir='ltr'><strong>pptfflpeppugegpppappqpecmoppppgrpg</strong></span> <span class='ocrx_word' id='word_1_492' title='bbox 776 3976 1306 4106; x_wconf 43' lang='lat' dir='ltr'><strong>wthospdmapaepipipmffippmpg</strong></span> 
     </span>
     <span class='ocr_line' id='line_1_50' title="bbox 215 4107 1307 4174; baseline 0.001 -16"><span class='ocrx_word' id='word_1_493' title='bbox 215 4109 278 4174; x_wconf 92' lang='lat' dir='ltr'><strong>quod</strong></span> <span class='ocrx_word' id='word_1_494' title='bbox 294 4108 346 4172; x_wconf 86' lang='lat' dir='ltr'><strong>lege</strong></span> <span class='ocrx_word' id='word_1_495' title='bbox 364 4117 406 4156; x_wconf 90' lang='lat' dir='ltr'><strong>aut</strong></span> <span class='ocrx_word' id='word_1_496' title='bbox 425 4108 487 4157; x_wconf 80' lang='lat' dir='ltr'><strong>scu</strong></span> <span class='ocrx_word' id='word_1_497' title='bbox 507 4107 602 4156; x_wconf 86' lang='lat' dir='ltr'><strong>lactum.</strong></span> <span class='ocrx_word' id='word_1_498' title='bbox 635 4108 744 4156; x_wconf 81' lang='lat' dir='ltr'><strong>Potestas</strong></span> <span class='ocrx_word' id='word_1_499' title='bbox 777 4107 900 4153; x_wconf 74' lang='lat' dir='ltr'><strong>adversari</strong></span> <span class='ocrx_word' id='word_1_500' title='bbox 910 4107 1177 4172; x_wconf 74' lang='lat' dir='ltr'><strong>ocmnereinplurimis</strong></span> <span class='ocrx_word' id='word_1_501' title='bbox 1186 4110 1254 4160; x_wconf 89' lang='lat' dir='ltr'><strong>codd.</strong></span> <span class='ocrx_word' id='word_1_502' title='bbox 1265 4111 1307 4158; x_wconf 84' lang='lat' dir='ltr'><strong>ubi</strong></span> 
     </span>
     <span class='ocr_line' id='line_1_51' title="bbox 216 4169 1308 4238; baseline 0.001 -18"><span class='ocrx_word' id='word_1_503' title='bbox 216 4175 345 4238; x_wconf 71' lang='lat' dir='ltr'><strong>confinur,</strong></span> <span class='ocrx_word' id='word_1_504' title='bbox 359 4187 406 4222; x_wconf 88' lang='lat' dir='ltr'><strong>non</strong></span> <span class='ocrx_word' id='word_1_505' title='bbox 417 4174 533 4237; x_wconf 81' lang='lat' dir='ltr'><strong>potentia,</strong></span> <span class='ocrx_word' id='word_1_506' title='bbox 545 4187 598 4236; x_wconf 81' lang='lat' dir='ltr'><strong>quae</strong></span> <span class='ocrx_word' id='word_1_507' title='bbox 609 4171 640 4232; x_wconf 85' lang='lat' dir='ltr'><strong>vi,</strong></span> <span class='ocrx_word' id='word_1_508' title='bbox 654 4169 743 4230; x_wconf 85' lang='lat' dir='ltr'><strong>fraude,</strong></span> <span class='ocrx_word' id='word_1_509' title='bbox 776 4171 882 4229; x_wconf 79' lang='lat' dir='ltr'><strong>meliores</strong></span> <span class='ocrx_word' id='word_1_510' title='bbox 890 4170 946 4219; x_wconf 87' lang='lat' dir='ltr'><strong>iibri</strong></span> <span class='ocrx_word' id='word_1_511' title='bbox 956 4171 1057 4220; x_wconf 82' lang='lat' dir='ltr'><strong>habeant</strong></span> <span class='ocrx_word' id='word_1_512' title='bbox 1070 4176 1185 4238; x_wconf 78' lang='lat' dir='ltr'><strong>aocraart.</strong></span> <span class='ocrx_word' id='word_1_513' title='bbox 1197 4191 1219 4223; x_wconf 88' lang='lat' dir='ltr'><strong>v.</strong></span> <span class='ocrx_word' id='word_1_514' title='bbox 1231 4174 1308 4222; x_wconf 78' lang='lat' dir='ltr'><strong>Drah.</strong></span> 
     </span>
     <span class='ocr_line' id='line_1_52' title="bbox 217 4234 1307 4304; baseline 0.001 -18"><span class='ocrx_word' id='word_1_515' title='bbox 217 4237 312 4304; x_wconf 80' lang='lat' dir='ltr'><strong>aliisque</strong></span> <span class='ocrx_word' id='word_1_516' title='bbox 328 4238 404 4286; x_wconf 87' lang='lat' dir='ltr'><strong>modis</strong></span> <span class='ocrx_word' id='word_1_517' title='bbox 416 4243 530 4300; x_wconf 81' lang='lat' dir='ltr'><strong>paratur.</strong></span> <span class='ocrx_word' id='word_1_518' title='bbox 562 4237 744 4294; x_wconf 52' lang='lat' dir='ltr'><strong>&amp;natumiu-</strong></span> <span class='ocrx_word' id='word_1_519' title='bbox 777 4234 873 4284; x_wconf 78' lang='lat' dir='ltr'><strong>adbiv.</strong></span> <span class='ocrx_word' id='word_1_520' title='bbox 886 4236 911 4296; x_wconf 88' lang='lat'><strong>8,</strong></span> <span class='ocrx_word' id='word_1_521' title='bbox 925 4235 949 4291; x_wconf 82' lang='grc'><strong>7.</strong></span> <span class='ocrx_word' id='word_1_522' title='bbox 981 4237 1136 4286; x_wconf 65' lang='lat' dir='ltr'><strong>stromat</strong></span> <span class='ocrx_word' id='word_1_523' title='bbox 1150 4239 1307 4294; x_wconf 64' lang='lat' dir='ltr'><strong>paulato.</strong></span> 
     </span>
     <span class='ocr_line' id='line_1_53' title="bbox 211 4299 1306 4366; baseline 0.002 -16"><span class='ocrx_word' id='word_1_524' title='bbox 211 4304 371 4364; x_wconf 73' lang='lat' dir='ltr'><strong>gistratum,</strong></span> <span class='ocrx_word' id='word_1_525' title='bbox 383 4305 462 4362; x_wconf 75' lang='lat' dir='ltr'><strong>legam</strong></span> <span class='ocrx_word' id='word_1_526' title='bbox 473 4303 556 4350; x_wconf 79' lang='lat' dir='ltr'><strong>marta</strong></span> <span class='ocrx_word' id='word_1_527' title='bbox 565 4310 631 4350; x_wconf 83' lang='lat' dir='ltr'><strong>vocat</strong></span> <span class='ocrx_word' id='word_1_528' title='bbox 640 4301 707 4348; x_wconf 91' lang='lat' dir='ltr'><strong>Anu.</strong></span> <span class='ocrx_word' id='word_1_529' title='bbox 721 4301 743 4360; x_wconf 93' lang='lat' dir='ltr'><strong>l,</strong></span> <span class='ocrx_word' id='word_1_530' title='bbox 777 4300 841 4349; x_wconf 78' lang='lat' dir='ltr'><strong>cort</strong></span> <span class='ocrx_word' id='word_1_531' title='bbox 852 4299 882 4348; x_wconf 90' lang='lat' dir='ltr'><strong>ad</strong></span> <span class='ocrx_word' id='word_1_532' title='bbox 893 4300 950 4350; x_wconf 77' lang='lat' dir='ltr'><strong>Sall.</strong></span> <span class='ocrx_word' id='word_1_533' title='bbox 961 4301 1019 4364; x_wconf 81' lang='lat' dir='ltr'><strong>Jug.</strong></span> <span class='ocrx_word' id='word_1_534' title='bbox 1031 4303 1070 4350; x_wconf 84' lang='grc'><strong>93.</strong></span> <span class='ocrx_word' id='word_1_535' title='bbox 1087 4301 1127 4352; x_wconf 88' lang='lat' dir='ltr'><strong>Sic</strong></span> <span class='ocrx_word' id='word_1_536' title='bbox 1137 4303 1203 4366; x_wconf 78' lang='lat' dir='ltr'><strong>virg.</strong></span> <span class='ocrx_word' id='word_1_537' title='bbox 1213 4303 1269 4351; x_wconf 85' lang='lat' dir='ltr'><strong>AEn.</strong></span> <span class='ocrx_word' id='word_1_538' title='bbox 1279 4306 1306 4364; x_wconf 76' lang='lat'><strong>4,</strong></span> 
     </span>
     <span class='ocr_line' id='line_1_54' title="bbox 217 4365 1306 4431; baseline 0.003 -17"><span class='ocrx_word' id='word_1_539' title='bbox 217 4366 300 4416; x_wconf 58' lang='lat' dir='ltr'><strong>that:</strong></span> <span class='ocrx_word' id='word_1_540' title='bbox 314 4376 349 4416; x_wconf 80' lang='lat' dir='ltr'><strong>cat</strong></span> <span class='ocrx_word' id='word_1_541' title='bbox 382 4373 473 4428; x_wconf 59' lang='lat' dir='ltr'><strong>matos,</strong></span> <span class='ocrx_word' id='word_1_542' title='bbox 490 4381 537 4415; x_wconf 90' lang='lat' dir='ltr'><strong>non</strong></span> <span class='ocrx_word' id='word_1_543' title='bbox 548 4367 665 4429; x_wconf 80' lang='lat' dir='ltr'><strong>potentia.</strong></span> <span class='ocrx_word' id='word_1_544' title='bbox 697 4365 744 4414; x_wconf 87' lang='lat' dir='ltr'><strong>Jas</strong></span> <span class='ocrx_word' id='word_1_545' title='bbox 779 4365 920 4413; x_wconf 74' lang='lat' dir='ltr'><strong>tuomum</strong></span> <span class='ocrx_word' id='word_1_546' title='bbox 937 4365 1096 4430; x_wconf 81' lang='lat' dir='ltr'><strong>scuptrhbn,</strong></span> <span class='ocrx_word' id='word_1_547' title='bbox 1115 4369 1247 4416; x_wconf 77' lang='lat' dir='ltr'><strong>adverteret</strong></span> <span class='ocrx_word' id='word_1_548' title='bbox 1263 4384 1306 4431; x_wconf 86' lang='lat' dir='ltr'><strong>pro</strong></span> 
     </span>
     <span class='ocr_line' id='line_1_55' title="bbox 218 4384 1308 4496; baseline 0.003 -18"><span class='ocrx_word' id='word_1_549' title='bbox 218 4439 265 4480; x_wconf 85' lang='lat' dir='ltr'><strong>erat</strong></span> <span class='ocrx_word' id='word_1_550' title='bbox 281 4384 388 4492; x_wconf 78' lang='lat' dir='ltr'><strong>faciendi,</strong></span> <span class='ocrx_word' id='word_1_551' title='bbox 407 4447 460 4496; x_wconf 78' lang='lat' dir='ltr'><strong>que</strong></span> <span class='ocrx_word' id='word_1_552' title='bbox 470 4430 612 4487; x_wconf 75' lang='lat' dir='ltr'><strong>siderentur,</strong></span> <span class='ocrx_word' id='word_1_553' title='bbox 624 4429 650 4478; x_wconf 89' lang='lat' dir='ltr'><strong>h.</strong></span> <span class='ocrx_word' id='word_1_554' title='bbox 666 4445 688 4480; x_wconf 87' lang='lat' dir='ltr'><strong>e.</strong></span> <span class='ocrx_word' id='word_1_555' title='bbox 700 4445 745 4493; x_wconf 79' lang='lat' dir='ltr'><strong>po·</strong></span> <span class='ocrx_word' id='word_1_556' title='bbox 777 4435 900 4478; x_wconf 65' lang='lat' dir='ltr'><strong>asennec.</strong></span> <span class='ocrx_word' id='word_1_557' title='bbox 911 4431 953 4478; x_wconf 91' lang='lat' dir='ltr'><strong>ubi</strong></span> <span class='ocrx_word' id='word_1_558' title='bbox 963 4446 986 4479; x_wconf 82' lang='lat' dir='ltr'><strong>v.</strong></span> <span class='ocrx_word' id='word_1_559' title='bbox 997 4429 1080 4478; x_wconf 85' lang='lat' dir='ltr'><strong>Heius.</strong></span> <span class='ocrx_word' id='word_1_560' title='bbox 1089 4432 1204 4480; x_wconf 86' lang='lat' dir='ltr'><strong>etBusm.</strong></span> <span class='ocrx_word' id='word_1_561' title='bbox 1223 4433 1308 4496; x_wconf 87' lang='lat' dir='ltr'><strong>ltaque</strong></span> 
     </span>
     <span class='ocr_line' id='line_1_56' title="bbox 218 4493 1309 4561; baseline 0.004 -19"><span class='ocrx_word' id='word_1_562' title='bbox 218 4501 309 4557; x_wconf 55' lang='lat' dir='ltr'><strong>tettan,</strong></span> <span class='ocrx_word' id='word_1_563' title='bbox 327 4497 410 4561; x_wconf 84' lang='lat' dir='ltr'><strong>ipsum</strong></span> <span class='ocrx_word' id='word_1_564' title='bbox 421 4495 537 4560; x_wconf 85' lang='lat' dir='ltr'><strong>epitheton</strong></span> <span class='ocrx_word' id='word_1_565' title='bbox 548 4497 625 4544; x_wconf 77' lang='lat' dir='ltr'><strong>omnis</strong></span> <span class='ocrx_word' id='word_1_566' title='bbox 640 4494 746 4560; x_wconf 76' lang='lat' dir='ltr'><strong>potestati</strong></span> <span class='ocrx_word' id='word_1_567' title='bbox 779 4493 846 4543; x_wconf 79' lang='lat' dir='ltr'><strong>creto</strong></span> <span class='ocrx_word' id='word_1_568' title='bbox 860 4509 914 4542; x_wconf 87' lang='lat' dir='ltr'><strong>cum</strong></span> <span class='ocrx_word' id='word_1_569' title='bbox 933 4495 1013 4544; x_wconf 88' lang='lat' dir='ltr'><strong>eodem</strong></span> <span class='ocrx_word' id='word_1_570' title='bbox 1030 4495 1148 4544; x_wconf 67' lang='lat' dir='ltr'><strong>stakenb.</strong></span> <span class='ocrx_word' id='word_1_571' title='bbox 1160 4504 1184 4544; x_wconf 91' lang='lat' dir='ltr'><strong>et</strong></span> <span class='ocrx_word' id='word_1_572' title='bbox 1199 4497 1309 4546; x_wconf 87' lang='lat' dir='ltr'><strong>Oudend.</strong></span> 
     </span>
    </p>
   </div>
   <div class='ocr_carea' id='block_1_4' title="bbox 0 0 1534 4975">
    <p class='ocr_par' dir='ltr' id='par_1_4' title="bbox 0 0 1534 4975">
     <span class='ocr_line' id='line_1_57' title="bbox 0 0 1534 4975; baseline 0 0"><span class='ocrx_word' id='word_1_573' title='bbox 0 0 1534 4975; x_wconf 95' lang='lat' dir='ltr'><strong> </strong></span> 
     </span>
    </p>
   </div>
  </div>
 </body>
</html>
