3059 4975
179 236 238 293 148
554 228 857 289 aisrouiaauiu
1081 234 1253 307 [casas.

181 396 345 463 Cornelius
364 395 495 474 Fuscus,
513 394 621 481 vigens
643 406 746 472 aetate,
768 394 858 459 claris
879 394 1052 460 natalibus:
1082 398 1185 485 prima
1203 400 1256 485 ju-

181 495 285 559 venta,
328 483 420 547 uietis
439 480 597 569 cupidine,
621 481 818 547 Senatorium
841 480 981 545 ordinem
1001 495 1147 550 exuerat:
1173 484 1254 547 idem

183 593 242 657 pro
268 506 372 633 Gilia
395 571 472 633 Dux
501 567 630 632 coloniae
656 591 732 645 suae,
757 590 855 653 eaque
879 589 974 653 opera
997 569 1253 634 Procurationem

183 655 327 741 adeptus,
342 653 491 741 susceptis
501 653 682 740 Vespasiani
695 653 848 739 partibus,
864 653 1043 717 acerrimam
1057 654 1140 719 bello
1154 655 1254 719 facem

208 739 341 805 raetulit:
363 763 427 805 non
442 754 505 803 tam
520 738 656 825 praemiis
674 739 894 825 periculorum,
909 762 1004 825 quam
1022 739 1096 827 ipsis
1110 740 1257 827 periculis

184 765 293 892 lietus:
325 849 384 913 pro
405 825 497 890 certis
517 839 549 888 et
573 824 649 889 olim
680 823 787 910 partis,
810 846 902 903 nova,
928 825 1087 911 ambigua,
1111 826 1258 913 ancipitia

185 912 328 977 malebat.
363 910 465 998 Igitur
480 932 604 975 movere
617 923 648 974 et
662 921 802 997 quatere,
817 909 973 1009 quidquid
988 934 1025 975 us
1049 934 1120 975 uam
1136 934 1257 999 aegrum

185 998 278 1077 foret,
299 996 534 1083 adgrediuntur.
582 995 712 1084 Scriptae
732 996 765 1058 in
787 996 981 1061 Britanniam
1001 935 1258 1083 adquartadeci·

186 1106 306 1162 manos,
327 1083 361 1146 iu
381 1082 566 1169 Hispaniam
589 1081 630 1145 ad
650 1081 807 1169 primanos
869 1081 986 1156 istola:
1017 1083 1103 1168 quod
1125 1097 1259 1169 utraque

187 1170 270 1256 legio
294 1191 353 1257 pro
375 1169 511 1246 Othone,
537 1167 669 1231 adversa
689 1164 815 1230 Vitellio
829 1104 959 1230 Viierat:
990 1181 1182 1255 sparguntur
1203 1191 1259 1255 per

189 1254 308 1320 Gallias
318 1253 445 1319 litterae:
462 1264 680 1338 momentoque
691 1251 838 1349 temporis
850 1251 1003 1337 flagrabat
1012 1252 1121 1352 ingens
1131 1254 1258 1331 bellum,

187 1340 323 1428 Illyricis
349 1338 535 1418 exercitibus
563 1337 666 1424 palam
690 1336 942 1418 desciscentibus,
966 1351 1075 1403 ceteris
1099 1338 1260 1403 fortunam

190 1427 351 1491 secuturis.

234 1511 444 1575 LXXXVII.
468 1514 557 1577 Dum
580 1512 647 1576 haec
665 1535 722 1599 per
735 1512 909 1599 provincias
924 1536 943 1576 a
958 1511 1146 1600 Vespasiano
1163 1512 1261 1577 Duci-

186 1599 311 1685 busque
331 1596 470 1683 partium
491 1611 656 1685 geruntur,
680 1598 822 1662 Vitellius
844 1598 1050 1684 contemptior
1071 1599 1103 1661 iu
1126 1598 1191 1662 dies
1216 1622 1260 1661 se-

188 1682 351 1769 gniorque,
377 1681 418 1746 ad
439 1706 545 1748 omnes
571 1683 812 1770 municipiorum
834 1683 1042 1768 villarumque
1067 1684 1260 1747 amoenitates

99 1788 103 1793 ’
188 1768 343 1848 resistens,
373 1770 461 1854 gravi
490 1771 600 1834 urbem
629 1768 752 1855 agmine
781 1769 923 1855 petebat*
968 1766 1138 1855 Sexaginta
1164 1768 1261 1832 millia

189 1867 381 1919 armatorum
396 1856 615 1941 sequebantur,
632 1855 754 1919 licentia
768 1868 936 1941 conrupta:
954 1852 1097 1917 calonum
1111 1876 1262 1918 numerus

189 1938 339 2026 amplior:
367 1940 589 2026 procacissimis
610 1941 701 2004 etiam
724 1940 805 2004 inter
827 1962 930 2003 servos
953 1938 1088 2003 lixarum
1109 1939 1258 2026 ingeniis:

189 2037 239 2090 tot
260 2026 451 2112 legatorum
474 2026 643 2089 amicorum
668 2048 707 2089 ue
725 2024 900 2103 comitatus,
923 2024 1068 2089 inhabilis
1090 2024 1131 2089 ad
1152 2047 1262 2111 paren-

189 2110 278 2189 dum,
298 2112 391 2175 etiam
414 2112 439 2175 si
461 2134 583 2176 summa
601 2134 633 2175 m
676 2112 753 2175 estia
771 2134 804 2175 re
826 2125 938 2175 eretur.
983 2111 1164 2175 Onerabant
1182 2110 1262 2175 mul-

190 2195 356 2262 titudinem
370 2198 454 2262 obvii
465 2220 504 2260 ex
518 2197 598 2272 urbe
613 2199 775 2261 Senatores
787 2134 1000 2282 quuitesque:
1021 2196 1151 2282 quidam
1167 2210 1262 2273 metu,

190 2281 282 2347 multi
304 2305 361 2368 per
382 2281 602 2360 adulationem,
626 2282 719 2346 ceteri
740 2305 777 2346 ac
802 2281 963 2368 paullatim
984 2302 1101 2359 omnes,
1122 2302 1172 2359 ne,
1195 2281 1262 2345 aliis

214 2366 468 2445 roliciscentibus‚
492 2367 553 2455 ipsi
581 2380 783 2455 remanerent.
830 2366 1096 2454 Adgregabantur
1116 2390 1134 2430 e
1159 2365 1261 2464 plebe,

190 2392 343 2540 lagitiosa
371 2476 428 2539 per
450 2452 600 2542 obsequia
625 2453 750 2519 Vitellio
775 2452 901 2541 cogniti,
932 2475 1057 2535 scurrae‚
1087 2452 1260 2530 histriones,

191 2539 321 2627 aurigae,
335 2540 451 2626 quibus
472 2539 523 2604 ille
537 2539 743 2604 amicitiarum
757 2538 1038 2604 dehonestamentis
1053 2540 1130 2602 mire
1145 2540 1263 2636 gaude-

190 2625 254 2690 bat.
299 2627 367 2690 Nec
381 2625 509 2690 coloniae
531 2625 635 2704 modo,
650 2638 706 2690 aut
725 2624 904 2712 municipia,
921 2638 1069 2710 congestu
1089 2647 1260 2710 copiarum,

223 2805 508 2868 Prlmlauentaquictit
516 2806 637 2869 cupidine]
654 2805 709 2853 Nou
742 2814 824 2868 gaium
841 2813 900 2852 stare
914 2811 998 2867 potest.
1033 2801 1263 2866 Aprimaaetatead

191 2883 246 2918 rane
257 2870 331 2934 quieti
347 2870 466 2918 hominem
481 2870 657 2934 ingeniifuisse,
674 2884 711 2917 sc·
742 2868 915 2933 provectiorem.
930 2876 1032 2915 mutasse
1053 2876 1155 2914 mentem
1174 2867 1264 2914 Fuscus

191 2935 287 2998 quentia
297 2935 429 2984 ostendunt.
465 2935 654 2998 Itaquellmtius
670 2948 711 2982 vo·
743 2933 841 2992 ridetur,
853 2941 977 2996 postquam
985 2930 1265 2995 aliquamdiuincolonia

191 2998 255 3046 lebat
269 3000 318 3062 legi
333 3007 434 3062 quartur
449 3001 566 3062 cupidine,
582 2999 665 3047 collato
675 2998 711 3046 A.
743 2999 816 3046 vitam
830 3005 914 3060 egerat.
1188 2994 1193 3034 l
1214 3033 1216 3038 .

194 3063 234 3121 it,
248 3063 286 3119 17.
320 3065 397 3123 Meta,
410 3067 492 3126 quibas
502 3065 712 3112 GcllmctScaecc
777 3064 838 3109 Dua
849 3061 1013 3124 calculatae]
1038 3060 1184 3124 Rycliiusex
1196 3060 1261 3107 Plut.

188 3130 327 3190 parentibus
335 3135 413 3187 actua
419 3128 713 3191 petitionelioaorumaia·
746 3125 823 3174 Galba
835 3127 859 3172 6.
880 3127 1001 3174 Coloniam
1017 3125 1129 3190 oppidum
1143 3124 1265 3188 Hispania

193 3194 298 3239 tinacrat
311 3196 710 3254 permabitioaempraeposteramr
745 3189 793 3238 huc
810 3190 897 3246 traxit:
922 3189 962 3238 sed
982 3189 1015 3238 ibi
1037 3191 1120 3239 rectius
1143 3189 1265 3252 Xylander

193 3261 221 3303 at
233 3257 442 3316 EquesRomoaas
455 3257 623 3305 casuarium
629 3262 713 3316 potec-
748 3256 861 3302 Clanium
875 3254 990 3319 reposuit:
1009 3254 1069 3303 hanc
1085 3255 1159 3318 ipsam
1174 3253 1212 3300 hic
1228 3253 1264 3298 in-

193 3322 228 3367 aa
250 3327 393 3382 aequaretur,
414 3323 487 3368 simul
507 3321 653 3382 acquirenda
671 3335 713 3382 pc-
746 3319 821 3383 :elligi
836 3320 960 3367 arbitratur
971 3319 1099 3368 Broterius.
1135 3317 1265 3366 Pronomen

193 3385 270 3432 cualae
281 3387 374 3432 nevius
389 3387 435 3434 iter
446 3386 551 3432 credebat
562 3400 607 3447 per
619 3387 713 3432 Proca·
747 3400 796 3432 succ
807 3393 938 3448 suspectum
949 3392 983 3430 est
992 3382 1133 3446 Bipontinis.

194 3450 306 3509 rationes,
315 3451 510 3499 administrandis
519 3451 645 3512 Principis
655 3464 712 3509 ueg-
779 3451 865 3510 Igitur
875 3462 967 3495 movere
977 3449 1033 3512 etc]
1059 3445 1118 3494 Haec
1131 3462 1179 3495 non
1194 3445 1265 3510 perti-

194 3515 259 3560 ottls.
291 3514 369 3562 Simili
390 3514 515 3563 decausis
530 3515 571 3562 alii
593 3513 714 3561 inordina
747 3523 804 3560 nent
820 3512 851 3560 ad
869 3512 945 3560 solum
960 3511 1071 3571 Fuscum,
1090 3510 1130 3558 sed
1146 3511 1176 3558 ad
1187 3510 1266 3558 Duces

194 3575 306 3641 Equestri
319 3595 472 3641 permansere,
489 3587 516 3626 ut
531 3579 634 3626 Atticus.
668 3577 715 3626 Sed
747 3577 901 3640 Vespasiani:
918 3575 1046 3640 quodcum
1062 3575 1265 3623 nonanimadver-

194 3648 273 3689 tanien
281 3645 418 3703 qaietianon
426 3643 562 3692 tentandum
570 3655 635 3706 puto.
649 3643 713 3690 Nam
748 3651 841 3701 teretur,
851 3641 940 3688 editum
951 3638 1267 3702 aggredituraBeroaldoet

195 3705 238 3754 iste
248 3706 338 3754 Fuscus
348 3723 390 3756 nec
400 3708 536 3772 negotiator,
547 3721 589 3754 nec
599 3707 713 3754 Procura·
747 3721 813 3770 seqq.
827 3705 992 3762 (Alc..Rhen.)
1003 3719 1077 3768 usque
1088 3703 1118 3751 ad
1129 3703 1264 3752 Pichenam.

194 3769 320 3828 totiacus,
328 3787 383 3820 cum
390 3773 477 3821 Senatu
484 3771 575 3829 abisset,
584 3786 626 3818 nec
631 3770 712 3834 petiit:
747 3771 934 3832 Aggrediaatur
944 3767 1014 3816 etiam
1025 3769 1099 3818 MSS.
1110 3768 1191 3816 Guelf.
1205 3768 1265 3830 Reg.

195 3833 237 3881 red
258 3833 283 3881 in
302 3835 391 3884 colonia
406 3853 449 3884 sua
463 3838 522 3884 vixit
536 3835 638 3899 quietus,
655 3835 713 3882 dum
748 3835 817 3882 Bodl.
831 3834 899 3882 Harl.
910 3833 962 3881 edd.
973 3848 1009 3896 pr.
1019 3833 1113 3882 Puteal.
1131 3833 1203 3882 Eur.
1228 3833 1267 3880 Sic

196 3898 630 3950 motusadversusNeronemortusest.
646 3899 715 3949 Bella
748 3899 812 3948 rior.
824 3898 888 3947 Bud.
901 3897 990 3961 Regius
1003 3897 1064 3946 hall.

196 3961 273 4010 civilia
281 3963 399 4013 homiuem
410 3975 535 4015 muniere.
569 3963 631 4012 Mox
641 3965 713 4012 ident-
783 3963 1267 4012 Proccctatmtrettaminterserantur-

197 4042 241 4088 με
257 4027 338 4076 Guell.
354 4028 407 4076 edd.
424 4029 515 4077 Puteal.
532 4029 641 4078 Beroald.
656 4030 713 4077 Alc.
747 4045 804 4076 runi
815 4027 928 4090 ingentia]
946 4027 1131 4076 Freinshemium
1141 4033 1267 4074 tentantem

197 4090 275 4140 Iidn
288 4099 312 4140 et
327 4095 441 4156 ancipitia
457 4109 511 4141 cum
526 4094 563 4142 ed.
577 4111 614 4158 pr.
639 4095 712 4142 Enii.
748 4096 811 4141 later
836 4107 934 4152 accarca,
962 4094 1022 4141 bene
1047 4091 1130 4140 refellit
1151 4088 1265 4152 Rycliius.

197 4155 276 4204 Rhea.
288 4155 347 4205 duce
357 4158 421 4207 Bud.
433 4158 527 4206 sustulit
542 4168 713 4223 utramqueco·
748 4159 819 4206 Licae
829 4166 852 4206 ct
863 4159 952 4205 calones
962 4156 1047 4205 tendes
1055 4157 1194 4218 junguntur.
1220 4154 1267 4200 Ca·

196 4222 287 4285 palam.
305 4222 361 4286 Bip.
375 4225 400 4272 vl
411 4228 511 4287 quartur
521 4222 667 4286 recipiuntet
678 4223 714 4269 in-
747 4223 811 4271 loncs
831 4231 885 4270 sunt
904 4221 971 4278 servi,
987 4236 1040 4269 cum
1061 4219 1096 4267 his
1114 4219 1268 4283 procacissimi

196 4285 296 4336 dublum
305 4295 390 4350 putant
400 4287 509 4349 exemplo
517 4287 598 4345 Melie,
610 4286 714 4335 aGrotio
747 4287 885 4337 mactant.
906 4287 978 4334 Enii.
1237 4287 1241 4300 “

196 4350 293 4412 prolato.
321 4352 410 4404 Verum
420 4351 712 4413 adcaomtaitetvul.
