3059 4975
381 265 442 325 DE
464 261 656 326 MORIBUS
676 257 929 320 GERMANIAE.
957 257 1051 319 CAP.
1069 263 1114 320 12.
1232 264 1294 322 863

270 433 356 500 XII.
380 430 472 498 Licet
484 427 571 516 apud
592 424 756 492 concilium
776 423 962 510 adcusareq
1026 447 1068 488 ue
1084 435 1116 488 et
1129 422 1294 489 discrimen

226 519 336 608 capitis
348 517 516 584 intendere.
560 511 729 578 Distinctio
741 531 907 597 poeuarum
920 532 961 574 ex
974 508 1015 574 de
1029 510 1105 575 ’mot
1121 509 1296 598 proditores

227 620 259 672 ct
282 605 402 670 trausfu
425 625 458 666 as
480 599 701 666 arboribussu
758 595 877 661 odunt:
909 597 1039 682 ignavos
1063 609 1094 660 et
1114 595 1242 660 inbelles
1264 609 1296 661 et

226 715 355 778 corpore
372 627 502 754 iulames
516 707 605 750 coeno
626 707 662 748 ac
733 682 807 759 ude,
826 681 940 768 injecta
957 682 1086 768 insuper
1104 696 1198 761 crate,
1217 705 1296 746 mer-

226 791 316 866 gunt
369 773 542 840 Diversitas
571 769 715 857 supplicii
743 767 819 831 illuc
842 767 978 854 respicit,
999 780 1160 854 tamquam
1182 769 1296 832 scelera

227 862 348 928 ostendi
369 873 522 948 oporteat,
537 857 614 921 dum
633 855 820 943 puniuntur,
842 853 961 940 flagitia
981 853 1137 919 abscondi.
1159 893 1162 900 -
1183 855 1245 918 Sed
1263 867 1296 920 et

227 948 395 1014 levioribus
418 943 547 1020 delictis,
570 965 628 1029 pro
650 941 756 1020 modo,
774 961 886 1026 poena:
910 961 1063 1026 equorum
1085 963 1303 1027 pecorumque

228 1057 359 1100 numero
381 1030 515 1098 convicti
535 1028 727 1094 multantur:
753 1049 827 1114 pars
846 1025 956 1088 multae
978 1024 1072 1126 Regi,
1094 1027 1145 1090 vel
1167 1025 1296 1104 civitati,

252 1144 301 1184 ars
328 1117 399 1206 ipsi,
428 1116 486 1204 qui
513 1114 700 1192 vindicatur,
728 1113 780 1178 vel
806 1111 991 1198 propinquis
1018 1134 1087 1198 eJus
1114 1111 1294 1178 exsolvitur.

262 1205 404 1292 liguntur
420 1203 455 1266 in
474 1201 581 1266 iisdem
598 1199 734 1266 conciliis
747 1211 779 1264 et
793 1197 898 1262 Princi
955 1197 1031 1283 ,qui
1040 1198 1116 1284 juro
1128 1219 1185 1284 per
1198 1220 1296 1297 pagos

229 1291 375 1378 vicosque
386 1287 526 1353 reddant.
550 1285 680 1352 Centeni
692 1283 822 1374 singulis
832 1307 904 1371 exp
916 1284 973 1348 ebe
983 1282 1122 1363 comites,
1132 1283 1295 1348 consrlium

229 1375 322 1442 simul
335 1388 368 1440 et
381 1374 558 1451 auctoritas,
573 1371 698 1436 adsum.

260 1603 367 1651 Imbeller
377 1608 400 1650 et
408 1614 502 1664 corpere
510 1599 623 1662 infimus]
633 1597 686 1645 Hoc
693 1595 746 1658 lego
778 1593 829 1640 Noc
837 1607 892 1640 vero
902 1592 1001 1640 militem
1012 1601 1157 1655 stupraverat
1165 1595 1294 1658 Tribunus,

230 1667 261 1716 de
277 1666 420 1716 Germanis?
442 1665 486 1714 feri
501 1663 537 1711 illi
554 1671 578 1710 et
593 1661 688 1720 horridi,
705 1661 746 1708 foe·
779 1658 819 1706 sed
828 1658 853 1704 in
864 1666 949 1705 conatu
959 1658 1079 1721 stuprandi
1093 1674 1109 1706 a
1124 1659 1199 1707 milite
1208 1662 1296 1710 occisus

230 1733 308 1781 mineo
324 1733 406 1780 morbo
421 1738 444 1780 et
455 1728 553 1778 mollitie
569 1727 669 1790 corporis
685 1725 746 1774 iufa-
779 1730 835 1770 erat.
869 1723 960 1770 Geor.
994 1722 1159 1786 Montesquien
1181 1726 1250 1788 Espr.
1270 1727 1294 1774 d.

229 1797 296 1846 mes?
313 1798 453 1861 Numquam
463 1794 562 1850 medam
572 1801 595 1840 et
605 1790 747 1851 Quinctilio·
780 1787 1055 1850 1oix,³o‚119.inteltigit
1065 1803 1112 1846 eos,
1121 1789 1163 1852 qui
1172 1805 1296 1853 corporeae

230 1877 275 1910 nus
286 1869 346 1910 certe
359 1876 399 1908 eos
413 1868 497 1922 purgat
512 1858 537 1905 in
551 1857 657 1905 Dedam.
669 1857 694 1913 3,
707 1855 745 1901 16.
779 1861 932 1909 trunmnent,
951 1861 977 1900 ut
997 1851 1060 1900 bello
1078 1853 1154 1900 forent
1172 1853 1293 1904 inhabiles.

230 1942 273 1990 pro
279 1924 367 1982 Milite,
376 1925 443 1986 cujus
453 1922 564 1986 pudicitia
574 1929 661 1968 tentata
669 1936 684 1967 a
691 1919 747 1966 Tri-
780 1917 899 1964 Antonius
914 1916 939 1963 in
950 1932 1007 1964 vers.
1019 1917 1100 1964 Germ.
1111 1921 1295 1988 enervatorped·

230 1993 309 2040 buno:
328 1991 404 2038 Ntrztr
420 1992 466 2036 tae
481 2001 565 2035 novere
583 1986 706 2043 Germani,
724 1989 747 2030 et
780 1981 830 2029 diez
843 1981 943 2034 Bahrdt,
953 1981 979 2028 iu
989 1981 1047 2044 tuga
1056 1989 1120 2044 tergo
1130 1982 1225 2032 saucios.
1247 1984 1298 2033 Ve.

230 2057 335 2103 mortius
345 2055 408 2116 opud
421 2055 540 2102 Oceanum
551 2052 650 2098 vivitur.
684 2048 746 2098 Scri-
779 2061 835 2093 rum
852 2045 911 2093 vidit
926 2046 1066 2106 Gronovius,
1085 2045 1122 2093 eui
1143 2047 1297 2111 adstipulatur

231 2123 315 2169 bornus
331 2119 402 2182 igitur
412 2118 520 2181 (gradem
534 2113 594 2163 mihi
608 2130 651 2178 age
661 2128 747 2176 magna
780 2109 908 2159 Broterius.
941 2110 1099 2159 Gebaverusl.
1110 2125 1130 2158 o
1141 2128 1165 2174 p.
1177 2112 1233 2167 714.
1245 2129 1298 2161 cor.

231 2182 317 2248 petria)
329 2191 352 2232 et
370 2190 463 2244 torpore
474 2184 581 2246 infamer.
615 2181 672 2228 Non
683 2178 746 2226 enim
775 2177 955 2239 pereiosormee
966 2175 1090 2237 legendum
1101 2183 1165 2238 ratus
1176 2186 1297 2242 esuquem

231 2243 746 2310 ulismmshicTscimquamquodigoavom
779 2239 866 2288 refirnt
879 2239 1009 2303 longolin
1025 2239 1051 2288 in
1067 2240 1180 2288 Auctario
1195 2241 1249 2292 diss.
1267 2243 1297 2292 de

189 2339 198 2364 ι
231 2322 354 2380 terpentes,
365 2313 427 2362 bello
444 2311 546 2369 inutiles,
562 2319 623 2358 crate
639 2306 748 2371 imposita
780 2304 946 2368 Hermundp.
958 2306 998 2353 98.

144 2431 146 2436 ,
230 2379 358 2428 merseriut.
382 2377 449 2426 Idem
460 2376 485 2424 in
496 2375 653 2424 codemrerbo
663 2372 748 2420 vitium
812 2371 859 2418 Sed
876 2376 899 2417 et
915 2371 1041 2417 levioribus
1051 2371 1150 2429 delicto,
1159 2385 1207 2432 pro
1222 2371 1297 2430 modo,

231 2442 423 2508 epudsgdlium
432 2442 471 2502 19,
480 2439 674 2490 tainmnemoz
689 2439 747 2485 Om-
775 2436 860 2501 perro]
872 2434 910 2483 Sic
921 2434 1067 2482 scribendum
1078 2450 1127 2484 esse
1142 2451 1178 2482 res
1194 2436 1244 2501 ipsa
1255 2436 1297 2484 do.

231 2512 300 2557 nilus
321 2508 526 2557 meanwarorum
547 2500 746 2570 (vehementioris)
780 2508 825 2559 oet,
841 2510 864 2548 et
879 2499 1076 2549 riditAcidalius.
1109 2500 1204 2564 Syllaba
1215 2501 1298 2552 ultima

231 2571 748 2635 onimioffiriiromputetis,ineerporelgrra·
779 2564 1044 2627 invulgatopaerterum
1055 2565 1174 2613 adhaesite
1221 2568 1299 2615 uenti-

232 2646 301 2687 voeet
312 2639 380 2701 quaer
387 2637 747 2693 merootoevltoeeorueoercant3
780 2631 825 2677 bus
842 2630 925 2689 verbis,
942 2637 969 2677 ut
987 2629 1044 2678 alias
1062 2629 1087 2677 in
1105 2629 1188 2679 Tacito
1233 2641 1297 2680 ctum

232 2704 313 2763 scribe,
325 2710 423 2764 torpore.
444 2702 498 2749 Hoc
505 2700 565 2747 mihi
572 2710 677 2748 certum:
689 2713 749 2761 qua-
780 2694 902 2758 aliquoties
911 2694 1049 2742 notavimus.
1083 2694 1153 2743 Forte
1163 2704 1241 2743 tamen
1252 2697 1299 2744 fuit

232 2768 262 2815 tit
278 2777 355 2815 tamen
367 2764 474 2813 nonnihil
484 2764 613 2811 Atheureus
622 2763 661 2821 13,
671 2764 694 2809 8.
706 2762 749 2825 qui
776 2774 861 2819 poertae,
889 2758 937 2806 uod
947 2759 1027 2806 eodem
1037 2758 1103 2806 redit.
1120 2758 1192 2807 Eart.
1210 2762 1298 2808 Poeoo-

231 2830 321 2881 fredum
330 2828 750 2887 illudvitium,remotumnme,rur-
781 2838 837 2869 rom
915 2831 1003 2871 veteres
1023 2822 1080 2871 item
1101 2822 1157 2871 MS.
1181 2824 1299 2888 Irongolii.

233 2911 274 2945 sut
288 2892 389 2956 imponit
405 2891 535 2940 Germanis.
569 2890 650 2937 Κιλτο)
667 2889 688 2935 a
705 2896 749 2935 rm
782 2886 832 2934 Hic
844 2887 895 2949 ipse
911 2885 936 2934 id
952 2889 1041 2951 pober.
1075 2886 1114 2935 Sic
1130 2888 1299 2939 etGebaverus

234 2957 448 3025 metagoninqmt,
457 2956 493 3002 uel
504 2973 536 3002 ror
548 2955 679 3006 καλλίστας
689 2952 749 3017 ἔχω-
781 2952 828 2999 l.c.
838 2968 862 3014 p·
874 2952 929 3005 732

233 3042 273 3077 τις
289 3024 397 3081 γυναῖκας,
408 3019 515 3073 παιδικοῖς
528 3020 616 3079 μᾶλλον
631 3017 749 3082 χαίρουσιν,
817 3016 865 3071 Qut
868 3019 929 3078 jetra
936 3029 982 3077 per
987 3029 1064 3077 pagos
1072 3018 1178 3078 emorque
1186 3019 1296 3081 reddunt]

235 3088 266 3142 ὥς
276 3086 389 3139 πολλάκις
401 3086 463 3139 irlouc
474 3083 507 3131 tel
515 3084 564 3135 reric
571 3082 638 3146 δοραῖς
644 3080 704 3139 ptri
715 3079 749 3127 lta
782 3080 813 3128 In
828 3080 875 3127 alia
884 3081 954 3128 verba
968 3086 992 3127 et
1005 3079 1142 3127 sententiam
1157 3082 1176 3129 it
1185 3082 1300 3130 Bambffl·

235 3151 343 3217 ἔρωμίνων
350 3148 510 3197 ἀναπαύεσθαι.
527 3146 606 3205 Quem
612 3145 663 3193 falli
670 3154 749 3193 tamen
781 3145 858 3207 gensis
868 3145 934 3205 liber,
947 3146 988 3206 qar'
998 3146 1099 3207 viteper
1105 3160 1182 3207 pagos
1194 3148 1300 3209 vicosque

234 3215 296 3265 sciot
308 3213 481 3263 necurticailla
491 3225 605 3276 umquam
613 3209 689 3272 tetigit
699 3225 749 3257 me·
782 3210 902 3257 excellent.
935 3208 982 3257 Sed
1000 3224 1048 3257 non
1064 3209 1150 3257 avellor
1166 3226 1181 3258 a

232 3281 294 3343 joret
312 3288 408 3327 nostros.
440 3277 523 3326 Austri
539 3285 563 3325 et
581 3275 685 3324 Orientis
705 3274 750 3323 ista
782 3273 1141 3323 u1es.snemsnmndu.
1160 3274 1304 3339 Elegantiur

234 3344 331 3393 infantia
346 3343 391 3393 site
409 3358 463 3407 quta
479 3357 509 3389 ne
524 3355 587 3391 nunc
603 3339 697 3403 quidem
708 3340 751 3387 So·
782 3337 865 3386 deinde
880 3339 939 3386 foret
957 3340 1071 3386 reddeat.-
1096 3340 1169 3388 etsie
1187 3341 1300 3391 Tacitum

234 3408 384 3472 ptemtriouet
399 3406 498 3466 habitat,
516 3414 557 3453 aut
577 3404 690 3467 frigidum
711 3418 750 3451 ca-
782 3402 873 3451 dedisse
882 3413 947 3467 puto.
980 3403 1109 3466 Eltgunmr
1124 3405 1234 3463 enim,ut
1248 3406 1301 3455 red-

235 3483 343 3549 stumque
353 3472 417 3521 hunc
429 3473 516 3520 orbem.
549 3470 609 3518 Hac
624 3468 750 3517 labefacere
782 3466 846 3525 dant,
858 3467 992 3532 noniiqui
1002 3467 1116 3516 reddunt:
1134 3468 1194 3516 illud
1204 3478 1246 3530 est,
1259 3471 1301 3533 qui

235 3548 310 3587 conati
320 3533 711 3596 alii‚sedlirmavimusinexcursu
718 3533 749 3581 Α.
782 3534 887 3580 reddent.
920 3533 954 3580 Et
961 3532 1301 3596 sepissimeintalibuspecca-

236 3603 312 3653 Iuro.
332 3602 540 3664 Corporetnsomer
547 3598 611 3647 haud
618 3598 751 3659 dubienon
783 3612 836 3645 vere
856 3597 945 3647 librarii
964 3596 1055 3645 inscitia
1076 3596 1156 3645 latini
1179 3600 1301 3660 sermonis,

237 3667 299 3716 vitiis
315 3667 424 3715 omnibus
440 3663 609 3723 commaculati,
622 3666 660 3725 (ut
677 3663 751 3727 placet
784 3662 987 3725 quaetiamvulgo
998 3662 1212 3737 hodiesicpeecant.
1228 3664 1300 3714 Ean.

237 3732 357 3793 Piehenu)
384 3730 425 3779 sed
456 3728 595 3778 detestabilia
626 3727 749 3791 patientie.
766 3726 1141 3791 xGolemslegendumpraeeiprtt
1154 3730 1311 3788 quiritem.-

238 3797 366 3845 Nescimut
377 3798 431 3854 itta,
442 3795 495 3843 Deo
509 3793 603 3857 gratiss,
615 3800 637 3840 et
647 3794 752 3840 emerim
785 3794 1131 3856 cellunt,quijuroperp.v.q.
1139 3792 1246 3842 reddunt.
1258 3796 1302 3843 Bi·

237 3861 373 3909 venerarer
386 3861 519 3907 Oceanum.-
537 3872 593 3917 nou,
611 3857 674 3921 quod
690 3871 753 3905 nun-
784 3855 876 3920 pontini
885 3859 944 3905 bene
954 3871 1057 3919 recepere
1067 3858 1184 3905 reddent.-
1201 3874 1306 3922 sequor·

237 3940 309 3991 quam
336 3923 481 3986 contigerint,
508 3923 679 3985 contingantve,
712 3920 753 3970 sod
819 3923 918 3970 emma
934 3922 1049 3987 rimulis]
1066 3921 1120 3969 Hoc
1134 3930 1177 3983 est,
1195 3924 1258 3987 quod
1277 3925 1302 3972 in

254 3990 302 4039 uod
317 3986 543 4051 rnro‚reroquesint
559 3986 681 4050 impunita.
714 3986 753 4035 Sic
785 3986 837 4049 lege
856 3986 1042 4033 Alamannorum
1060 3987 1135 4050 prisca
1152 3987 1205 4051 lego
1224 3995 1241 4034 t.
1260 3990 1304 4039 36.

237 4007 347 4106 Rhenus
363 4056 386 4101 2.
399 4068 445 4101 var.
457 4052 497 4100 31.
508 4051 544 4099 dis
559 4060 619 4109 utar,
629 4051 663 4097 ὅτι
680 4050 755 4110 μηδεὶς
789 4052 922 4100 Conventus
929 4054 1149 4110 commeandum
1157 4054 1303 4099 corruerudi·

238 4127 282 4165 τῶν
299 4118 411 4185 daedaleo»
428 4119 499 4171 diros.
560 4115 651 4164 ocsutis
665 4114 753 4164 dea-
787 4131 840 4163 rtem
859 4119 990 4177 antiquam,
999 4118 1049 4177 flet
1066 4119 1094 4163 iu
1109 4118 1173 4162 omni
1191 4117 1303 4179 Centeno,

201 4228 204 4235 .
237 4183 305 4231 bium
322 4196 376 4229 cum
392 4180 476 4231 Tacito
494 4181 519 4228 in
535 4180 679 4229 concordiam
693 4178 755 4227 redi·
787 4194 866 4227 coram
879 4183 978 4240 Comere,
989 4187 1082 4228 eattae
1092 4182 1180 4237 Misso,
1191 4187 1214 4227 et
1224 4195 1304 4230 eorem

237 4247 348 4311 gendum.
383 4247 447 4295 Num
460 4244 753 4295 illaSalineriioimirad·
790 4248 928 4294 vormerio
938 4246 1198 4309 iprmmploeitumflot.
1227 4247 1302 4295 Iura.

239 4314 312 4361 dimoc
322 4320 345 4361 et
352 4318 435 4374 genter
448 4325 475 4359 co
486 4313 579 4359 romine
590 4310 689 4372 infirme
700 4324 754 4355 eum
789 4310 877 4373 legem
889 4310 969 4358 Alam.
980 4310 1029 4357 huc
1044 4323 1090 4356 non
1106 4309 1228 4372 pertinere,
1245 4313 1306 4359 beno

227 4378 355 4441 flefflnoeo
369 4377 556 4431 conuectum
571 4383 625 4423 sunt
637 4383 661 4423 et
673 4373 755 4422 intole-
787 4384 867 4423 monet
883 4377 1017 4425 Geboverus
1033 4372 1049 4419 1.
1064 4388 1084 4421 c.
1095 4388 1119 4438 p.
1131 4374 1187 4423 594.
1220 4375 1305 4427 censet

239 4440 602 4505 mbssmdeniqueflermuniam
617 4438 752 4503 ignorantis.
786 4448 874 4500 oiston,
897 4454 976 4488 vocem
1002 4439 1091 4486 renim
1112 4453 1160 4487 esse
1181 4436 1312 4504 glestonia,
