3059 4975
232 279 265 317 Α.
280 279 308 321 c.
321 262 389 341 ro]
618 258 697 319 sia.
711 256 872 320 rurae.
893 260 921 320 s.
1260 266 1298 325 so

230 423 328 502 vovit,
343 425 401 489 sed·
409 440 509 489 mares
521 422 711 512 deliguntur.
741 423 922 491 Certissima
931 423 1008 490 fides
1022 424 1184 491 haedorum
1200 424 1298 493 fibris.

233 509 423 595 Sanguinem
445 534 508 574 arae
530 511 703 575 obfundere
726 510 875 575 vetitum:
898 508 1043 596 precibus
1067 526 1099 577 et
1121 512 1194 598 igue
1216 534 1298 599 puro

231 593 342 659 altaris
354 596 528 675 adolentur,
550 618 608 661 nee
631 596 703 661 ullis
724 596 887 672 imbribus,
909 618 1099 695 quamquam
1121 596 1153 661 iu
1176 612 1297 695 aperto,

231 680 421 745 madescunt.
455 682 663 746 Simulacrum
676 684 756 745 Deae
769 704 832 745 non
846 680 946 768 effigie
960 682 1115 747 humana:
1132 696 1300 747 continuus

231 766 314 830 orbis
325 766 433 831 latiore
442 768 532 832 initio
540 781 666 831 tenuem
676 768 709 831 in
720 768 885 845 ambitum,
896 782 988 831 metae
997 768 1100 846 modo,
1110 790 1297 855 exsurgens:

232 866 265 918 et
278 852 358 916 ratio
370 852 403 915 in
417 854 564 917 obscuro.

277 938 334 1002 IV.
366 939 472 1016 Titus
495 951 633 1024 spectata
652 938 813 1025 opulentia
833 938 985 1025 donisque
1000 938 1138 1025 Regum,
1164 962 1300 1027 qumque

232 1021 293 1087 alia
306 1022 414 1087 laetum
433 1024 673 1111 antiquitatibus
688 1026 871 1089 Graecorum
888 1048 988 1110 genus
1008 1024 1133 1089 incertae
1152 1024 1300 1089 vetustati

233 1107 375 1195 adfingit,
406 1118 427 1149 “
452 1109 492 1173 de
517 1109 731 1195 navigatione”
754 1110 893 1196 primum
916 1109 1081 1175 consuluit.
1126 1113 1299 1197 Postquam

235 1200 258 1231 “
271 1195 367 1280 pandi
384 1196 467 1259 viam
486 1208 519 1261 et
533 1217 620 1259 mare
641 1196 842 1282 prosperum”
858 1196 986 1283 accepit,
1008 1196 1048 1260 de
1070 1220 1102 1260 se
1122 1218 1178 1282 per
1196 1197 1302 1261 amba-

233 1302 289 1365 ges
315 1280 497 1367 interrogat‚
522 1281 608 1345 coesis
635 1304 704 1345 com
728 1279 849 1345 iuribus
877 1280 994 1347 hostiis.
1052 1282 1210 1347 Sostratus
1232 1284 1302 1358 (Sa

234 1365 366 1429 cerdotis
387 1366 420 1429 id
442 1389 554 1429 nomen
576 1370 656 1451 erat)
680 1304 735 1431 udi
756 1365 829 1431 laeta
850 1380 881 1429 et
902 1366 1104 1455 congruentia
1126 1380 1208 1446 exta,
1236 1390 1301 1431 ma-

233 1451 368 1537 gnisque
389 1451 545 1515 consultis·
564 1474 701 1515 annuere
726 1454 839 1529 Deam,
863 1451 960 1526 videt,
985 1476 1085 1539 muca
1108 1451 1140 1515 in
1165 1475 1301 1539 praesens

235 1550 268 1599 et
297 1536 386 1602 solita
415 1536 614 1623 respondens,
638 1538 737 1623 petito
758 1552 886 1616 secreto,
908 1538 1016 1603 futura
1037 1538 1144 1625 aperit.
1194 1538 1300 1617 Titus,

235 1637 328 1685 aucto
348 1621 462 1700 auimo,
484 1623 525 1686 ad
547 1636 667 1709 patrem
691 1640 866 1710 pervectus,
892 1625 1053 1710 suspensis·
1070 1624 1300 1710 provinciarum

234 1720 268 1771 et
298 1709 492 1773 exercituum
527 1707 694 1788 mentibus,
728 1709 840 1795 ingens
872 1732 977 1773 rerum
1013 1709 1128 1774 fiducia
1166 1710 1301 1775 accessu.

235 1882 398 1941 Graechmum,
409 1882 582 1944 sedvulgstum
600 1898 664 1932 nunc
676 1892 753 1931 tenes-
816 1885 890 1933 Ratio
907 1886 933 1931 lo
950 1882 1056 1943 obscuro]
1079 1882 1140 1931 Eam
1159 1881 1228 1929 tradit
1248 1884 1301 1941 cle-

235 1961 294 1993 mus
329 1948 438 1994 Ceterum
449 1945 753 1994 hostisenonnisiextomm
784 1964 850 1995 mens
861 1948 931 1995 Alex.
945 1948 1058 2011 Protrept
1074 1948 1120 2009 (ed.
1136 1945 1213 2009 sylb.)
1226 1962 1247 2009 p.
1261 1950 1319 2007 2ss

233 2010 428 2075 inspiciendorum
440 2024 521 2057 caussa
531 2010 648 2068 adhibite,
664 2025 710 2057 non
727 2020 754 2058 ut
785 2012 825 2058 ³0.
837 2014 878 2059 uhi
890 2022 912 2058 et
923 2011 952 2059 de
962 2011 1013 2059 aliis
1024 2010 1109 2058 talibus
1121 2010 1224 2057 Deorum
1239 2010 1303 2059 Des-

233 2075 260 2122 in
276 2091 317 2121 ars
337 2074 491 2122 adularentur.
505 2073 577 2123 Ilien.
610 2074 675 2123 Bud.
694 2075 754 2123 clsre
785 2090 885 2139 mmque
900 2074 980 2123 formis
996 2074 1099 2139 reperies
1137 2076 1229 2137 Nempe
1244 2077 1303 2126 tales

235 2141 347 2187 morderet.
784 2139 866 2203 flgurse
885 2150 942 2187 sunt
962 2140 1046 2187 indicia
1067 2139 1186 2187 resistatis
1206 2140 1302 2199 mame,

270 2205 397 2264 Offirndere
419 2219 469 2251 arce
491 2204 601 2267 vestrum]
634 2203 753 2251 Meursius
784 2204 946 2267 quanondum
959 2204 1087 2267 exprimere
1100 2203 1226 2251 didicerant
1239 2204 1303 2267 liguo

234 2268 306 2332 Cypr.
325 2269 346 2326 1,
364 2269 401 2316 16.
417 2284 539 2332 perperam
555 2268 593 2315 hic
608 2268 754 2330 reprehendit
784 2266 1302 2319 autssxoformsshominumsutcuimalinm.

150 2345 152 2348 '
234 2333 354 2389 usuum,
370 2333 514 2395 intelligebat
529 2334 617 2397 quippe
637 2334 754 2393 ‘ffundere
785 2334 849 2381 Add.
861 2333 961 2381 cundem
970 2334 1044 2381 (llam.
1056 2335 1141 2381 Sttum.
1155 2332 1175 2378 1.
1188 2333 1274 2395 pm
1283 2348 1301 2381 s.

234 2398 754 2526 &lllltlllffllmhl‘dll
785 2396 1303 2526 astrumenttttlu

236 2529 298 2586 dere,
309 2528 377 2578 mals
785 2527 994 2576 Herculaneusium
1004 2526 1047 2575 lc.
1055 2543 1154 2590 quonam
1166 2527 1207 2574 alli
1218 2541 1302 2578 conum

267 2593 365 2640 Arsam
377 2595 566 2657 alloborante]
585 2592 639 2640 Hoc
650 2591 701 2640 loco
717 2608 753 2640 re-
784 2593 917 2656 symbolum
927 2591 1011 2640 amoris
1022 2608 1078 2652 esse,
1094 2591 1135 2640 ulli
1151 2591 1180 2640 sd
1196 2592 1303 2656 phullum

233 2656 322 2705 fellitur
337 2659 445 2706 correctio
462 2657 579 2705 Herduini
593 2673 632 2720 ap.
647 2657 752 2704 Plinium
783 2657 897 2722 pertinere
906 2657 1052 2706 arbitrantur.
1301 2713 1303 2720 Ι

233 2722 312 2781 2,96.
324 2721 387 2784 (97.)
399 2723 439 2770 ubi
454 2723 479 2769 in
495 2722 546 2769 loco
561 2722 590 2770 de
605 2721 649 2770 hoc
665 2723 753 2785 templo
816 2724 868 2770 Per
883 2724 991 2783 ambages
1006 2723 1151 2786 interrogor]
1165 2720 1188 2768 h
1201 2737 1220 2769 e.
1232 2720 1303 2770 inter-

235 2801 265 2833 ex
283 2801 352 2834 arom
366 2789 421 2835 lacit
436 2801 524 2835 aream.
557 2787 656 2850 Oportet
674 2797 752 2834 sutem
839 2787 890 2834 tde
902 2787 955 2834 fads
968 2786 1023 2844 suis,
1037 2786 1094 2849 quid
1107 2802 1197 2848 sperare
1211 2794 1302 2848 posset:

233 2859 321 2898 tectum
348 2852 430 2915 templi
457 2862 562 2914 apertum
588 2851 659 2898 fuisse
685 2866 754 2914 super
784 2865 799 2898 v
824 2865 864 2898 um
886 2865 933 2898 non
955 2851 1032 2913 plane,
1053 2866 1083 2898 ne
1102 2850 1229 2912 periculum
1249 2851 1304 2900 inde

232 2921 298 2963 aram
310 2915 387 2974 illam,
398 2917 460 2963 utin
470 2916 576 2979 co,quod
585 2915 631 2962 tuit
641 2916 666 2962 ‘m
676 2915 753 2963 Thre-
785 2925 930 2967 nascereturs
958 2913 998 2962 sed
1017 2915 1091 2962 verbis
1110 2914 1233 2976 ambiguis,
1250 2932 1305 2980 quaa

235 2980 278 3038 cis,
287 2980 311 3028 in
322 2990 402 3029 moute
413 2981 530 3029 Zilmisso.
543 2981 572 3029 V.
582 2982 678 3028 Sueton-
686 2981 753 3042 Aug.
785 2987 861 3026 tamen
872 2979 999 3042 intelligere
1010 2978 1120 3027 Sacerdos
1130 2989 1212 3042 posset.
1238 2981 1304 3028 Hinc

234 3059 256 3092 c.
267 3047 306 3094 94.
318 3054 341 3093 et
350 3046 385 3094 ibi
394 3047 462 3095 dieta
473 3046 544 3093 Eun.
556 3045 620 3094 Bud.
629 3046 691 3092 mele
700 3047 753 3092 red·
785 3059 841 3090 mox
856 3052 922 3092 vocat
934 3059 1021 3104 magno
1035 3044 1146 3090 cmuolto.
1180 3043 1305 3092 Consuluit

235 3111 334 3158 oleotur.
351 3111 419 3174 virg.
431 3111 488 3158 AEn.
499 3111 524 3166 7,
537 3109 576 3164 71.
609 3111 688 3160 Castu
697 3112 754 3156 odo·
784 3107 814 3155 de
826 3108 937 3172 imperio,
948 3122 978 3154 sn
989 3106 1218 3155 uuifsnsdebeuur.
1242 3108 1304 3156 Mox

235 3175 268 3222 let
278 3176 336 3223 dum
346 3177 434 3223 storto
444 3176 526 3222 tedis.-
538 3183 561 3222 et
574 3175 595 3234 1,
603 3177 660 3222 420.
683 3177 754 3222 Vene-
786 3175 857 3230 uldel,
874 3173 937 3236 quod
953 3172 1081 3220 Rhenanus
1094 3175 1118 3226 (e
1132 3171 1209 3228 But)
1223 3172 1303 3234 edidit,

235 3241 272 3286 ss's
287 3243 367 3289 Sataeo
378 3248 432 3288 ture
442 3241 517 3287 colem
532 3253 581 3286 oroe
593 3240 706 3299 sertisque
717 3255 754 3286 re.
785 3246 819 3285 est
829 3237 897 3285 etism
909 3239 934 3286 in
947 3238 981 3285 ed.
997 3252 1032 3299 pr.
1065 3236 1102 3284 At
1117 3236 1195 3284 Guelf.
1212 3247 1303 3286 ceteru-

234 3307 339 3354 ceotibus
350 3307 438 3352 lolam
472 3303 510 3352 De
526 3304 571 3351 sris
587 3303 722 3366 hypaethrus
732 3321 754 3352 v.
785 3317 831 3365 que
842 3302 893 3349 edd
905 3311 959 3350 ante
973 3302 1048 3350 Rhen-
1062 3304 1138 3349 uidit:
1156 3312 1183 3348 ut
1196 3312 1250 3350 unte
1263 3317 1303 3349 oc·

234 3369 346 3418 Euststh.
357 3370 388 3418 sd
399 3368 484 3432 Odyss.
495 3378 524 3417 Θ.
535 3370 592 3416 363.
786 3369 852 3428 cepit.
881 3366 940 3414 Item
954 3378 1007 3429 post
1016 3373 1143 3428 provector
1157 3381 1237 3414 omnes
1251 3366 1303 3414 stc

268 3436 516 3498 Nec-modesmot]
542 3433 610 3482 Idem
627 3433 657 3480 de
679 3443 755 3482 status
786 3431 924 3478 snteRhen.
934 3431 1001 3478 male
1009 3431 1080 3478 Ean.
1092 3430 1171 3478 Rben.
1178 3438 1304 3492 percoctus

232 3499 337 3563 quadam
349 3499 433 3548 Dianae
442 3508 520 3546 narrat
531 3499 614 3561 Polyb.
630 3498 669 3556 lo,
684 3499 721 3546 12.
787 3511 799 3542 e
811 3495 873 3543 Bud.
886 3504 913 3542 ut
923 3511 942 3542 c.
954 3497 976 3543 9.
1287 3531 1289 3536 ,
1368 3530 1373 3546 ,

269 3565 403 3614 Canticum
413 3565 475 3610 orbis
481 3565 565 3611 latiore
571 3564 653 3626 esrom]
666 3563 754 3626 Tyrius
821 3561 999 3622 Compluribus]
1013 3558 1051 3607 Sic
1059 3559 1136 3606 Rhan.
1149 3558 1230 3608 eBud.
1239 3559 1304 3624 prius

234 3627 304 3676 Max.
313 3629 377 3687 (diss.
385 3629 437 3691 311)
448 3630 522 3676 Venus
529 3645 544 3675 o
552 3629 653 3695 Popblir
660 3630 753 3688 colitur,
786 3625 906 3687 legebatur
911 3627 1028 3686 pluribus.

234 3696 302 3756 cujus
316 3696 472 3742 simulacrum
482 3695 544 3740 oulll
554 3694 591 3740 rei
605 3694 684 3753 magu
694 3696 754 3740 ossi-
819 3693 910 3751 Ingens
928 3705 1009 3738 rerum
1023 3689 1128 3752 fiducia]
1158 3689 1303 3754 Suspicsber,

233 3759 300 3817 mile,
311 3774 382 3820 quom
391 3761 450 3806 albor
463 3760 590 3820 pyramidi.
608 3757 683 3804 hirs.
715 3757 753 3806 Es
786 3757 869 3816 iugem
880 3770 969 3813 rerum,
977 3769 1031 3808 voce
1038 3755 1143 3818 sequenti
1150 3757 1240 3816 rejecta
1258 3758 1304 3808 Sed

235 3823 322 3885 specics
332 3820 454 3871 exhibetur
463 3836 487 3870 et
496 3823 521 3870 in
532 3821 635 3870 nummis
646 3836 683 3884 sp
698 3816 754 3870 Tri·
786 3820 888 3866 Pichens
902 3819 1011 3883 sagaciter
1027 3833 1118 3867 sensum
1136 3820 1203 3879 eruit,
1220 3823 1305 3884 iugem

232 3897 294 3935 stan.
311 3887 335 3936 io
352 3888 444 3936 Comm.
461 3896 478 3934 t.
496 3888 517 3934 l.
531 3902 555 3948 u
567 3887 706 3935 ‹sto-534.
722 3887 752 3934 V.
786 3885 962 3946 rerumfiducto
971 3889 1048 3947 (sexto
1059 3882 1123 3945 casu)
1132 3901 1204 3949 quam
1215 3901 1305 3936 exors-

234 3953 287 4001 Jac
298 3954 372 4002 Gron.
384 3951 550 4000 adhibitam
562 3951 599 3998 ct
612 3951 752 3999 Vaillantiu
786 3949 839 3996 culo
850 3959 990 4012 conceperat
1013 3948 1154 3998 Audiamus.
1172 3951 1248 3998 Llrs.
1266 3952 1305 4000 Sic

234 4017 294 4065 NN.
305 4017 381 4066 eota
394 4018 445 4079 Lp-
457 4016 754 4074 llbinnummoDmsiet
785 4013 895 4062 Justinus
916 4014 954 4073 ll,
973 4015 995 4061 t.
1012 4016 1062 4076 qui,
1079 4031 1108 4062 eu
1126 4019 1254 4064 continenti
1274 4017 1305 4064 od

234 4081 325 4130 Pitture
338 4081 479 4129 d’llrcolsuo
495 4089 511 4127 t
523 4081 546 4127 3.
558 4089 603 4128 tur.
615 4083 654 4128 52
676 4081 752 4143 Apud
784 4080 893 4126 Dorium
901 4081 1012 4141 profecti,
1024 4095 1070 4126 ooo
1081 4082 1304 4128 nudlocrcmomeo-

235 4147 322 4209 Spanh,
334 4147 364 4195 de
375 4146 455 4194 P1mst
465 4155 488 4193 et
496 4145 527 4192 V.
538 4145 595 4192 NN.
604 4145 640 4194 ed.
649 4163 670 4193 s,
684 4146 752 4199 1671.
786 4152 837 4192 tom
845 4146 870 4192 Ρ
874 4159 980 4190 errorum
989 4146 1078 4192 uiribus
1085 4158 1205 4192 accessere.
1221 4143 1254 4190 Et
1265 4144 1302 4201 13,

235 4212 326 4259 mslein
335 4225 434 4259 nummo
443 4211 616 4274 Pergamenos
628 4211 683 4266 479.
696 4224 754 4257 cono
785 4210 807 4256 6.
821 4210 860 4255 ubl
871 4215 893 4256 et
907 4210 1031 4276 Olympios
1041 4216 1099 4256 esset
1110 4218 1185 4254 morer
1196 4208 1303 4254 mosas-

232 4286 304 4338 ceput
319 4277 451 4324 humanum
467 4274 594 4338 inpositum
608 4275 715 4332 cernitur,
728 4275 752 4321 in
786 4276 834 4332 dri.
846 4289 891 4320 ooo
904 4275 1019 4320 rnediocrc
1029 4279 1172 4320 momentum
1184 4269 1302 4342 'portium-

233 4340 288 4388 cdit.
299 4339 447 4389 recentiores·
460 4339 534 4388 Isoud.
548 4339 683 4400 trunam
695 4340 754 4399 tto.
786 4338 876 4386 Gnorr.
906 4339 963 4386 Post
979 4338 1054 4400 Lipsii
1070 4345 1149 4382 notsm
1165 4333 1203 4378 hic
1219 4345 1304 4405 omlsss

232 4404 519 4461 isefiorcstcmendsms.
547 4415 551 4422 '
686 4437 690 4442 -
785 4411 821 4451 est
832 4402 993 4462 Freinshemii‚
1010 4402 1052 4464 qui
1065 4399 1173 4461 inprobat
1186 4403 1305 4456 onium-
