3059 4975
235 235 384 307 i.··c.7o.]
551 233 629 291 nm.
648 234 688 291 11.
711 232 874 305 canes,
895 238 944 295 so.
1246 236 1299 295 ur

233 399 401 464 concidisse
410 395 691 484 bellum,'’aeeepit.
713 398 829 461 Vocata
839 398 994 474 concione,
1007 398 1154 461 virtutem
1165 396 1300 460 rnilitum

233 483 380 549 laudibus
392 482 540 548 cumulat.
587 484 770 547 Postulante
784 482 931 556 exercitu,
947 490 969 520 ‘⁶
985 495 1022 545 ut
1035 482 1182 547 libertum
1197 502 1301 559 suum,

234 571 419 647 Asiaticum,
435 570 584 653 Equestri
598 569 750 654 dignitato
765 568 924 645 donaret‚”
940 565 1134 631 inhonestam
1147 566 1301 631 adulatio-

234 675 305 719 nem
325 654 521 743 compescuit.
566 656 660 729 Dein,
681 654 852 717 mobilitate
873 653 1000 738 ingenii,
1015 654 1101 750 quod
1121 653 1225 739 palam
1247 653 1301 716 ab·

233 755 354 819 onerat,
364 742 445 805 inter
455 754 571 804 secreta
580 740 714 803 convivii
727 738 875 824 largitur:
890 739 1116 825 bonoramtque
1126 737 1301 803 Asiaticum

142 854 146 859 ’
233 825 366 901 annulis,
381 825 503 889 l'oedum
517 825 707 911 mancipium
722 838 754 889 et
770 823 858 887 malis
872 823 990 888 artibus
1004 824 1212 889 ambitiosum.

286 912 419 976 LVIII.
446 910 563 974 Iisdem
588 910 710 988 diebus,
738 910 941 973 “accessisse
963 910 1106 1009 partibus
1132 924 1300 995 utramque

235 997 476 1075 Mauretaniam,
497 994 661 1060 interiecto
675 995 881 1060 Procuratore
894 994 1042 1073 Albmo,'’
1061 994 1163 1059 nuntii
1177 1014 1299 1059 venere.

234 1083 373 1147 Luceius
387 1081 533 1157 Albinus,
554 1104 573 1145 a
591 1084 717 1147 Nerone
732 1082 939 1145 Mauretania
954 1080 1139 1145 Caesariensi
1153 1080 1300 1179 praeposi-

234 1181 297 1246 tus,
311 1168 420 1233 addita
432 1189 493 1254 per-
499 1167 634 1232 Galbam
649 1166 830 1253 Tingitanae
843 1166 1012 1253 provineioe
1023 1166 1298 1244 administramus,

235 1253 321 1317 baud
336 1252 515 1341 spernendis
527 1253 648 1317 viribus
660 1254 783 1339 agebat.
828 1252 1144 1330 XVIIIIcobortes,
1159 1252 1301 1337 quinque

235 1338 304 1417 alae,
332 1338 442 1426 ingens
467 1340 656 1402 Maurorum
683 1360 832 1403 numerus
860 1338 976 1412 aderat,
1044 1360 1061 1401 r
1084 1337 1245 1401 lenocinia
1268 1350 1301 1400 et

233 1438 343 1512 raptus
354 1437 428 1521 apta
447 1423 530 1488 bello
547 1446 667 1488 manus.
712 1424 804 1488 Caeso
818 1424 932 1503 Galba,
951 1423 990 1486 in·
1000 1360 1156 1487 gethaeam
1170 1444 1298 1509 pronus,

233 1532 291 1573 nee
305 1509 416 1574 Ainea
428 1519 601 1587 contentus,
618 1509 792 1597 Hispaniae,
815 1522 948 1595 angusto
961 1509 1042 1572 freto
1055 1508 1233 1595 diremptae,
1252 1508 1300 1572 in-

234 1594 379 1674 minebat.
423 1594 504 1659 Inde
517 1594 632 1661 Cluvio
645 1594 736 1659 Rufo
748 1608 868 1659 metus:
892 1604 914 1635 ‘⁶
928 1608 961 1659 et
975 1593 1125 1659 decimam
1146 1594 1299 1681 legionem

233 1680 442 1781 propinquare
460 1678 572 1759 litori,”
593 1694 630 1745 ut
648 1680 894 1758 transmissurus,
915 1680 1027 1780 jussit:
1089 1679 1201 1744 remissi
1216 1681 1300 1744 Ceu·

233 1780 380 1843 temones,
400 1766 457 1851 qui
475 1768 662 1831 Maurorum
683 1766 803 1829 animos
817 1765 945 1831 Vitelbo
958 1766 1044 1829 conci
1055 1771 1301 1849 rarentt=neque

232 1850 368 1918 arduum
381 1850 454 1928 fuit,
469 1873 583 1935 magna
595 1874 652 1937 per
662 1849 834 1937 provincias
849 1850 1026 1915 Germanici
1039 1850 1193 1915 exereitus
1206 1849 1301 1915 fama.

234 1936 447 2023 spargebatur
455 1936 590 2021 insuper,
605 1944 626 1974 ‘⁶
637 1948 741 2022 spreto
750 1938 964 2001 Procuratoris
972 1935 1136 2013 vocabulo,
1146 1933 1299 1999 Albinum

231 2021 353 2107 insigne
367 2019 475 2107 Regis,
489 2032 521 2084 et
535 2022 632 2085 Jubae
645 2043 757 2085 nomen
771 2023 951 2107 usurpare.'’
1147 2072 1150 2079 .

278 2106 371 2170 LIX.
394 2108 447 2171 Ita
458 2107 588 2171 mutatis
601 2106 722 2185 animis,
737 2106 869 2170 Asinius
884 2108 995 2186 Pollio,
1011 2106 1070 2171 alea
1084 2107 1266 2186 Praefectus,
1277 2128 1300 2172 ‘e

233 2191 387 2255 fidissimis
408 2191 537 2270 Albino,
557 2206 590 2257 et
611 2194 725 2257 Festus
747 2215 785 2255 ac
809 2191 922 2280 Scipio,
946 2193 1119 2257 cohortium
1142 2194 1297 2272 Praefecti,

231 2278 460 2375 opprimuntur.
505 2278 576 2365 Ipse
590 2277 737 2356 Albinus,
752 2277 858 2341 dume
873 2279 1044 2365 Tingitana
1057 2278 1216 2366 provincia
1230 2279 1300 2343 Cae·

232 2377 396 2427 sarrensem
408 2363 638 2428 Mauretaniam
645 2364 737 2463 petit,
748 2361 898 2449 adpulsus
907 2364 1000 2444 litori,
1013 2364 1203 2430 trucidatur:
1220 2386 1302 2431 uxor

232 2448 313 2536 ejus,
332 2470 406 2514 cum
429 2467 461 2514 se
483 2449 714 2536 percussoribus
737 2448 911 2530 obtulisset,
934 2450 1026 2516 simul
1049 2450 1209 2518 interfecta
1230 2466 1295 2518 est:

233 2534 310 2598 nibil
324 2557 448 2614 eorum,
470 2559 543 2623 quae
564 2537 682 2614 tierent,
697 2533 825 2600 Vitellio
846 2537 1046 2624 anquirente:
1079 2537 1165 2602 brevi
1185 2539 1298 2603 auditu

233 2620 376 2706 quamvis
400 2643 514 2708 magna
538 2621 698 2700 manabat,
719 2619 810 2706 inpar
832 2623 915 2687 curis
938 2623 1142 2710 gravioribus.
1187 2632 1209 2664 “
1231 2625 1300 2690 Ex·

272 2807 424 2855 laromam
441 2807 599 2855 mentonem
615 2804 749 2869 compescit]
814 2811 847 2856 Ia
860 2810 974 2858 otlemm
987 2807 1089 2872 pronas]
1112 2809 1151 2858 Sic
1164 2812 1224 2858 bene
1234 2810 1300 2860 une-

234 2870 747 2934 Rbenanus(eBud.)repoariteompeseas't.
781 2885 856 2919 nanus
878 2873 955 2920 edidit
989 2874 1062 2922 MSS.
1080 2881 1103 2920 et
1121 2873 1175 2923 edd.
1195 2877 1298 2924 ante·=is

233 2935 306 2983 Male.
339 2934 408 2982 Istud
421 2935 493 2983 MSS
507 2937 568 2983 Iler.
583 2936 746 2999 Gueltlffleg.
783 2938 881 2984 Otboae.
897 2937 970 2987 Era.
1000 2937 1144 2986 SieetBed.
1193 2977 1194 2980 ,

233 2999 505 3062 IalllAgr.edd.-ante
515 3000 592 3048 Rben.
602 3014 691 3050 omnes.
716 3001 748 3048 ut
811 3000 1093 3066 antemusium]
1115 3001 1175 3066 Agr.
1186 3004 1300 3051 Anteae.

232 3065 458 3128 sequiturlargitcr.
490 3064 642 3129 Quamquam
654 3074 679 3114 et
691 3065 749 3113 alibi
780 3066 842 3115 Mox
854 3065 951 3116 Bud‘et
958 3068 1102 3128 Maritum.

231 3144 339 3193 presens,
357 3129 493 3190 perlectum,
510 3129 671 3192 imperfectam
685 3129 749 3192 apud
819 3133 942 3194 Appalrar
973 3132 1050 3179 littori
1076 3130 1224 3196 trucidetur]
1259 3132 1297 3182 Sic

232 3201 337 3242 nosmrm
347 3192 748 3257 eodernloeoseexcipiuntrtamen
781 3194 922 3244 Mearm.
932 3196 1011 3245 Guelt.
1020 3194 1071 3245 edd.
1079 3195 1169 3244 Puteal
1178 3197 1233 3245 Ber.
1260 3197 1301 3246 At

231 3258 381 3307 ista‘variaas
390 3271 438 3304 nou
447 3256 566 3306 mterenda
579 3258 629 3306 sine
637 3270 749 3306 mesenen
780 3259 831 3308 edd
843 3276 878 3323 pr.
888 3261 965 3310 Rhea.
975 3264 1001 3320 (e
1012 3258 1086 3321 Bud.)
1098 3275 1147 3324 sqq.
1156 3263 1298 3311 meldum.

232 3325 345 3371 bonorum
367 3331 390 3370 et
408 3330 512 3370 veterum
533 3323 653 3370 librorum.
675 3322 747 3370 nas.
781 3323 846 3372 Illud
862 3327 961 3374 restituit
976 3325 1076 3388 Lipsius.
1093 3325 1164 3374 Eas.
1198 3325 1296 3376 Floret

230 3387 318 3436 Sedet
334 3386 373 3434 bic
387 3399 445 3434 mox
458 3388 557 3435 occinit
571 3389 745 3450 honoravitque.
779 3388 839 3452 Agr.
851 3391 951 3452 appulsa
962 3392 1048 3438 litoris.

232 3452 281 3499 Pro
290 3449 669 3514 mumananAgr.pettttmm.
683 3469 687 3477 ·
701 3453 748 3502 Ge-
812 3455 887 3502 Nau
902 3456 1138 3515 Vitelltoeoqairente
1174 3452 1299 3504 Meritoid

231 3525 307 3567 terum
323 3515 458 3578 exanplum
474 3515 549 3564 simile
562 3517 587 3564 in
599 3517 663 3565 Icelo
677 3516 748 3565 babes
780 3520 875 3566 verbum
889 3519 990 3583 reposui,
1006 3535 1060 3567 cum
1076 3519 1101 3566 in
1148 3517 1190 3566 SSt
1201 3519 1296 3582 reperis-

231 3579 748 3645 H.l‚1³.ctcannegieterdemucnom.
780 3586 986 3646 somnoquireote.
1012 3582 1248 3647 Aeqeiremimpro
1258 3584 1297 3632 in-

232 3645 304 3693 Rem·
321 3654 363 3692 rat.
383 3645 427 3691 sub
446 3643 546 3710 Princip
567 3661 587 3694 c.
608 3646 646 3693 la
686 3646 747 3695 Mox
779 3646 854 3710 quire,
867 3649 913 3697 sive
927 3649 1177 3712 potiusvaldequaem,
1189 3648 1258 3697 veteri
1270 3659 1295 3698 et

229 3709 295 3758 Bud.
307 3710 394 3766 Isdem,
405 3709 507 3758 utrolet.
539 3710 675 3760 Deinidem
686 3713 748 3760 male
779 3714 850 3773 proba
866 3721 920 3760 nota
935 3714 1051 3778 signamm
1066 3713 1162 3762 verbum
1176 3721 1218 3774 est,
1229 3714 1295 3763 Clee-

230 3776 370 3821 ebscearirre·
780 3777 838 3835 roni,
845 3776 954 3837 Varroni,
961 3777 1141 3842 aliisquecrebro
1149 3787 1295 3842 usurpatum,

265 3839 295 3886 X
298 3840 385 3888 VIIII
394 3841 502 3899 seltener,
515 3844 617 3904 quinque
625 3841 682 3906 alo]
716 3842 747 3888 In
778 3843 857 3890 crebro
874 3851 1015 3906 corruptum·
1040 3844 1116 3891 laras.
1148 3843 1297 3906 Anquireote

230 3903 295 3951 Flor-
310 3903 385 3966 (Bnd.
403 3904 477 3968 Agr.)
492 3906 528 3953 ed.
545 3921 580 3968 pr.
597 3907 691 3969 legitur,
708 3907 746 3953 dr-
779 3906 988 3968 praecursum.
1015 3908 1051 3957 At
1061 3909 1097 3956 ed.
1107 3923 1144 3972 pr.
1153 3911 1294 3970 nequeunte.

230 3979 362 4015 cemrwoem
372 3971 490 4017 cobonerr
507 3971 569 4018 unde
581 3971 747 4034 Ryokiusedi-
779 3968 845 4018 Ante
865 3982 914 4019 erat
935 3974 1075 4034 inquirente,
1094 3983 1122 4022 ut
1143 3974 1219 4022 estin
1239 3975 1295 4024 MS.

229 4033 264 4080 dit
274 4033 354 4081 XIX.
379 4034 701 4096 J.Gronoriusaeoendceim
710 4036 747 4082 in-
780 4034 859 4084 Guelf.
878 4037 964 4099 (Bud.)
984 4046 1007 4085 et
1028 4039 1079 4088 aliis
1097 4055 1135 4102 ap.
1153 4039 1293 4088 Broterinm.

227 4097 409 4161 mayllem
434 4098 490 4146 Ms.
502 4099 744 4148 enatarunt:-
777 4099 847 4147 ΕΒΗ.
881 4101 1143 4152 SicetPutAleRb.

228 4161 285 4210 cidit
307 4163 335 4209 V.
351 4164 442 4212 Puteol.
454 4166 485 4212 X
488 4166 581 4212 VIIII.
613 4163 650 4212 At
667 4164 691 4211 in
707 4164 742 4212 ed.
817 4167 932 4222 Quamvis
958 4182 1046 4229 magno
1070 4169 1197 4230 tranum]
1230 4167 1292 4216 Fler.

227 4226 338 4274 Berodtli
349 4230 488 4289 abortuum,
499 4237 523 4278 et
532 4228 621 4277 editum
632 4231 743 4287 XVIII,
777 4231 842 4277 beve
853 4233 938 4279 audite
949 4234 974 4279 oi
985 4236 1092 4294 quamvis
1106 4247 1193 4292 anagnu
1204 4233 1292 4278 trausi-

226 4290 422 4354 quodedomnes
431 4302 591 4356 propagatum.
625 4294 745 4342 Librarius
776 4295 838 4344 eant.
870 4297 909 4344 Sic
919 4305 942 4345 et
953 4297 988 4344 ed.
1000 4315 1034 4362 pr.
1072 4291 1293 4345 Tremibontetiam

228 4355 367 4415 Florentini,
385 4356 443 4404 dum
459 4359 510 4406 vult
530 4372 654 4406 numerum
670 4358 745 4406 nesbit
778 4359 833 4408 MS.
845 4361 924 4409 Guelf.
936 4362 1066 4424 vulgatum
1077 4365 1207 4407 verumest.
1236 4357 1294 4406 Aei-

226 4419 364 4533 caprifingg,
375 4423 405 4470 ab
415 4421 548 4484 elegantiori
557 4423 646 4471 satiem
656 4424 745 4470 aberra
777 4423 852 4536 iodim
857 4425 995 4536 penjicifebptt
1003 4423 1181 4534 tregrumtttelget.
1199 4421 1225 4498 Si
1235 4423 1292 4532 inid

227 4499 251 4532 u
352 4520 359 4534 .
802 4503 855 4535 nan
874 4503 913 4536 um
945 4503 970 4534 or
993 4521 1000 4549 ,
1023 4504 1047 4536 m
1081 4501 1116 4534 em
1149 4499 1291 4545 enarrarre,
