3059 4975
250 280 319 337 sc.
333 279 416 352 nn.
621 267 766 334 mn1v.
786 269 871 332 cnr.
892 260 939 332 sn
966 288 969 293 ·
1245 262 1306 332 ars

251 439 477 526 Vespasianum
492 435 654 501 inclinatio
675 435 852 500 Numinum
873 421 1095 501 ostenderetur.
1145 434 1200 500 Ex
1216 434 1310 524 plebe

252 524 467 590 Alexandrina
501 522 617 600 uidam,
629 521 791 586 oculorum
804 523 876 588 tabe
888 535 993 599 notus,
1004 543 1107 606 genua
1120 519 1191 608 ejus
1204 520 1311 586 advol-

251 610 347 689 vitur,
363 545 566 674 “remedium
576 607 738 671 caecitati?
751 629 918 705 exposcens
930 607 1069 693 gemitus
1091 605 1212 670 monitu
1222 609 1311 671 sera.

252 696 334 782 pidis
348 694 419 771 Dei,
439 715 533 781 quem
550 692 656 756 dedita
669 692 937 777 superstitionibus
950 713 1027 777 gens
1040 703 1113 756 ante
1126 691 1202 755 alios
1220 690 1310 756 nolit:

253 781 498 868 precabaturque
507 776 696 863 Principem,
706 784 728 816 ‘⁴
738 791 775 840 ut
785 799 880 862 genas
887 791 919 841 et
930 777 1091 842 oculorum
1102 777 1193 842 orbes
1203 777 1313 864 digrru·

253 881 341 930 retur
354 886 531 952 respergere
544 862 606 926 oris
614 864 838 927 excremento.”
856 861 1084 943 Aliusmanum
1095 885 1187 949 oeger,
1202 863 1311 926 eodem

254 953 326 1016 Deo
339 965 475 1028 auctore,
491 955 513 988 “
522 946 646 1034 tripede
656 970 692 1012 ao
702 947 780 1012 vesti
803 947 833 1010 'o
842 948 974 1012 Goesaris
986 947 1184 1027 calcaretur,”
1193 947 1312 1012 orabat.

255 1035 465 1124 Vespasianus
480 1033 583 1119 primo
600 1032 744 1112 inridere,
801 1032 956 1120 sperneris
978 1055 998 1096 a
1033 1055 1084 1112 ue,
1097 1033 1158 1097 illis
1173 1031 1313 1116 instanti-

254 1123 326 1202 bus,
341 1121 435 1186 modo
452 1120 568 1184 famam
582 1117 725 1183 vanitatis
737 1132 886 1197 metuere,
900 1045 1216 1184 mmobbseomtione
1232 1119 1315 1218 ipsos

255 1230 327 1271 rum
340 1219 372 1272 et
384 1205 512 1270 vocibus
525 1203 721 1269 adulantium
737 1203 770 1267 in
790 1226 876 1291 spem
896 1202 1022 1268 induci:
1042 1217 1198 1291 postremo
1211 1203 1315 1268 exrstia

256 1292 335 1357 mari
348 1313 368 1356 a
381 1291 507 1356 medicis
513 1289 617 1378 jubet,
632 1311 672 1354 an
686 1288 756 1353 talis
769 1288 891 1354 caecitas
903 1312 940 1353 ae
949 1288 1091 1354 debilitas
1104 1312 1164 1389 ope
1177 1289 1315 1354 humana

257 1376 444 1464 superabiles
457 1377 568 1440 forent.
612 1373 732 1440 Medici
746 1374 832 1438 varie
844 1375 1010 1439 disserere:
1034 1382 1055 1414 “
1066 1375 1101 1438 H
1103 1396 1153 1439 mc
1167 1397 1230 1439 non
1243 1398 1315 1440 exea

197 1453 208 1575 l
255 1486 322 1528 sam
335 1463 400 1526 vim
415 1460 554 1538 luminis,
573 1474 605 1525 et
621 1459 803 1537 redituram,
824 1460 851 1524 si
872 1457 1061 1547 pellerentur
1075 1460 1247 1526 obstantiae
1270 1460 1316 1524 illi

204 1578 212 1649 ἰ
256 1549 376 1636 elapsos
388 1547 420 1614 in
434 1567 566 1634 pravum
580 1559 676 1624 artus,
689 1545 714 1609 si
729 1543 860 1609 salubris
868 1544 915 1609 vis
928 1545 1122 1625 adhibeatur,
1194 1545 1315 1611 seinte-

205 1660 212 1743 ξ
257 1632 352 1721 grari.
390 1630 432 1698 ld
445 1632 573 1698 fortasse
586 1630 673 1696 oordi
688 1629 776 1711 Deis,
793 1641 826 1694 et
837 1629 945 1697 divino
957 1628 1127 1696 ministerio
1168 1626 1316 1720 rincipem

202 1782 207 1810 Ι

257 1820 322 1871 Bud.
332 1817 773 1884 niueo.Agr.eoe1sum=quodpro-
803 1817 897 1867 milium
916 1821 947 1867 ab
963 1818 1085 1867 Antonino
1095 1818 1158 1885 Imp.
1175 1824 1318 1881 patratamm

258 1884 308 1934 bsri
318 1899 364 1933 non
372 1893 455 1948 potat,
462 1885 518 1947 quis
527 1899 583 1932 mox
591 1885 772 1932 Namiuamse-
803 1883 922 1932 mertioiit
929 1883 955 1930 in
962 1883 1047 1932 tabells
1053 1889 1188 1936 mmmores,
1199 1897 1252 1945 qus
1261 1877 1319 1929 olim

258 1949 345 2014 quitur,
361 1949 425 2012 quod
440 1950 470 1996 sb
483 1949 524 1997 illo
537 1948 572 1995 nil
581 1948 664 1995 differt.
687 1947 773 1995 Moxe
804 1945 891 1996 soetisse
900 1956 995 2010 putetur
1005 1947 1029 1995 in
1044 1946 1132 2009 templo
1142 1944 1271 2008 AEserrlapii
1281 1946 1320 1993 ina

254 2015 320 2077 plebe
331 2013 386 2062 MS.
404 2011 490 2078 (Bud.)
510 2013 570 2074 Agr.
588 2011 623 2060 ed.
639 2027 675 2077 pr.
697 2011 772 2058 Eun.
804 2011 861 2058 mire
876 2011 1000 2072 Tiberine,
1012 2025 1083 2075 quarn
1100 2010 1194 2058 exhibet
1209 2009 1277 2057 (iret
1293 2025 1319 2072 p.

166 2067 180 2191 l
260 2079 315 2140 Bip.
326 2075 514 2142 praeiemntqair
525 2092 537 2125 s
548 2077 618 2125 ralis.
805 2074 845 2130 71.
873 2075 1007 2123 Promiseue
1014 2076 1071 2124 olim
1080 2077 1179 2138 Sarapis
1189 2083 1213 2122 et
1223 2075 1322 2136 Serapis

164 2196 170 2225 l

158 2232 167 2281 l

294 2144 423 2192 Oculorum
432 2143 482 2191 tabe
491 2141 571 2205 amas]
589 2140 615 2188 Si
625 2148 660 2188 est
670 2155 704 2195 es,
719 2153 774 2204 quta
803 2138 887 2188 dietus.
902 2139 935 2188 V.
947 2140 980 2188 ih.
990 2156 1014 2204 p.
1022 2142 1062 2187 22.

260 2207 350 2262 Graecis
360 2207 438 2264 otiose
447 2205 539 2267 dieitur,
550 2212 578 2253 ιιι
587 2204 663 2268 plsoet
673 2205 722 2252 viro
732 2204 774 2252 do-
830 2205 911 2266 Maaa
916 2206 992 2270 ager]
1001 2205 1056 2254 MS.
1064 2203 1230 2253 Flenmanam
1238 2203 1320 2268 equod

259 2280 297 2328 eto
307 2270 370 2334 apud
381 2269 499 2333 Ryolsium
508 2272 562 2335 (neo
571 2284 674 2318 oausam
685 2268 775 2317 dissen-
806 2267 890 2332 reoepit
905 2268 933 2316 J.
948 2268 1086 2318 Gronovius.
1102 2267 1224 2318 consentit
1240 2268 1321 2316 Guelf.

259 2336 331 2386 tiendi
341 2333 419 2395 rideo)
429 2335 565 2398 intelligitur
575 2334 663 2382 caeoitss
679 2333 776 2382 enimin
806 2333 858 2380 Neo
873 2333 996 2397 indignum
1012 2333 1102 2393 Tacito,
1119 2332 1240 2382 (itacismi
1255 2347 1320 2380 ame·

260 2398 776 2514 adsiduitatitttdntt
806 2397 1327 2512 mmmm&

261 2479 409 2578 sonumeidi
419 2544 458 2578 se:
476 2529 505 2577 de
518 2542 545 2577 ea
554 2527 642 2593 phthisi
653 2496 715 2575 exist
723 2542 776 2575 eru·
808 2535 880 2585 tatus,
898 2527 928 2575 de
941 2542 1007 2576 crure
1021 2528 1101 2577 eadem
1114 2478 1231 2575 tradentis.
1248 2528 1324 2575 Eunt

260 2593 440 2657 ditadisputstio
446 2592 580 2642 Msuebsrti
587 2592 676 2641 Medici
684 2592 776 2639 'l'ubin-
807 2590 872 2639 Bud.
887 2601 997 2656 onnrupte
1006 2607 1127 2654 magnust.
1150 2592 1269 2640 (itacismi
1280 2606 1323 2640 ex·

260 2658 345 2722 gensis,
355 2672 426 2721 quem
441 2664 518 2705 temen
530 2656 568 2706 hic
579 2656 643 2705 lours
651 2655 728 2704 Taciti
738 2656 777 2703 fu-
807 2656 917 2719 enplsv.
929 2657 961 2704 Α.
975 2658 1062 2713 laos.
1090 2656 1125 2703 H.
1138 2656 1158 2710 l,
1171 2658 1211 2704 42.
1235 2656 1323 2705 Conna

261 2724 303 2787 git.
314 2724 386 2771 Ean.
408 2722 439 2769 In
451 2721 629 2778 definitionibus,
639 2736 691 2783 quse
701 2720 776 2768 tribn-
808 2720 944 2768 Suetonium
955 2729 1096 2770 rumnostm
1106 2720 1162 2768 iacit
1171 2720 1220 2769 Dio
1229 2721 1271 2780 oo,
1281 2723 1307 2767 b.

261 2795 333 2835 untur
342 2786 442 2845 Gelono,
451 2787 513 2833 tabet
523 2800 540 2833 s.
545 2786 649 2847 potants
657 2785 778 2847 estpapil·
840 2786 987 2831 Existimori
996 2801 1012 2831 a
1019 2786 1199 2848 mdirisjaost]
1215 2780 1323 2833 Sio'seci-

262 2852 292 2899 1ae
302 2851 430 2897 inminutis
440 2863 495 2896 ram
505 2850 671 2897 obscuratione.
807 2846 893 2911 pimds
908 2858 931 2895 et
944 2849 1042 2911 merids
1057 2858 1125 2897 retus
1141 2848 1214 2898 MSS.
1232 2848 1268 2903 (in
1285 2848 1324 2896 his

296 2914 437 2963 Reosediam
455 2927 577 2975 asparem
595 2912 704 2975 gemiiu3
727 2924 786 2959 saa·-
808 2910 1324 2976 Bud)eted.pr.srriptnrnestimasi‚qnam

263 2981 318 3035 sita
328 2978 367 3042 8.]
380 2977 429 3027 Vix
437 2976 536 3037 medam,
545 2974 779 3025 Tasitisuresmlisse
810 2975 1055 3039 Puteolanusprirnus
1066 2976 1178 3025 mnvertit
1190 2977 1216 3025 in
1228 2979 1324 3025 minsa-

262 3045 372 3105 gemitas
384 3044 492 3090 monitat
503 3056 567 3090 meas
589 3038 667 3089 uidem
675 3038 788 3089 offendit..
809 3042 849 3087 ri:
867 3039 929 3087 unde
943 3040 1048 3104 vulgatos
1063 3055 1143 3088 omnes
1157 3040 1196 3087 hio
1209 3043 1335 3089 oertinrart
1397 3099 1400 3104 y

259 3109 365 3158 Gemite
375 3115 415 3155 sut
424 3105 529 3171 spurium
536 3108 575 3171 (su
601 3104 779 3166 atenimaeapo-
810 3104 913 3152 obdnet:
930 3104 1000 3164 mele,
1016 3120 1046 3153 ex
1055 3104 1094 3163 iis,
1105 3119 1159 3168 quse
1168 3103 1324 3164 sdAnn.13;

264 3188 338 3230 scens,
352 3178 380 3219 ut
396 3177 489 3219 orantes
504 3184 542 3233 sp.
557 3168 694 3219 Suetonium
709 3184 730 3219 a.
740 3165 779 3229 7.)
812 3169 850 3223 17.
867 3167 950 3218 dehoe
959 3172 1029 3218 veho
1038 3168 1150 3217 diximus.
1180 3169 1324 3231 Eterrirnju·

265 3243 528 3311 anteprmptumputo.
559 3233 702 3281 Ceterumin
716 3232 781 3281 libris
811 3235 901 3281 &dam
918 3233 1060 3286 medianrum
1074 3232 1176 3297 requirit,
1193 3248 1223 3281 an
1240 3248 1274 3282 ee
1290 3250 1326 3282 res

266 3301 326 3349 nihil
336 3298 427 3360 auxilii,
444 3298 489 3347 tusi
500 3297 563 3364 quod
573 3297 598 3345 in
613 3296 692 3346 Gueli.
708 3306 743 3347 est
754 3300 782 3344 ia
811 3298 861 3346 lieri
874 3298 977 3361 poeninis
994 3314 1048 3363 quse
1063 3306 1099 3347 est
1112 3299 1263 3356 existimatio,
1277 3312 1326 3349 non

263 3368 373 3428 gemitus
390 3362 453 3412 unde
462 3377 509 3411 non
521 3360 618 3411 absurde
628 3360 732 3425 corriges,
743 3364 782 3409 ia·
811 3364 944 3410 ostimmio.
959 3362 1031 3412 Eas.

264 3432 383 3492 graiium.
412 3427 471 3477 Oret
481 3427 609 3477 remelium
619 3425 727 3475 eman·
738 3426 783 3474 sibi
806 3442 811 3453 ¹
845 3428 915 3475 Heia
927 3441 975 3475 noo
985 3442 1077 3475 cauam
1087 3429 1137 3476 vim
1149 3428 1206 3492 eta]
1223 3427 1276 3475 Aut
1285 3444 1327 3477 ex.

267 3498 297 3544 ab
304 3494 345 3543 illo
353 3491 559 3557 adhiberi,quodei
569 3490 664 3540 insitum
672 3489 783 3539 divinitus
813 3487 869 3541 sidit
879 3492 955 3538 rideri
962 3499 1019 3541 ente
1028 3494 1087 3552 rim,
1098 3501 1140 3540 sat
1154 3501 1232 3540 tamen
1241 3493 1328 3541 intelli.
1337 3511 1341 3519 ι

261 3568 330 3608 esset
370 3558 409 3607 Sic
426 3555 565 3606 Plutarchus
579 3555 604 3603 in
621 3554 705 3619 Pyrrh.
721 3568 742 3603 o.
757 3555 783 3603 3.
813 3555 925 3619 gendum,
939 3564 967 3605 ut
984 3563 1052 3605 ratas
1069 3565 1092 3605 et
1108 3555 1193 3605 similis
1206 3557 1269 3621 apud
1284 3572 1328 3605 no-

266 3623 346 3683 tradit,
363 3621 481 3686 Pyrrhum
495 3620 595 3670 lienosos
603 3634 693 3668 aureae
702 3619 784 3667 dextm
813 3628 888 3669 strum
897 3634 944 3667 non
954 3635 1002 3669 nno
1017 3620 1075 3669 loeo.
1096 3619 1193 3683 lid-pr.
1202 3634 1327 3685 excomm,

268 3688 326 3751 l'ede
336 3686 649 3751 Pmexistimstumque,
660 3683 686 3733 in
695 3684 784 3745 majore
813 3693 838 3732 et
847 3684 879 3733 sio
892 3693 1018 3734 wneotum
1034 3685 1059 3733 in
1070 3685 1126 3733 MS.
1141 3684 1221 3735 aaut.
1236 3702 1252 3734 a
1263 3701 1326 3735 mm.

259 3752 319 3863 ieilid
329 3750 540 3879 pedcfflgums
550 3750 613 3861 age»
622 3747 784 3860 Mnamfflffi
814 3764 859 3797 ses.
867 3750 929 3798 Mox
937 3748 1000 3798 idem
1006 3750 1172 3863 Mipparram
1179 3764 1234 3863 serp.
1244 3750 1329 3865 Phasi
1340 3756 1344 3772 ²

525 3830 556 3863 uo
936 3830 952 3861 a
967 3829 1013 3863 seo.
1145 3830 1188 3863 rs*
1264 3832 1284 3864 r.

263 3830 483 3941 'shiff'nimsnsissn
509 3826 709 3939 Mox-imis,
720 3876 785 3940 quod
810 3821 1281 3930 mmmmm&
1291 3881 1329 3927 in.

262 3941 786 4007 ·ediditproSaropidiseFlor.Pitbenr,est
815 3942 933 4007 relligione
942 3944 994 3992 vult
1003 3943 1052 3991 vim
1065 3944 1188 3993 salubrem.
1220 3945 1330 4008 Dmique

269 4009 294 4055 in
304 4007 379 4072 (Bud.
390 4014 423 4067 et)
431 4007 538 4055 omnibus
544 4006 595 4055 edd.
601 4004 655 4055 inde
665 4021 680 4053 s
690 4006 782 4054 Puteal.
810 4009 912 4069 passati,
923 4007 986 4070 quod
993 4008 1055 4056 idem
1063 4008 1141 4057 Rhea.
1151 4010 1329 4073 plsoebsteve-

270 4074 338 4122 Solus
364 4070 459 4135 lipsius
479 4070 551 4120 edidit
575 4071 683 4132 Sarapis,
708 4069 785 4119 neseio
815 4071 949 4135 sngiisnts
956 4072 1018 4120 Bnd.
1024 4072 1101 4138 inquo
1104 4075 1195 4137 parari,
1199 4072 1330 4136 jsmrqreri

261 4137 341 4184 unde.
354 4136 410 4185 MS·
426 4135 486 4199 ngr.
502 4135 538 4184 ed.
549 4150 584 4200 pr.
602 4137 706 4197 Serapis,
718 4144 741 4183 et
751 4134 785 4183 sio
808 4136 843 4183 in
856 4136 893 4185 ed.
908 4151 943 4200 pr.
955 4145 979 4185 et
991 4137 1025 4186 sio
1038 4130 1110 4187 edidit
1121 4135 1217 4199 lipsius
1231 4144 1255 4183 et
1265 4151 1328 4199 seqq.

271 4198 785 4263 oonexeratrirdootusinmnrgineilryphii.
815 4215 903 4249 omnes.
928 4199 1107 4266 Ceteripesacti.
1117 4201 1190 4248 Ean.
1215 4200 1330 4249 Nihilhia

272 4264 335 4313 Mox
345 4263 380 4313 ed.
392 4280 427 4328 pr.
437 4266 563 4328 dirtageat
572 4266 784 4327 superstitionibus,
816 4266 925 4313 «aasz
953 4266 1015 4326 Quae
1034 4267 1170 4319 rdemnmn
1193 4264 1294 4327 pendent
1314 4280 1330 4313 s

272 4328 329 4377 item
339 4328 419 4390 paullo
425 4338 490 4392 post:
508 4344 616 4392 respuere
621 4331 670 4377 oris
680 4343 785 4389 essoca-
815 4332 886 4379 verbo
900 4333 1019 4380 disserere·
1034 4329 1097 4378 Bud.
1111 4342 1210 4375 caesari.
1216 4344 1330 4391 pravum.

263 4400 357 4445 meto.
373 4392 444 4441 Bau.
475 4393 513 4442 De
523 4392 659 4457 Vespasiani
669 4392 787 4442 miraculis
808 4397 945 4457 ›imgrnra
1002 4411 1004 4416 ·

272 4458 400 4522 egithi.
411 4457 482 4511 inod·
494 4459 548 4519 maj.
561 4467 578 4507 t.
590 4458 612 4507 3.
629 4473 652 4521 p.
664 4459 730 4509 o29.;
748 4458 786 4506 Si·
811 4487 815 4493 -
849 4461 953 4523 illapsas
964 4460 990 4505 ia
996 4472 1102 4520 pravam
1112 4459 1191 4521 artat]
1204 4458 1242 4507 lu
1253 4457 1344 4508 Rham·
