3059 4975
196 257 255 313 sss
581 246 885 309 msronunuu
1094 251 1268 325 [rasas

195 416 377 483 abnuerent.
406 414 703 501 ¹Civilis‘primores
724 412 827 497 gentis
847 424 879 476 et
900 435 990 497 prom
1014 413 1147 479 tissimos
1166 416 1265 502 vulgi,

198 502 298 605 specie
313 500 488 589 epularum,
509 522 630 565 sacrum
649 499 682 563 in
699 521 811 563 nemus
825 511 959 578 vocatos,
979 436 1035 563 ulti
1057 514 1148 566 nocte
1162 526 1199 565 ac
1212 502 1267 565 lae·

196 590 267 653 trtia
285 586 447 651 incaluisse
461 586 558 665 videt,
573 611 592 651 a
609 586 702 649 laude
723 583 884 671 gloriaque
900 584 1002 670 gentis
1015 609 1115 665 orsus,
1136 588 1267 673 injurias

196 688 228 739 et
250 688 359 761 raptus
382 684 414 736 et
433 686 534 737 cetera
553 671 668 736 servitii
692 669 773 734 mola
793 685 963 734 enumerat.
1009 677 1031 710 “
1050 674 1164 758 Neque
1181 672 1265 738 enim

196 760 382 837 societatem,
406 770 442 822 ut
456 757 540 836 olim,
560 757 614 822 sed
632 770 793 843 tamquam
815 756 969 843 mancipia
987 756 1111 821 haberi:
1135 759 1264 845 quando

196 846 365 943 Legatum,
388 844 477 930 gravi
499 844 627 929 quidem
649 842 798 907 comitatu
822 856 854 905 et
875 842 1011 929 superbo
1029 866 1100 906 cum
1120 844 1262 931 imperio,

194 935 322 996 vemre?
345 929 426 995 tradi
441 952 472 993 se
484 929 645 994 Praefectis
656 926 979 1025 Centurionibusque:
1002 951 1081 1014 quos
1091 930 1146 994 ubi
1160 929 1266 1017 spoliis

194 1030 226 1083 et
247 1016 397 1103 sanguine
416 1014 618 1101 expleverint,
639 1014 766 1091 mutari,
790 1014 975 1099 exquinque
998 1036 1097 1079 novos
1121 1016 1205 1080 sinus
1229 1029 1262 1081 et

194 1104 280 1167 varia
292 1100 455 1189 praedandi
471 1100 630 1165 vocabula.
675 1099 798 1162 Instare
811 1098 978 1177 delectum,
992 1123 1058 1185 quo
1070 1100 1160 1166 liberi
1177 1125 1197 1165 a
1210 1126 1264 1189 pa-

193 1189 344 1266 rentibus,
374 1187 485 1250 fratres
513 1209 532 1248 a
560 1182 719 1260 fratribus,
746 1182 833 1246 velut
861 1206 1042 1269 supremum
1070 1186 1264 1255 dividantur.

192 1275 369 1360 Nunquam
391 1271 489 1355 magis
511 1270 666 1333 adflictam
688 1292 754 1332 rem
770 1268 958 1347 Romanam,
980 1291 1037 1333 nee
1050 1270 1137 1335 aliud
1159 1273 1194 1335 in
1214 1274 1262 1336 hi-

192 1360 307 1436 bernis,
323 1378 419 1443 quam
437 1354 577 1442 praedam
592 1368 624 1418 et
638 1377 740 1418 senes:
764 1354 949 1419 adtollerent
962 1368 1085 1419 tantum
1103 1356 1210 1422 oculos
1230 1372 1263 1423 et

192 1445 296 1509 inania
305 1442 462 1526 legionum
474 1441 600 1503 nomina
610 1463 649 1503 ne
663 1453 878 1526 pavescerent:
894 1455 927 1503 at
941 1439 999 1503 sibi
1012 1441 1109 1505 robur
1118 1443 1262 1529 peditum

191 1529 413 1617 equitumque:
428 1526 684 1613 ¹consanguineos
706 1526 899 1591 Germanos:
930 1525 1049 1592 Gallias
1071 1527 1155 1593 idem
1172 1530 1261 1619 cupi-

190 1743 248 1789 bum
267 1741 388 1803 compositi
406 1756 496 1805 semper
512 1748 643 1806 suspectum
664 1738 707 1788 ha·
745 1738 924 1805 sespoliandosr
942 1740 1006 1805 quod
1016 1749 1050 1789 est
1061 1741 1154 1789 falsum.
1183 1741 1260 1805 Igitur

190 1807 239 1865 bui,
252 1806 315 1869 quod
332 1807 356 1853 in
368 1807 441 1854 MSS.
453 1810 498 1869 (est
509 1806 578 1853 etiam
595 1807 619 1853 in
631 1805 707 1867 Bud.)
742 1814 843 1853 veterem
858 1806 962 1853 revocavi
979 1806 1196 1869 interpunctionem,
1207 1822 1261 1869 quaa

190 1880 213 1917 et
224 1870 275 1918 edd.
287 1886 335 1919 esse
345 1870 466 1918 videbam:
484 1886 627 1934 quamquam
644 1870 707 1918 enim
742 1878 797 1917 ante
807 1869 916 1932 lipsium
930 1870 981 1918 fuit.
1018 1873 1117 1927 Quando
1129 1871 1215 1934 accipio
1224 1871 1261 1919 di·

190 1934 283 1983 delendi
300 1950 368 1998 posse
376 1935 466 1983 videtur
476 1934 527 1982 loco
544 1936 653 1983 Sallustii
669 1950 706 1997 ap.
743 1943 808 1981 ctum
824 1949 867 1997 pro
883 1937 975 1996 quippe,
987 1935 1049 1999 quod
1065 1935 1090 1981 in
1106 1936 1207 1983 oratione
1217 1937 1260 1983 ob·

190 1999 316 2057 Carisium,
325 2000 366 2047 ubi
374 2001 433 2047 lauit
442 2012 483 2047 etc.
490 2002 569 2061 pretio
577 2001 707 2061 compositi,
742 1999 815 2061 liqua,
826 2006 854 2045 ιιι
864 2001 965 2060 quando,
976 2015 1030 2047 cum
1044 1998 1158 2047 infinitivo
1168 1999 1258 2047 dicitur.

188 2062 237 2113 ie.
247 2064 330 2127 parati,
342 2072 472 2124 occurrunt,
484 2065 562 2127 sicque
572 2064 707 2127 interprete·
743 2062 852 2111 Ceterum
874 2078 920 2110 non
941 2078 985 2127 pro
1001 2072 1062 2112 certo
1078 2064 1161 2123 dicam,
1181 2064 1259 2113 locum

189 2135 228 2175 tur
244 2128 268 2175 h.
287 2128 303 2175 t
323 2128 446 2189 Gesnerus,
465 2138 542 2177 tamen
558 2128 707 2176 durissimum
742 2126 803 2173 nihil
823 2129 958 2191 corruptela
978 2128 1067 2177 habete.
1088 2128 1143 2176 Ms
1164 2129 1259 2193 quidem

190 2208 320 2241 essenemo
334 2202 410 2256 neget.
442 2194 527 2255 Neque
538 2208 590 2239 vero
605 2202 707 2239 auctores
741 2191 822 2253 Agric
834 2192 1260 2254 habetzquandohegatum-ventre

190 2258 306 2305 seditionis
322 2266 440 2319 parantur,
453 2256 493 2304 sed
503 2256 558 2304 socii
568 2258 598 2303 ab
608 2256 707 2304 auctori-
737 2271 844 2317 parums
861 2256 932 2319 idque
942 2257 1025 2305 melius
1038 2256 1256 2321 putabatRyekius.

189 2323 240 2369 bus.
273 2322 320 2369 Sed
336 2322 489 2383 suspicionem
505 2321 639 2384 corruptela
653 2335 706 2367 con·
742 2322 773 2368 In
795 2320 830 2368 ed
850 2338 885 2384 pr.
905 2331 984 2370 autem
1006 2332 1041 2370 est
1062 2323 1193 2384 quemdam,
1215 2337 1257 2385 pro

189 2386 484 2449 linnevitedprincquae
494 2386 706 2447 habetcompositoe
742 2388 868 2446 quondam.
902 2386 1107 2448 Etiamquldcmf
1116 2386 1121 2397 ’
1152 2386 1259 2434 tEnv.

187 2452 308 2499 seditionis
330 2458 453 2508 auctorem
477 2450 550 2514 quod,
570 2459 598 2498 ut
616 2450 705 2499 verissi·
742 2450 936 2499 Clnrioromnino
951 2452 995 2500 loci
1011 2466 1090 2500 sensus
1161 2452 1167 2463 '
1222 2451 1259 2499 in-

188 2529 265 2574 mum,
278 2516 376 2578 recipere
391 2530 439 2562 non
449 2516 560 2563 dubitavi.
594 2515 666 2563 Sicet
681 2516 706 2562 in
741 2515 899 2578 terrogationis
910 2516 983 2578 signo,
996 2517 1258 2565 utetBroteriovisum

189 2579 246 2627 Ms.
266 2580 325 2642 Reg.
346 2580 430 2642 reperit
448 2579 576 2638 Broterius,
594 2579 665 2642 idque
685 2589 708 2628 et
741 2587 764 2626 et
778 2580 833 2642 Bip.
866 2581 992 2627 Necenim
1010 2581 1119 2628 continuo
1132 2580 1217 2642 Legati
1231 2581 1258 2628 in

188 2642 463 2708 ipse(etLall.)reeepit
497 2644 590 2692 Sallust
598 2645 657 2706 lug.
666 2645 706 2692 43.
740 2643 836 2691 Batavis
846 2644 945 2691 adfuisse
955 2643 1086 2708 putandum
1097 2652 1138 2692 est.
1157 2646 1259 2701 Quidem

189 2709 257 2757 relos
274 2709 370 2770 paratis
390 2710 582 2770 compositisqucs
605 2708 636 2755 ib.
652 2709 705 2756 lll.
741 2709 784 2756 erit
795 2710 950 2770 proctamet
982 2708 1119 2756 MoxBud.
1132 2710 1258 2756 Centurio·

188 2775 329 2835 corapositas
340 2774 412 2820 dolas.
430 2773 482 2820 Liv.
495 2774 518 2830 4,
534 2773 707 2834 laevaparte
740 2774 810 2820 nllus
820 2773 868 2820 sine
878 2773 969 2837 copula.

188 2841 294 2886 consilia.
331 2839 465 2898 Cornposlta
476 2839 559 2884 seditio
570 2846 604 2885 est
617 2853 707 2902 prrepa·
780 2839 932 2899 analrlque
947 2853 1017 2885 novos
1031 2838 1109 2904 sinas]
1142 2841 1258 2888 Sinuesa.

188 2910 237 2950 rata
244 2903 303 2950 clem
315 2910 338 2950 et
345 2903 464 2950 instructa.
480 2903 548 2950 Alias
558 2917 605 2949 non
615 2902 705 2966 ignoro,
740 2902 851 2966 pecunia,
863 2903 904 2966 qui
920 2901 975 2961 sint,
992 2903 1081 2951 dictum
1092 2904 1122 2952 ad
1132 2904 1166 2951 Η.
1180 2907 1205 2964 2,
1217 2907 1256 2953 92.

188 2969 339 3028 compositam
356 2969 491 3014 seditiosam
504 2967 550 3015 dici
563 2967 706 3030 etiamque
740 2966 786 3013 Ed
802 2982 836 3029 pr.
854 2969 989 3028 eacqalqac.
1016 2968 1088 3015 Eur.
1121 2968 1187 3016 Bene
1201 2969 1257 3032 Bip.

188 3031 254 3080 finita
264 3032 301 3092 sit,
313 3040 341 3079 ut
351 3047 388 3094 ap.
401 3033 496 3080 Sueton.
509 3030 568 3080 Cres.
579 3036 603 3078 4.
612 3039 635 3078 et
642 3031 704 3078 alibi.
739 3029 786 3078 huo
795 3029 902 3078 adferunt
919 3031 997 3078 locum
1008 3032 1081 3079 Plinii
1094 3033 1132 3092 ll,
1149 3035 1182 3081 24
1191 3035 1256 3096 (28).

187 3097 269 3160 Atque
279 3097 329 3144 hsec
336 3097 394 3144 forte
401 3111 481 3144 caussa
490 3095 631 3159 corruptela,
643 3095 706 3157 quod
738 3094 781 3142 ubi
796 3096 863 3141 sinus
873 3095 903 3143 de
913 3095 990 3144 manci
1000 3096 1108 3157 reticulis,
1120 3097 1206 3161 quibus
1216 3099 1258 3162 qui

186 3161 274 3209 librarii
284 3177 311 3209 eo
322 3176 390 3208 sensu
404 3160 555 3224 compositam
571 3158 706 3206 seditionem
739 3157 888 3222 inplicantur,
898 3159 989 3208 exitum
1004 3175 1051 3209 non
1067 3161 1257 3227 habentprade

186 3226 232 3274 dici
243 3239 289 3276 non
298 3227 426 3287 putabant:
439 3224 502 3288 quod
509 3238 556 3270 non
564 3221 705 3283 mirandum,
739 3238 785 3286 que
796 3233 857 3271 sunt.

186 3305 241 3340 cum
253 3289 322 3336 etiem
333 3288 428 3351 Sigonio
438 3301 571 3350 componere
582 3289 706 3336 conslllum
771 3289 913 3338 Attollercnt
928 3297 1021 3339 tantum
1037 3294 1113 3339 omlcs
1126 3293 1182 3355 etc]
1209 3293 1256 3340 At-

91 3397 94 3403 .
187 3371 224 3418 ap.
236 3353 332 3402 Livium
351 3353 367 3400 l·
384 3367 403 3400 c.
420 3352 478 3401 dura
495 3353 583 3416 phrasis
602 3352 650 3400 visa
668 3351 704 3400 sit.
740 3354 906 3402 tollescocaloa
916 3355 1033 3416 dicuntur,
1044 3356 1085 3421 qui
1102 3356 1206 3402 animum
1217 3371 1257 3404 oa·

187 3419 249 3468 Mox
266 3419 364 3466 servitia
380 3419 451 3477 malo,
470 3417 533 3482 quod
550 3434 574 3466 se
590 3419 614 3480 (e
629 3417 705 3476 Butl.)
739 3417 808 3480 piunt
818 3420 954 3468 amolienda
964 3436 979 3467 a
989 3437 1013 3468 se
1023 3420 1144 3480 servitutis,
1156 3419 1197 3482 qui
1207 3420 1258 3483 pati

187 3483 310 3532 correxisse
321 3483 448 3532 Rhenanus
459 3483 515 3530 dicit
527 3484 620 3530 acrnltll
631 3484 703 3542 mola,
739 3482 835 3542 injurias
853 3485 954 3548 amplius
970 3484 1053 3532 nolunt
1069 3493 1111 3532 eto
1145 3485 1257 3532 normula

187 3557 235 3596 erat
253 3549 337 3596 vitium
359 3563 480 3611 operarum
502 3548 527 3594 in
549 3547 585 3594 ed.
609 3546 703 3594 Aleiati.
739 3549 915 3597 summelivio
925 3550 950 3606 6,
964 3551 1001 3596 16.
1010 3559 1053 3596 etc.
1084 3549 1173 3596 rnanta
1183 3549 1256 3609 legio-

187 3612 252 3659 Nam
263 3613 389 3675 superiores
399 3627 479 3660 omnes
489 3613 591 3660 servitii.
614 3612 686 3659 Eas.
738 3627 797 3658 aum
805 3616 972 3661 aominavocat
979 3612 1080 3674 legiones
1090 3612 1255 3675 infrequentes,

220 3679 322 3724 Sacram
334 3678 464 3741 lassemur]
482 3676 543 3726 Vide
550 3676 580 3724 de
589 3676 668 3724 Germ.
681 3678 704 3724 9.
738 3676 904 3741 invalidasque,
915 3693 973 3739 quas
983 3691 1052 3724 nano
1061 3675 1144 3725 debeat
1157 3677 1255 3726 timeres

187 3740 290 3790 Ubinam
307 3739 351 3786 hoc
361 3741 439 3801 fuerit,
455 3739 563 3804 disquirit
575 3739 667 3803 Alting.
679 3741 705 3788 in
738 3756 793 3788 cum
803 3742 860 3790 olias
870 3742 907 3789 vel
917 3755 1001 3790 nomen
1015 3741 1135 3804 legionum
1146 3741 1217 3792 Rom.
1228 3751 1256 3791 ut

187 3805 245 3852 Not.
258 3805 288 3852 G.
301 3804 348 3851 Int'.
360 3814 375 3851 t.
390 3806 410 3852 l.
422 3822 447 3869 p.
462 3807 516 3854 103.
738 3804 795 3853 olim
822 3804 943 3869 phalangis
964 3804 1057 3853 Maced
1082 3806 1164 3854 terrori
1189 3817 1255 3856 esset

223 3871 321 3926 Quando
328 3871 459 3934 Legatum]
476 3870 540 3918 Nota
549 3869 704 3933 interrogandi
737 3871 809 3918 Eur.

186 3934 389 3997 haecscripserim:
408 3943 478 3998 atque
489 3935 637 3998 interpreter:
655 3936 702 3996 En,
777 3937 836 3983 Esse
852 3937 897 3982 sili
915 3935 1162 3998 robur-Germanos]
1194 3939 1255 3985 Ilaec

186 4015 260 4062 usque
273 4014 300 4046 eo
312 3998 369 4046 viles
381 3999 493 4046 Romanis
507 4015 597 4060 sumus,
613 4009 640 4047 ut
656 4015 703 4048 non
738 4002 802 4049 abest
812 4015 827 4047 a
836 4000 899 4049 Flos.
910 4001 969 4064 Agr.
981 4000 1044 4049 Bud.
1056 4002 1096 4050 sed
1106 4003 1157 4062 ejus
1168 4001 1218 4048 loco
1228 4000 1254 4048 in

187 4064 271 4128 Legati
286 4071 327 4111 aut
339 4063 450 4110 Pratores
466 4064 547 4112 saltem
563 4080 606 4112 nos
622 4064 702 4128 diripi·
738 4065 783 4113 hoo
796 4071 836 4113 et.-
857 4074 885 4112 ut
901 4065 936 4113 ed.
954 4081 989 4129 pr.
1002 4067 1133 4114 Germanos
1149 4063 1253 4114 antss

187 4139 244 4178 ants
262 4129 287 4176 id
301 4138 343 4188 est,
357 4127 513 4176 honestiorum
527 4130 634 4178 manibus
650 4145 703 4191 per-
738 4129 801 4178 Bud.
814 4129 893 4178 Guelil
905 4130 930 4177 in
942 4145 990 4192 quo
1000 4138 1079 4178 tamen
1096 4129 1120 4176 in
1138 4128 1253 4192 margine,

187 4209 282 4242 samus:
307 4193 347 4242 sed
364 4193 488 4242 latrunculi
504 4193 593 4255 aliquot
609 4193 702 4253 minuti,
737 4197 768 4242 ab
775 4193 865 4252 eadem,
875 4203 903 4243 ut
911 4194 1009 4251 videtur,
1018 4208 1090 4241 manu
1097 4193 1203 4240 additum
1211 4205 1253 4243 est.

187 4257 293 4306 Praefecti
304 4267 328 4308 et
336 4257 494 4308 Centuriones.
509 4258 585 4304 luas.
619 4257 644 4304 Si
654 4257 704 4306 haec
737 4259 817 4308 Verba
824 4259 957 4323 sequenw
970 4260 1131 4307 Galliasldem
1136 4261 1254 4320 capimus

187 4321 347 4386 interrogative
366 4323 494 4386 capianmr,
518 4335 597 4368 sensus
618 4335 631 4368 e
648 4335 703 4368 mn·
737 4322 984 4372 exdderuntinedl.
992 4323 1033 4370 Fr.
1040 4324 1142 4371 Gronov.
1159 4324 1190 4372 In
1197 4323 1253 4372 MS.

188 4387 308 4435 suetudine
317 4387 428 4452 loquendi
439 4385 495 4434 erit:
513 4398 560 4432 non
570 4385 647 4434 venire
655 4385 702 4434 Le·
737 4387 814 4437 vatic.
832 4404 902 4452 supra
920 4389 1018 4436 Gallias.
1033 4389 1146 4453 scriptum
1164 4390 1253 4438 Gallos·

188 4455 278 4511 garum,
289 4451 329 4500 sed
339 4451 464 4503 Praefectos
478 4457 502 4502 et
513 4449 664 4504 Centuriones
673 4450 703 4500 ad
736 4451 808 4506 Ean.
843 4452 1253 4518 retransmittendum
