3059 4975
238 261 297 317 aro
443 297 449 310 .
622 257 922 316 ursroemamu
1149 257 1318 330 [rasas

296 421 379 484 XX.
404 418 505 484 Simul
525 421 617 484 ceteri
638 421 883 486 miserationem
897 421 986 486 donia
1005 419 1123 485 auxilia
1137 418 1312 495 concibant,-

244 507 323 570 iuter
337 518 444 592 gentes
458 504 666 591 periculorum
679 507 795 570 avidas.
840 507 1045 592 Tantumque
1059 505 1132 569 belli
1146 504 1313 591 superfuit,

246 606 285 656 ut
312 590 455 678 prasidio
479 590 663 668 cohortium,
690 592 821 670 alarum,
846 592 1016 690 legionum,
1041 615 1104 654 uno
1130 589 1181 654 die
1206 589 1314 652 Civilis

271 675 475 763 uadripartito
485 676 647 740 invaserit:
665 676 815 740 decimam
825 677 979 763 legionem
989 676 1135 754 Arenaci,
1147 674 1315 740 secundam

246 701 454 838 batavoduri,
469 774 500 825 et
516 761 651 825 Grinnes
665 761 864 848 Vadamque,
878 763 1052 828 cohortium
1071 762 1253 846 alarumque
1266 783 1316 823 ca-

250 861 331 921 stra;
355 848 400 910 ita
413 846 518 910 divisis
532 847 640 932 copiis,
664 859 700 910 ut
717 847 783 934 ipse
797 862 829 912 et
843 848 965 928 Verax,
980 872 1083 913 sorore
1097 848 1164 933 ejus
1177 846 1312 932 genitus,

251 933 466 1018 Classicusque
480 955 516 995 ac
530 931 635 996 Tutor
654 955 742 998 suam
762 935 895 1020 quisque
917 938 1046 998 manum
1060 933 1233 998 traherent:
1256 953 1314 994 nec

248 1019 354 1082 omnia
377 1017 521 1104 patrandi
545 1017 675 1095 fiducia3
707 1019 761 1082 sed
787 1025 809 1056 “
824 1019 924 1083 multa
945 1021 1027 1084 ausis
1049 1020 1155 1105 aliqua
1172 1017 1206 1080 iu
1227 1029 1315 1103 parte

248 1106 406 1170 fortunam
429 1103 544 1166 adfore.
591 1103 696 1168 Simul·
716 1104 867 1168 Cerialem
897 1128 998 1191 neque
1024 1106 1096 1169 satis
1120 1117 1257 1179 cautum,
1282 1115 1314 1164 et

250 1190 393 1278 pluribus
416 1187 532 1252 nuntiis
554 1189 615 1252 huc
634 1189 706 1252 illuc
721 1204 903 1266 cursantem,
923 1215 1013 1276 posse
1027 1190 1131 1254 medio
1145 1187 1315 1273 intercipi.''

252 1275 375 1354 Quibus
393 1275 582 1338 obvenerant
596 1287 694 1338 castra
712 1275 965 1362 decumanorum,
985 1275 1250 1362 oppugnationem
1273 1271 1317 1336 le·

251 1361 352 1449 gionis
375 1360 504 1424 arduam
526 1360 596 1437 rati,
616 1383 772 1446 egressum
794 1361 933 1439 militem,
953 1375 985 1424 et
1003 1359 1157 1424 credendis
1179 1357 1316 1421 materiis

252 1463 425 1532 operatum,
449 1446 621 1522 turbavere,
645 1445 743 1508 occiso
762 1447 916 1510 Praefecto
934 1461 1105 1510 castrorum
1126 1458 1157 1507 et
1178 1443 1317 1528 quinque

252 1531 440 1620 primoribus
455 1531 680 1594 Centurionum
700 1532 869 1619 paucisque
882 1531 1041 1597 militibus.
1086 1529 1190 1594 Ceteri
1204 1552 1236 1591 se
1250 1551 1318 1591 mu-

251 1616 397 1682 nimentis
409 1616 582 1680 defendere.
629 1619 673 1680 Et
684 1617 808 1680 interim
820 1619 1049 1682 Germanorum
1063 1637 1173 1679 rnanus
1185 1614 1319 1676 Batavo

251 1703 325 1776 duri
354 1725 498 1787 rumpere
526 1701 704 1766 inchoatum
732 1715 858 1788 pontem
886 1701 1072 1766 nitebantur.
1118 1698 1317 1784 Ambiguum

254 1788 399 1876 proelium
415 1811 476 1852 nox
491 1787 624 1854 diremit.
1252 1817 1256 1820 ·

256 1944 333 2008 spuria
350 1943 399 1991 haec
418 1946 487 1992 verba
500 1943 626 2004 judicabat.
661 1945 711 2003 Qui
727 1945 771 1994 hoe
803 1948 925 1993 carmadas
935 1949 996 2005 fines
1005 1947 1134 2001 discessere,
1145 1939 1249 1989 librarius
1258 1936 1319 1984 Vos-

257 2008 474 2070 uolent,legendum
486 2010 772 2072 putabuntGernruaiom.
803 2010 861 2057 siaui
883 2027 918 2073 pr.
937 2010 990 2057 fecit
1010 2010 1150 2070 tripartitos,
1170 2004 1268 2052 referens
1287 2000 1318 2047 ad

249 2073 320 2120 >Mox
342 2075 375 2120 D.
392 2074 495 2134 Alpiruo
518 2073 643 2136 (Alpinius
665 2074 728 2120 Flor.
747 2083 778 2121 et·
796 2076 869 2139 fieres.
902 2074 932 2121 In
942 2075 993 2121 loco
1001 2081 1053 2120 ante
1061 2071 1155 2118 laudato
1165 2065 1319 2126 aliusaddidit
1392 2082 1401 2096 ¹

258 2135 334 2197 Bud.)
346 2152 425 2184 omnes
443 2136 505 2194 libri,
522 2147 604 2198 prater
613 2138 673 2200 Agr.
685 2138 710 2184 iu
725 2155 773 2202 quo
804 2141 858 2185 loco.
883 2139 929 2202 Ap.
942 2130 1320 2196 Cmremicinrariantibuse

258 2204 304 2248 Dr.
317 2202 332 2247 i.
345 2218 363 2248 e.
376 2201 474 2249 Drusus
490 2202 562 2249 Ean.
804 2203 910 2266 pluribus
924 2202 990 2252 codd.
1001 2209 1107 2248 notatum
1126 2199 1149 2244 in
1166 2196 1269 2258 margine
1279 2193 1321 2240 ha·

256 2319 258 2328 .
293 2267 345 2313 Una
353 2268 390 2312 die
401 2267 486 2313 Civilis
497 2267 671 2328 quadripartita
683 2269 774 2313 innasc-
805 2269 980 2329 beobiportito,
995 2264 1058 2329 quod
1068 2263 1163 2309 debetur
1174 2258 1267 2306 librario
1279 2273 1321 2331 ge·

255 2331 303 2394 rit]
323 2330 361 2378 Sic
370 2329 606 2380 scribendumeMS.
615 2332 674 2394 Agr.
683 2331 774 2394 putavit
805 2347 850 2378 nus
871 2332 900 2379 ad
923 2334 992 2392 signo
1016 2324 1214 2376 aeeommooantt·
1237 2322 1271 2369 Et
1289 2337 1321 2368 src

250 2394 371 2457 ,Ryclrius
406 2393 470 2454 Quia
479 2395 591 2444 consentit
602 2395 638 2444 ed.
649 2413 685 2460 pr.
694 2405 717 2442 et
731 2399 773 2444 ct.
806 2412 865 2459 sepe
883 2398 1008 2444 turbatum.
1043 2392 1099 2451 Quo
1118 2391 1195 2437 minus
1216 2385 1322 2434 dubitavi

258 2462 313 2507 vitis
323 2467 374 2522 post
385 2460 571 2523 quadripedem
582 2459 683 2509 aGuelf.
693 2463 772 2509 abest:
806 2460 866 2509 hanc
881 2460 1041 2508 correctionem
1060 2458 1086 2504 in
1104 2463 1193 2503 textum
1215 2449 1321 2514 recipere.

258 2523 358 2585 denique
370 2524 394 2571 iu
410 2522 490 2571 eodem
509 2525 584 2572 codice
595 2534 617 2571 et
631 2525 681 2572 edd.
694 2526 773 2571 ceteris
807 2527 914 2572 Ceterum
926 2525 951 2571 in
962 2524 1018 2571 MS.
1029 2521 1107 2569 ouen
1120 2528 1154 2567 est
1165 2519 1278 2579 legionem
1289 2532 1320 2561 m.

258 2596 311 2634 ante
328 2586 403 2634 Rhen.
424 2588 519 2634 modici-s
537 2590 618 2633 villis.-
644 2588 668 2634 id
690 2588 772 2648 recepi.
807 2606 828 2633 o.
851 2589 1050 2648 quadripartita-m
1077 2585 1213 2630 lavamini.
1248 2582 1319 2628 ERN.

189 2700 191 2704 ,
260 2650 332 2698 MSS·
346 2650 408 2697 Flor'.
425 2650 487 2695 Bud.
502 2650 554 2697 edd.
568 2651 644 2697 Rhen.
658 2666 707 2712 sqq.
722 2665 773 2696 om-
807 2651 854 2697 Hie
869 2652 953 2697 iterum
972 2648 1038 2696 lectio
1053 2648 1119 2695 Bud.
1137 2646 1199 2693 male
1215 2645 1320 2693 refertur.

258 2730 299 2762 nes
310 2714 488 2761 monteaureo:
500 2713 774 2777 quodcontraRyckiuru
807 2714 837 2761 In
856 2730 883 2761 co
900 2714 984 2776 legitur
997 2713 1071 2758 randis
1090 2712 1177 2769 είυίἱὶι,
1193 2709 1235 2756 ubi
1251 2708 1321 2755 dubio

258 2778 461 2841 defenditquidem
472 2778 498 2825 J.
506 2778 645 2837 Gronoviu,
657 2776 698 2824 sed
708 2778 774 2825 nullo
806 2779 889 2841 procul
907 2779 982 2825 modia
1000 2785 1078 2823 ortum
1096 2790 1126 2821 ex
1144 2789 1191 2821 cao
1208 2776 1253 2828 die,
1271 2781 1321 2819 tum

260 2844 306 2891 alio
320 2850 465 2905 argumento,
476 2858 548 2906 quam
564 2842 700 2906 antiquitate
718 2842 775 2890 MS.
808 2842 890 2890 Civilis
900 2842 998 2905 egregie,
1008 2848 1036 2887 ut
1046 2840 1070 2886 in
1081 2839 1141 2901 Agr.
1151 2838 1279 2885 Rhenanus
1289 2836 1322 2885 nil

260 2908 323 2955 Flor.
331 2922 385 2954 curn
396 2905 475 2955 multis
487 2907 537 2955 aliis
547 2906 603 2955 locis
613 2908 663 2967 ejus
672 2906 775 2961 lectioni.
807 2907 846 2954 hic
855 2907 951 2966 notavit,
963 2906 1042 2955 sodex
1051 2904 1145 2966 ingenio
1154 2903 1218 2950 dedit
1228 2902 1323 2948 modicia

260 2972 369 3019 busalias
382 2970 515 3035 protulerit.
549 2972 641 3019 Vellem
656 2971 774 3025 docuisset,
808 2974 875 3018 viar.
899 2972 971 3018 Porro
982 2969 1237 3029 Budquodriportito.
1261 2966 1324 3012 Cum

260 3036 502 3101 quidessetproeridia
510 3036 775 3096 nwdictsoiciaquadri.
809 3035 967 3083 Ernt'aciunt
981 3032 1187 3095 BrothallB'rp
1219 3030 1281 3077 Mox
1297 3029 1323 3075 iu

256 3098 659 3164 portitoetquaformaloquendi=
679 3114 776 3147 nonur-
809 3100 872 3147 Bud.
900 3102 1031 3160 Armaque,
1059 3096 1148 3143 omissis
1174 3093 1320 3142 intermediis.

260 3168 318 3227 gebo
335 3164 367 3221 id,
386 3163 449 3227 quod
466 3164 579 3226 Ryckius,
595 3163 680 3225 oppida
696 3163 775 3223 fuisse,
808 3164 888 3222 Addo,
900 3164 925 3211 in
935 3164 998 3211 Bud.
1010 3176 1090 3211 rocem
1103 3162 1189 3209 civito
1205 3167 1323 3223 postque-

260 3242 307 3275 non
318 3227 419 3275 modicos
427 3229 503 3274 vicos:
515 3241 625 3291 quorsum
637 3236 659 3274 et
667 3242 714 3290 quo
722 3243 776 3276 cou-
808 3230 936 3291 drportita
947 3242 993 3275 non
1003 3228 1056 3291 legi.

258 3291 311 3339 silio
321 3290 426 3339 additum
441 3292 575 3353 putabimus
585 3293 682 3338 uenditis
698 3296 776 3340 oleis?
847 3296 931 3352 Verea,
944 3310 963 3340 e.
973 3307 992 3338 e.
1001 3292 1109 3354 genitu]
1127 3290 1158 3337 In
1168 3288 1277 3335 Beroaldi
1288 3286 1322 3334 ed.

261 3357 353 3415 Fateor,
376 3370 424 3402 aaa
446 3356 483 3401 dir
503 3356 603 3418 potuisse
628 3356 734 3418 intelligi,
757 3358 777 3405 si
809 3367 843 3405 est
863 3373 932 3404 vera:
956 3357 1021 3403 haud
1036 3355 1107 3402 dubie
1122 3367 1241 3416 operarum
1259 3351 1324 3410 vitio,

260 3423 362 3478 abessen
387 3419 427 3467 ssd
440 3419 465 3466 id
481 3428 558 3467 tamen
573 3420 634 3467 valet
648 3420 678 3467 ad
693 3421 777 3469 clarius
809 3421 880 3485 quod,
897 3429 924 3468 ut
938 3421 983 3469 alia
997 3419 1137 3467 conservavit
1147 3417 1183 3463 ed.
1195 3415 1267 3463 Besil.
1279 3417 1325 3463 Al·

255 3484 441 3548 perspiciendam
462 3484 646 3546 magnitudinem
666 3486 776 3548 reliquia·
808 3486 870 3533 ciati.
902 3488 978 3534 Veraa·
989 3481 1182 3533 Rhenrestituit.
1199 3480 1271 3526 Eun.
1300 3481 1323 3530 Ε

260 3564 313 3596 rum
321 3549 776 3612 Germanicarum‚etaliisquoqueloeis
808 3551 872 3597 Bud.
1313 3590 1316 3595 .

255 3614 359 3661 -brevitas
367 3613 475 3675 temporis
483 3612 562 3661 emam
573 3612 776 3673 consilioadditur,
842 3616 1025 3664 Homericam
1033 3610 1182 3657 reanimato
1189 3609 1248 3672 defi]
1268 3608 1323 3657 Ms

261 3691 344 3751 nempe
354 3679 388 3725 rei
398 3677 508 3739 augendae
518 3692 605 3725 caussa.
627 3678 735 3725 Ceterum
747 3694 777 3726 ne
808 3679 871 3730 Bud.
884 3681 934 3725 mit
945 3678 1066 3724 eminentia
1075 3676 1120 3737 des.
1138 3673 1185 3721 Ed.
1196 3689 1231 3735 pr.
1243 3674 1324 3721 ceteris

255 3741 775 3869 ¹girnigleldiliim¹iriiiiperpdrsaaiiiiiildiiitiiuii-
809 3744 984 3867 mmm
992 3739 1322 3865 idibeidcpdrileriiliilieboatari

260 3871 364 3915 vaserit.-
382 3871 423 3932 qui
439 3870 523 3917 modus
541 3870 651 3933 loquendi
668 3870 775 3934 frequens
808 3874 946 3933 Irrronperc
967 3874 1060 3932 pontem
1081 3868 1150 3915 nihili
1169 3882 1226 3927 esse,
1248 3866 1324 3929 quivis

257 3932 333 3981 Livio.
347 3949 368 3979 r.
381 3948 400 3979 c.
413 3935 454 3992 21,
466 3935 488 3988 7.
501 3936 582 3983 urbem
598 3937 723 3996 tripartito
733 3938 777 3983 od·
805 3936 982 3985 anirnadvertat
1007 3934 1020 3981 Ι
1062 3935 1218 3981 ueoeumbam
1228 3933 1324 3976 obmat-

254 3998 376 4059 greditor.
394 3996 491 4045 (ΜΒ.
499 4000 530 4047 G.
543 4001 610 4059 l,2b.
620 4002 689 4060 signa
697 4002 777 4065 bipar-
804 4014 879 4063 pem
905 3999 969 4063 quod
989 3942 1068 4046 iuffi.
1086 4014 1121 4061 pr.
1139 3996 1237 4056 aliisque
1257 3994 1324 4044 libris

202 4109 203 4113 ,
254 4062 564 4123 titolataieroattubivid·
573 4063 775 4113 OudendObser-
808 4065 909 4129 antiquis
930 4064 1016 4127 passim
1037 4060 1110 4123 reperi
1127 4072 1265 4119 orrampere
1281 4074 1325 4121 pro

258 4127 361 4173 randum
370 4135 457 4183 autem,
466 4126 569 4175 librarios
577 4128 601 4173 irr
610 4128 654 4175 hoc
663 4134 685 4175 et
693 4128 775 4175 simili·
808 4132 953 4191 abrumpere,
963 4136 990 4175 ut
1000 4139 1116 4175 aramme
1125 4138 1168 4187 pro
1175 4122 1294 4169 adsensere
1301 4131 1324 4171 et

258 4192 303 4237 bus
313 4191 387 4238 verbis
398 4190 464 4238 valde
478 4190 587 4253 proclives
603 4192 673 4238 fuisse
688 4192 718 4239 ad
728 4201 775 4240 ter-
799 4192 906 4241 similia:
924 4192 964 4241 sed
974 4207 1028 4240 eum
1039 4206 1052 4237 e
1062 4189 1117 4236 MS·
1128 4188 1208 4236 Oxou.
1216 4202 1323 4248 rumpere

153 4258 156 4267 ¹
257 4254 408 4303 minationem
420 4252 565 4311 mutandam,
573 4254 775 4317 utproximosub-
807 4265 914 4305 notatum
928 4256 980 4305 aJ.
990 4256 1062 4303 oron.
1072 4254 1215 4315 reperissem,
1232 4252 1258 4298 id
1270 4266 1324 4313 pro-

254 4317 357 4365 stanam
378 4324 518 4379 congrueret.
555 4317 594 4367 Sic
615 4332 651 4380 ap.
671 4319 774 4384 eundem
799 4318 1160 4384 .bari,secumsqueexemplum
1171 4316 1323 4365 ataleno-

258 4379 311 4429 niv.
324 4382 348 4443 t,
364 4384 470 4463 'otiycnm
483 4388 549 4441 esset,
561 4384 774 4447 tripartitam-de,
807 4400 858 4436 nus.
886 4386 932 4437 Sed
942 4380 1323 4436 Brotean'otatinMSSeOrolt·
