3059 4975
246 221 302 286 372
528 221 559 279 C.
575 219 810 282 CORNELIUS
831 218 1008 280 TACITUS

248 381 374 468 quidem
385 380 488 446 adhuc
501 403 548 446 ea
557 383 706 461 civitates,
718 383 750 446 iu
760 383 876 469 quibus
890 395 1012 446 tautum
1022 379 1159 466 virgines
1171 382 1306 461 nubunt,

248 481 282 530 et
299 487 371 530 cunr
393 488 447 551 spe
461 479 595 554 votoque
610 467 716 530 uxoris
739 467 832 532 semel
846 465 1037 551 transigitur.
1082 465 1133 530 Sic
1148 489 1245 530 unum
1258 490 1307 548 aa

248 550 277 628 ci
299 551 368 614 iunt
382 550 538 628 maritum,
553 575 617 638 quo
630 552 722 615 modo
737 574 836 614 uuum
850 573 962 647 corpus
977 572 1135 635 unamque
1146 551 1253 628 vitam,
1268 574 1307 614 ne

250 573 315 702 ulia
333 633 478 720 cogitatio
497 635 590 714 ultra,
613 659 651 698 ne
669 635 791 720 longior
804 635 968 720 cupiditas,
983 656 1022 697 ne
1036 648 1197 720 tamqnam
1219 635 1310 699 mari-

251 731 329 792 tum,
343 718 399 782 sed
419 732 577 804 tamquam
598 720 838 795 matrimonium,
853 734 965 782 ament.
1009 720 1184 782 Numerum
1196 720 1309 784 libero-

249 825 320 866 rum
339 802 436 880 finire,
454 815 510 868 aut
530 825 721 888 quemquam
740 827 780 866 ex
883 802 932 870 tis¹
944 825 1062 878 necare,
1081 802 1234 890 flagitium
1253 805 1308 868 ha-

249 887 357 960 betur:
380 885 513 972 plusque
526 887 570 952 ibi
583 887 657 952 boni
672 911 772 952 mores
782 912 802 950 v
832 901 896 964 ent,
910 910 1006 974 quam
1020 887 1094 951 alibi
1103 888 1193 952 bonae
1203 889 1292 1036 leqes

293 973 376 1034 XX.
402 972 442 1034 In
456 971 540 1036 omni
558 972 652 1036 domo
667 972 742 1040 nudi
757 996 793 1036 ac
807 972 934 1050 sordidi,
947 972 979 1035 in
1001 972 1059 1036 hos
1076 975 1218 1051 attusia
1260 997 1307 1039 aec

250 1077 389 1140 corpora,
437 1079 487 1118 use
515 1056 673 1132 miramur,
699 1070 888 1122 excrescunt.
933 1057 999 1120 Sua
1024 1079 1119 1141 quem
1142 1081 1180 1121 ue
1208 1073 1305 1121 mater

250 1139 399 1203 uberibus
413 1077 477 1217 dit,
490 1161 545 1204 nec
559 1139 675 1204 ancillis
688 1164 724 1204 ac
735 1140 907 1205 nutricibus
920 1140 1113 1225 delegantur.
1118 1081 1308 1206 (llominum

251 1246 286 1286 ac
301 1245 424 1286 servum
445 1223 741 1290 nulliseducationis
755 1224 872 1290 deliciis
884 1224 1053 1308 dignoscas.
1100 1227 1188 1290 Inter
1201 1227 1309 1290 eadem

251 1330 372 1394 pecora,
384 1307 415 1370 in
427 1307 539 1371 eadem·
548 1309 645 1372 humo
656 1309 794 1395 degunt3
818 1309 916 1372 donec
926 1320 1000 1372 aetas
1014 1322 1134 1395 separet
1146 1311 1308 1395 ingenuos,

250 1479 253 1486 ’
284 1487 543 1551 Maliureoecivltatcs]
568 1487 700 1551 Interquas
711 1489 766 1537 civi-
795 1488 963 1537 sbhsecausss
971 1489 1082 1538 Rhenum
1094 1487 1311 1551 insamaiaosagnos

251 1557 309 1598 tates
325 1549 394 1597 fuisse
408 1549 493 1598 Erulos
507 1551 609 1614 reperior
629 1553 691 1614 apud
708 1568 765 1616 quos
795 1553 877 1611 minat,
893 1552 956 1600 velut
971 1553 1073 1613 judicem
1089 1551 1248 1614 vindicemque
1258 1567 1311 1598 con·

251 1611 308 1660 ¹adeo
319 1613 418 1660 secundo
428 1614 574 1662 matrimonio
584 1629 630 1662 uon
647 1615 718 1674 locus,
731 1617 765 1663 uti
794 1616 868 1678 jugiis
886 1624 910 1663 et
925 1616 982 1674 vidi,
997 1617 1039 1678 qui
1054 1615 1133 1663 Rheni
1149 1622 1243 1677 etymon
1257 1615 1311 1668 hinc¹

251 1691 310 1724 uxor
325 1677 408 1724 marito
424 1686 514 1726 mortuo
530 1679 613 1740 laqueo
626 1694 673 1728 sese
687 1680 764 1727 stetim
796 1679 921 1789 petrarium
931 1679 1079 1733 adsevermt,
1095 1678 1161 1742 quasi
1172 1678 1309 1741 purgatoris.

249 1741 318 1800 juxta
334 1739 480 1802 sepulchrum
499 1741 611 1800 indueret,
629 1743 674 1790 nisi
692 1743 765 1790 invisa
820 1758 874 1790 urus
884 1741 978 1805 quidem
995 1757 1099 1790 sennone
1113 1750 1190 1789 nostro
1208 1759 1264 1803 reyu
1275 1742 1311 1788 di·

251 1803 326 1850 vivcre
336 1803 416 1852 mallet
426 1813 448 1851 et
458 1804 556 1852 infamis
586 1805 710 1869 Procopius
721 1815 766 1853 tra·
797 1807 863 1854 citur.
896 1806 942 1853 Sed
952 1806 1020 1866 addo,
1032 1805 1154 1855 Valerium
1165 1806 1274 1853 Flaccum
1285 1807 1310 1865 6,

251 1866 285 1913 dit
297 1869 321 1926 2,
335 1868 372 1914 14.
389 1867 426 1915 De
437 1869 497 1916 bello
508 1869 646 1916 Gothorum.
663 1869 737 1917 ers.
798 1871 854 1918 336.
872 1868 903 1917 sd
923 1870 1022 1944 Scythas
1043 1879 1066 1918 et
1086 1869 1117 1916 sd
1133 1869 1228 1916 Phasim
1249 1870 1312 1917 hune

285 1929 385 1978 Naum
397 1934 520 1996 cogitatio]
543 1933 671 1980 Groslotius
682 1943 715 1981 ter
726 1950 766 1981 vo-
798 1935 869 1981 ritum
891 1934 979 1995 (nescio
1001 1948 1031 1980 sn
1050 1949 1080 1981 ex
1097 1931 1161 1992 reru)
1184 1933 1311 1980 aaasferre·

251 1994 515 2054 lebatsec,evet.cod
550 1996 689 2044 Primuloco
700 1998 766 2044 facile
798 1997 837 2044 Its
849 1997 912 2044 enim
927 1998 960 2047 ibi
976 1997 1092 2061 quispiam
1100 1997 1240 2056 s-sssbitam
1251 1999 1314 2051 ,soevs'

250 2059 356 2120 probem,
364 2072 410 2105 non
421 2059 523 2122 reliquis,
535 2059 579 2106 nisi
590 2060 659 2106 etiarn
668 2061 766 2124 corrigas
798 2062 936 2108 duravimus
953 2077 1021 2108 amne
1038 2062 1189 2122 Progeniem
1204 2068 1314 2121 natosque

252 2121 766 2234 lsil‘llfflsiibtlitliililit‘
798 2126 890 2235 m}
912 2124 1152 2248 „tutaret
1168 2138 1314 2236 iiiii·

252 2263 336 2307 mm.
758 2221 765 2248 '
798 2251 1315 2312 sintelamt,8.in1t1isc.0bacriee8.

288 2313 418 2374 Tamquam
435 2317 561 2390 maritum]
585 2315 769 2378 Inlaipmertia
799 2316 887 2378 pile
903 2316 995 2363 Juliani
1005 2316 1056 2363 loco
1066 2315 1104 2362 cit.
1115 2312 1174 2361 adde
1184 2315 1234 2374 ejus
1245 2315 1315 2373 Orat,

253 2383 286 2422 est
297 2379 416 2436 maritum,
429 2379 501 2441 quod,
512 2388 539 2426 ut
554 2394 579 2426 rn
590 2379 718 2436 elisione,
734 2389 769 2426 est
800 2381 823 2426 2.
833 2379 863 2426 de
872 2379 935 2426 laud.
946 2379 1074 2428 Constantii
1084 2379 1109 2425 in
1120 2378 1180 2425 med,
1213 2378 1274 2431 Quae
1283 2379 1315 2426 de

252 2439 474 2505 vitiumopersrum·
507 2443 535 2491 ln
553 2442 636 2491 ultima
650 2446 769 2491 estmari·
799 2443 956 2506 exploratione
977 2444 1020 2493 ista
1040 2443 1163 2492 liberorum
1184 2442 1315 2502 munau,

253 2509 322 2550 tam:
340 2506 402 2568 quod
413 2506 437 2553 in
447 2506 554 2554 omuibus
567 2508 625 2555 meis
636 2516 689 2556 ante
699 2508 766 2571 Lips.
801 2507 906 2555 fabulosa
916 2524 971 2569 esse,
978 2510 1031 2568 jure
1041 2524 1056 2555 a
1064 2508 1146 2555 Tacito
1156 2507 1314 2570 pretermissa,

244 2564 295 2614 *est
313 2568 384 2615 Ean.
800 2578 867 2632 putat
885 2572 1003 2634 Amelang
1024 2572 1048 2617 in
1066 2572 1176 2645 opusculo
1194 2572 1315 2631 subjuncto

286 2627 423 2677 Numerum
434 2634 557 2679 liberorum
571 2636 657 2697 finire]
684 2636 715 2683 V.
726 2635 768 2681 Li·
800 2632 897 2680 versioni
914 2634 993 2680 Germ.
1011 2634 1087 2680 Taciti
1104 2634 1134 2681 de
1152 2635 1190 2682 M.
1206 2635 1238 2682 G.
1250 2634 1316 2682 edita

253 2693 374 2757 psiumep.
385 2695 423 2741 85.
442 2694 509 2743 Ceut.
520 2696 678 2760 LadBelgas.
696 2698 770 2745 Enu.
800 2697 830 2743 ab
843 2696 868 2743 J.
885 2696 919 2742 H.
936 2697 973 2743 M.
987 2696 1095 2754 Emesti3
1117 2697 1221 2745 fabulam
1237 2706 1314 2745 sutem

286 2760 430 2819 [irrogastis
442 2759 535 2823 secare]
566 2760 672 2823 Agustos
682 2761 720 2810 hic
730 2777 769 2809 ac-
800 2760 855 2807 inde
872 2768 955 2817 ortam,
968 2760 1031 2823 quod
1047 2760 1146 2807 infantes
1164 2761 1255 2808 flumini
1270 2763 1314 2809 ime

254 2821 324 2884 cipies
340 2836 386 2869 uon
402 2823 526 2882 ἀγχιστιῖς,
537 2832 578 2871 eut
594 2828 712 2883 συγγενεῖς,
729 2826 769 2873 sed
801 2839 903 2885 mergere
918 2824 964 2871 siat
975 2824 1036 2872 soliti
1047 2824 1157 2872 Germani
1171 2824 1315 2873 sd'dursnds

253 2884 407 2947 liberae-qui
423 2885 591 2935 adnasurntur:
616 2887 658 2935 etsi
675 2889 770 2937 mallem
800 2902 991 2951 eorumcorpora

254 2949 349 2995 omnino
360 2948 436 3007 scribi,
444 2953 532 3010 grisiis.
563 2950 626 2998 Illud
637 2960 715 2999 autem
725 2953 770 2999 nri-
835 2953 890 2997 Nec
900 2954 1021 2998 ammam
1031 2955 1161 2999 matricibus
1169 2952 1314 3013 delegantur]

254 3026 317 3069 rum,
325 3010 433 3062 Tacitum
444 3012 548 3061 omittere
557 3015 692 3075 insignitum
703 3016 771 3063 illum
803 3014 921 3075 lusignan
942 3014 1079 3076 elegantiam
1097 3019 1216 3064 observent
1232 3017 1316 3066 tirones

254 3074 326 3137 ritum
337 3085 360 3123 et
369 3075 507 3137 peculiarem
514 3077 643 3137 Germanis,
650 3078 679 3125 de
690 3080 771 3141 explo-
802 3078 827 3123 in
839 3080 908 3125 verbo
915 3079 1059 3137 delegantur.
1090 3082 1174 3128 Sumta
1183 3080 1317 3142 metaphora

254 3138 342 3187 ratione
352 3139 482 3187 liberorum.
517 3141 609 3189 Prolem
620 3142 681 3188 euim
692 3151 771 3189 natam
802 3142 833 3187 ab
848 3140 937 3204 iis,qui
947 3141 1103 3199 creditoribus,
1114 3143 1254 3206 omninoque
1263 3144 1317 3205 quie

255 3201 285 3247 sd
296 3200 405 3249 Rhenum
415 3202 524 3261 ferebant,
532 3204 656 3266 clypeoque
667 3204 771 3268 impone·
802 3205 847 3251 bus
865 3203 956 3262 debent,
972 3220 1019 3252 uon
1037 3206 1081 3268 ipsi
1098 3208 1190 3255 solvunt
1208 3222 1237 3253 ex
1255 3222 1315 3265 arcs,

254 3263 326 3313 bant:
345 3264 442 3311 siuadis
451 3265 598 3327 abriperetur,
611 3268 707 3315 notham
718 3284 771 3315 een-
803 3267 843 3315 sed
861 3268 891 3315 sd
909 3268 965 3316 alios
984 3270 1117 3329 amendant,
1135 3286 1151 3317 a
1164 3270 1257 3334 quibus,
1273 3286 1318 3326 suo

255 3329 351 3387 sebsnt;
369 3327 519 3385 siinnetaret,
531 3345 581 3377 rere
592 3344 666 3377 suam.
699 3332 772 3379 Clau-
802 3331 902 3391 nomine,
911 3332 1032 3394 pecuniam
1039 3333 1318 3396 accipiant,quoddicitur
1376 3340 1379 3347 '

256 3390 339 3439 dianus
357 3390 381 3438 in
400 3390 514 3441 Rufinum
533 3395 557 3452 2,
576 3395 628 3441 112.
665 3398 699 3443 m
715 3411 771 3456 quos
803 3395 872 3441 etiam
889 3398 977 3443 solvere
993 3411 1040 3458 par
1050 3399 1221 3458 delegationem.
1256 3397 1318 3446 Oru-

255 3461 372 3501 aascemtes
382 3456 487 3517 explorat
495 3460 597 3517 gurgite.
605 3459 707 3506 ercnus.
724 3460 771 3506 Ju.
802 3458 858 3506 nino
875 3458 955 3507 Cicero
972 3467 997 3507 et
1018 3460 1198 3524 elegantissimus
1219 3461 1319 3523 quisque

255 3517 332 3565 lienus
352 3518 376 3566 in
399 3518 494 3582 epistola
515 3521 552 3567 16.
571 3520 600 3567 ad
618 3522 769 3569 Maximum:
802 3522 888 3585 tropico
898 3522 969 3583 hujus
979 3524 1041 3571 verbi
1058 3539 1103 3571 usu
1113 3523 1242 3571 delectatur.
1260 3523 1318 3578 Vid,

255 3581 349 3635 Πάντως
366 3582 409 3628 aiil
420 3586 430 3628 1
441 3582 511 3634 Ῥῆνος
527 3583 597 3630 ἀδικεῖ
610 3585 659 3638 τοὺς
670 3587 772 3637 Κελτοὺς,
802 3601 825 3631 v·
834 3600 853 3633 c.
864 3586 930 3633 Glav.
943 3586 991 3635 Cic·
1002 3586 1027 3633 in
1038 3588 1061 3634 h.
1073 3602 1094 3633 v.
1106 3595 1128 3633 et
1139 3586 1212 3633 Gron-
1222 3585 1282 3635 0111.
1294 3589 1318 3646 1,

257 3642 281 3695 ὃς
292 3643 322 3689 τὰ
332 3644 370 3703 μὶν
382 3644 430 3690 νόθα
441 3651 484 3690 τῶν
495 3642 579 3709 βρεφῶν
591 3648 706 3712 ὑποὲρύχια
722 3653 772 3703 ταῖς
802 3651 842 3697 20.
858 3649 930 3696 ERN.

256 3704 425 3767 itmaas'pma,
443 3709 541 3775 καθάπερ
551 3711 677 3757 ἀκολάστου
693 3712 772 3773 λίχους
833 3715 977 3775 Digamus]
1004 3713 1169 3776 Antiquissimi
1185 3714 1240 3761 libri
1250 3714 1317 3761 dino-

256 3770 351 3831 τιμωρὶις
362 3770 461 3833 πρέπων.
476 3772 537 3818 Ὅσα
549 3773 565 3819 δ’
576 3773 600 3819 ἂν
614 3775 693 3831 isram?
702 3778 771 3820 καθα·
801 3792 868 3823 scas:
883 3776 933 3823 oed.
944 3776 1023 3839 Kapp.
1033 3776 1069 3824 ed·
1080 3777 1141 3839 Spir.
1164 3778 1237 3834 ERN.
1269 3778 1316 3825 Ed·

257 3833 293 3937 li
305 3832 770 3957 ἰῗξ1ἷῖξῖ·1ἷζῗ.1””’1111111111
802 3840 1156 3951 &mmmmm
1181 3851 1259 3890 Μ’
1275 3841 1314 3889 a

329 3942 333 3959 n
664 3918 681 3953 tf
716 3920 732 3945 ss
745 3919 771 3955 ας
841 3919 872 3950 m·
961 3936 968 3950 .
1126 3920 1173 3953 cas.
1309 3943 1313 3952 .

257 3955 350 4035 &imfli
366 3956 441 4032 dearsp
453 3916 577 4009 'itis'xacrvre'v
592 3980 640 4009 τινα
654 3918 770 4029 μαρξυςρίαν
832 3969 914 4013 Donec
928 3974 985 4015 (τέω
999 3919 1222 4029 xpafflngmoe,
1239 3971 1317 4017 virius

257 4018 772 4153 :tertiaret„titanae”nt
801 4031 1120 4155 2120111111.ξὲἲᾶ
1129 4035 1317 4159 lidia?

256 4144 325 4190 mmit
337 4154 360 4192 et
373 4146 475 4194 Galenus
488 4146 527 4194 De
541 4152 636 4199 sanitate
649 4152 734 4200 tuenda
749 4155 771 4212 l,
800 4164 919 4218 mosem,
928 4157 1005 4217 sedat,
1013 4167 1040 4206 ut
1048 4168 1206 4222 agnoscentur.
1223 4160 1315 4207 Gaorr.

258 4206 297 4252 1⁰.
309 4215 331 4253 et
344 4208 504 4257 Nazianzenus
518 4226 588 4260 carm.
599 4216 638 4263 49.
648 4215 678 4261 ad
689 4216 773 4266 Nicob.
801 4223 934 4282 Agnoscere
949 4237 977 4270 eo
989 4236 1057 4271 sensu
1073 4222 1136 4287 apud
1146 4223 1200 4273 San.
1211 4239 1247 4287 ep.
1259 4222 1316 4281 12⁰,

256 4284 278 4317 r·
293 4269 346 4317 142.
379 4273 478 4321 Nonnus
488 4273 512 4321 ln
523 4272 667 4337 Dionysiada
677 4280 717 4338 46,
728 4283 770 4329 55.
800 4293 824 4333 et
832 4284 893 4332 Plin.
905 4300 941 4348 ep.
949 4288 973 4346 5,
987 4285 1023 4341 17·
