3059 4975
206 232 243 289 ιν
597 221 902 283 mstonmuum
1122 224 1296 297 [nasta

246 388 346 455 VIII.
368 389 415 453 Et
428 388 478 453 bic
488 386 616 474 quidem
627 386 752 463 Romae,
769 398 927 473 tamquam
942 386 975 449 in
987 398 1074 451 tanta
1082 384 1295 463 multitudine,

200 474 328 540 habitus
341 474 516 540 animorum
529 472 601 538 fuit.
644 474 675 537 Ε
689 471 866 560 provinciis,
890 472 1052 559 Hispania
1070 486 1204 559 praerat
1218 470 1297 536 Clu-

201 561 272 625 vius
293 560 411 637 Rufus,
438 559 487 623 vir
507 558 663 623 facundus
685 573 717 623 et
797 557 823 622 is
844 557 973 637 artibus,
995 556 1083 622 bellis
1104 556 1296 644 inexpertus.

203 646 326 725 Galliae,
347 668 442 732 super
461 643 642 709 memoriam
660 582 807 721 Vindicii,
829 644 974 731 obligatae
990 642 1109 709 recenti
1127 643 1211 707 dono
1230 644 1298 707 Ro·

201 755 304 797 manae
324 730 468 809 civitatis,
489 729 575 795 etin
595 744 755 817 posterum
777 730 887 794 tributi
908 728 1090 795 levamento.
1139 728 1296 794 Proxime

203 832 307 881 tamen
320 815 517 897 Gennanicis
536 815 723 881 exercitibus
739 814 915 881 Galliarum
934 815 1093 893 civitates,
1105 837 1168 879 uon
1186 814 1297 879 eodem

201 903 321 968 bonore
341 902 468 981 babitae,
491 902 638 989 quaedam
659 901 753 966 etiam
777 901 893 966 finibus
911 901 1076 987 ademptis,
1101 899 1298 989 parirdolore

202 988 367 1054 commoda
392 988 494 1053 aliena
521 1012 558 1053 ac
585 1010 658 1052 suas
684 986 816 1074 injurias
844 988 1061 1053 metiebantur,
1104 984 1297 1051 ,Germanici

202 1074 371 1155 exercitus,
392 1074 480 1162 quod
497 1072 790 1161 perictdosissimum
809 1073 841 1137 in
861 1073 955 1139 tantis
974 1072 1103 1151 viribus,
1126 1071 1246 1137 solliciti
1266 1083 1298 1136 et

203 1160 286 1238 irati,
300 1159 449 1249 superbia
454 1158 592 1225 ‘recentis
604 1159 752 1238 victoria,
771 1173 804 1224 et
816 1172 915 1239 metu,
930 1173 1092 1246 tamquam
1105 1159 1180 1225 alias
1194 1169 1298 1245 partes

203 1245 362 1312 lovissent.
407 1246 516 1311 Tarde
528 1268 549 1309 a
563 1247 688 1311 Nerone
701 1245 912 1321 desciverant;
934 1268 991 1311 nec
1005 1246 1109 1311 statim
1123 1268 1182 1333 pro
1193 1243 1299 1309 Galba

205 1332 390 1419 Verginius:
411 1355 452 1396 an
462 1331 614 1418 imperare
625 1330 782 1410 voluisset,
798 1330 950 1407 dubium;
971 1332 1111 1396 delatum
1125 1330 1154 1396 ei
1167 1354 1187 1394 a
1200 1329 1299 1393 milite

205 1417 392 1504 Imperium,
404 1417 619 1483 conveniebat.
661 1418 828 1482 Fonteium
845 1417 1030 1504 Capitonem
1043 1417 1190 1496 occisum,
1205 1415 1298 1480 etiam

227 1502 261 1567 ui
282 1504 373 1591 queri
395 1526 458 1568 non
478 1515 633 1601 poterant,
654 1517 759 1568 tamen
780 1502 1033 1589 indignabantur.
1077 1504 1158 1567 Dux
1181 1502 1298 1581 deerat,

204 1527 342 1655 ibducto
364 1588 526 1677 Verginio,
548 1612 605 1677 per
626 1588 861 1654 simulationem.
875 1588 1034 1654 amicitia:
1062 1612 1158 1691 quem
1174 1610 1238 1652 non
1251 1611 1300 1651 re·
1379 1632 1384 1640 -

204 1675 299 1826 liudulfi,
319 1689 416 1764 atque
433 1674 529 1741 etiam
545 1696 635 1739 reum
654 1698 730 1754 esse,
750 1687 913 1762 tamquam
931 1698 1025 1741 suum
1042 1696 1158 1739 crimen
1172 1674 1301 1761 accipie-

268 1774 292 1825 i.

249 1848 318 1914 IX.
347 1846 496 1934 Superior
523 1847 677 1915 exercitus
702 1846 871 1934 Legatum,
898 1846 1118 1915 Hordeonium
1139 1844 1299 1925 Flaccum,

299 1956 320 1988 l·
408 1984 414 1998 .
724 1982 733 1992 .

203 2072 255 2117 cus,
269 2057 349 2116 tristis,
362 2065 386 2105 et
446 2056 543 2105 omnino
556 2056 635 2120 paucis
647 2064 736 2119 gratus.
770 2056 1054 2121 tirmmspettei'scims:
1070 2059 1190 2120 primores
1204 2058 1299 2117 Gallia,

206 2124 282 2171 Ln’s.
315 2122 378 2170 Mox
408 2121 446 2169 edi
462 2123 550 2169 irrisui
564 2136 592 2167 ac
602 2122 706 2184 fastidio
720 2136 736 2168 e
770 2122 855 2183 inquit,
872 2137 925 2183 quse
944 2124 1043 2171 Cornuto
1061 2124 1208 2184 appellatore
1230 2122 1301 2184 idque

149 2197 154 2204 “
205 2187 269 2236 Flor.
287 2196 310 2235 et
328 2186 364 2235 ed.
382 2202 417 2251 pr.
455 2185 532 2233 Ceteri
550 2191 573 2231 et
590 2187 622 2231 ir.
639 2192 662 2232 et
671 2187 736 2247 fast.
770 2186 911 2237 mibinotes.
934 2187 1223 2235 SednunceccaaGalbs
1231 2186 1300 2233 diffii-

206 2250 296 2300 Melius
310 2251 369 2300 foret
383 2251 466 2297 irritu.
488 2249 561 2298 Eure.
593 2248 735 2297 Budetir.
770 2266 823 2299 stim
834 2250 1032 2311 idjusinGallcs
1041 2266 1128 2308 omnes,
1140 2252 1182 2316 qui
1189 2266 1232 2315 pro
1240 2252 1301 2299 Vin-

203 2318 299 2381 acsast.
771 2315 822 2364 dice
832 2316 953 2365 stetissent.
978 2316 1118 2366 Plutarchus
1128 2316 1270 2380 apertissime
1281 2330 1301 2364 e.
1334 2332 1336 2334 ·

243 2380 412 2443 Tumquamitt
423 2384 490 2427 emto
500 2379 584 2443 meld]
605 2379 737 2441 Tamquam
774 2381 812 2429 18.
844 2384 884 2427 Ἐκ
901 2380 922 2427 ll
939 2378 1015 2432 τούτου
1032 2382 1068 2428 uel
1084 2381 1301 2447 τὰμιτρίωςνιρατ-

204 2444 451 2498 abestsMS.0xcu
467 2443 540 2492 ERN.
772 2446 853 2507 ripeta
876 2443 976 2502 tesselati
995 2442 1060 2512 εἶχεν,
1082 2448 1113 2500 ὡς
1130 2444 1161 2495 τὰ
1179 2446 1232 2510 πρὶν
1250 2446 1302 2499 τοὺς

239 2512 368 2574 Hispaniae
374 2516 481 2572 praerat
506 2509 600 2570 Nempe
610 2508 737 2558 dietiorie.
772 2509 881 2564 Γαλατὰς
902 2508 993 2559 Οὐΐνδικι
1014 2515 1172 2574 suspectione.
1204 2509 1301 2558 Ἐδᾶκουν

206 2571 382 2636 Tarraconensi·
408 2574 459 2622 V.‘
522 2574 546 2632 4,
559 2574 600 2622 39.
615 2574 689 2623 Eleu·
772 2573 814 2638 γὰρ
825 2577 848 2622 οὐ
858 2576 1009 2638 φιλανθρωπίᾳ
1020 2579 1058 2621 τοῦ
1069 2575 1234 2638 αὐτοκράτορος,
1251 2575 1301 2620 ἀλλ’

242 2641 344 2691 Cluvius
355 2639 452 2705 Rufus]
476 2637 516 2686 De
529 2637 574 2686 hoc
586 2654 609 2687 V·
623 2639 688 2688 Plin-
698 2654 736 2703 ep
772 2639 881 2699 ὠνούμενοι
890 2638 940 2702 παρ’
951 2641 1042 2686 Οὐιννίου
1052 2640 1165 2702 τυγχάνειν
1174 2642 1267 2693 ἀνέσεως
1275 2657 1300 2688 τι

207 2703 233 2764 9,
246 2705 285 2753 lli.
772 2701 871 2761 δασμῶν,
884 2701 920 2750 καὶ
932 2705 1053 2756 πολιτείας.
1071 2704 1147 2751 Istrs.

207 2763 210 2769 ’
240 2767 738 2832 Etpaetscrtttus‚tetltstmpertus]1³a.
809 2768 905 2816 Trebati
915 2767 1056 2833 levamento]
1073 2768 1164 2828 Quarta
1179 2777 1244 2833 parte
1261 2769 1302 2818 tri.

208 2836 242 2882 cis
252 2835 344 2882 ortibus
358 2833 412 2880 ferri
427 2840 510 2896 potest,
525 2832 612 2881 sicum
623 2832 738 2884 Rhenano
772 2831 831 2880 buti.
848 2847 868 2880 c.
882 2831 922 2879 51.

207 2897 738 2962 intelligesexpertus,quodletetinverbois·
807 2898 934 2946 Germanis
951 2897 1039 2962 exera]
1066 2895 1130 2946 Edd.
1151 2906 1205 2946 ante
1225 2898 1304 2946 Rhen.

208 2971 333 3026 expertas.-
350 2964 417 3023 cujus
432 2962 521 3026 generis
533 2971 557 3010 et
570 2962 617 3010 slis
631 2963 739 3026 exempla
773 2975 854 3009 omnes
864 2960 925 3008 mele
936 2963 1059 3010 Romanis.
1091 2962 1249 3024 Moxfluibus
1259 2965 1302 3010 od-

206 3026 234 3077 in
247 3027 337 3076 Tacito.
366 3028 519 3092 Quamquam
535 3041 566 3074 ne
580 3027 625 3075 hoc
642 3027 738 3090 quidem
772 3028 851 3085 emtis,
864 3025 907 3072 int
920 3034 986 3089 parte
998 3041 1115 3089 agmntm.
1148 3027 1210 3075 Mox
1223 3043 1302 3076 rursus

207 3092 361 3154 necessarium
376 3100 420 3152 ast,
436 3107 490 3141 cum
507 3091 604 3140 Tacitus
619 3106 682 3154 sepe
696 3093 739 3140 tali
772 3089 826 3137 dedi
844 3093 959 3139 Genuam
975 3094 1101 3149 exercitas,
1113 3091 1177 3156 quod
1192 3101 1216 3140 et
1228 3092 1302 3141 MSS»

207 3157 316 3215 ablativo,
333 3157 438 3204 absolute
452 3157 536 3220 posito,
555 3165 643 3214 utatur,
659 3164 687 3204 ut
702 3156 740 3204 in-
770 3155 869 3218 quidam
880 3162 904 3204 et
914 3155 966 3203 add.
977 3165 1064 3216 veteres
1078 3157 1173 3217 habent,
1187 3171 1230 3221 pro
1242 3159 1303 3206 Ger-

207 3222 334 3284 teiligatur,
342 3220 475 3279 instructus,
484 3220 613 3269 abundans.
637 3221 739 3270 suns.
773 3222 870 3281 musici,
882 3228 909 3267 ut
919 3219 1047 3269 similitudo
1057 3229 1123 3270 esset.
1138 3222 1212 3270 Eas.
1238 3221 1301 3269 Bud.

208 3302 278 3334 emus
288 3287 324 3346 (et
333 3283 445 3346 Ursinus)
461 3284 517 3334 addi
529 3284 637 3334 volebant
648 3288 737 3344 ctam,
774 3285 902 3334 Germosds
912 3287 1077 3333 exercitibus..
1086 3318 1108 3334 ..
1117 3287 1303 3336 demutesce-

225 3351 272 3400 uod
287 3358 321 3399 est
338 3349 363 3397 in
378 3350 435 3398 MS.
450 3349 511 3412 Agr.
526 3349 640 3400 Heinsius
654 3367 692 3415 ep.
708 3351 739 3399 ad
772 3351 869 3398 arcitus.
908 3348 1042 3398 Similitudo
1057 3357 1084 3396 ut
1100 3350 1138 3410 sit,
1154 3351 1303 3413 posteriorem

208 3367 287 3464 lares.
297 3416 347 3464 tl.
356 3415 416 3465 Coll.
425 3415 511 3463 Burm.
516 3419 585 3478 pacis
590 3431 639 3479 por
646 3418 738 3464 arettas
772 3413 873 3462 formam
883 3421 981 3477 utroque
991 3413 1042 3461 loco
1051 3429 1143 3478 sequor.
1164 3415 1203 3466 sic
1211 3423 1236 3462 et
1246 3415 1302 3478 Bip.

208 3495 234 3544 p.
241 3481 297 3529 498.
304 3479 368 3544 quod
375 3480 531 3544 valdeprobat
537 3479 642 3529 (ἰωνίαν
650 3497 674 3545 p.
681 3483 739 3530 505.
769 3478 833 3541 Agr.
844 3493 937 3542 quoque
948 3477 1107 3528 Garumnicis.

208 3543 272 3608 Mox
285 3547 349 3593 leuis
363 3545 436 3594 MSS.
452 3544 516 3593 Flor·
531 3543 610 3592 Gueli
621 3545 675 3593 edd.
685 3553 740 3594 unte
772 3593 775 3600 ,
805 3545 909 3591 Finibus
919 3541 1029 3605 ademtis]
1047 3542 1085 3594 ef.
1097 3559 1118 3592 c.
1129 3545 1169 3592 53.

209 3608 287 3671 Rhea.
302 3609 345 3673 qui
354 3610 416 3658 mele
428 3609 454 3669 (e
463 3606 541 3671 Bud.)
554 3609 675 3658 substituit
685 3611 740 3658 belli
807 3610 909 3656 Solliciti
917 3615 940 3656 ei
948 3610 1018 3672 irati]
1028 3609 1101 3657 Haud
1109 3618 1195 3658 temere
1202 3615 1306 3656 mutem:

207 3676 255 3733 (sc.
272 3671 385 3735 ortibus).
418 3674 494 3723 Vetus
510 3673 610 3723 restitnit
627 3675 741 3738 Ryckius.
772 3673 942 3736 spectamen
963 3676 1121 3723 membrorum
1143 3688 1260 3722 connexus
1281 3681 1305 3721 et

209 3740 286 3787 Bellis
296 3741 433 3800 inexpertus
443 3747 485 3798 est,
496 3739 539 3802 qui
546 3739 623 3787 nullas
632 3755 669 3788 res
678 3739 741 3788 bello
773 3738 900 3801 responsio,
911 3737 1011 3801 silagas,
1023 3739 1110 3788 soliciti
1121 3745 1144 3786 et
1154 3741 1218 3786 aliti.
1234 3737 1304 3786 Metu

209 3803 288 3866 gessit,
311 3805 397 3866 quibus
415 3803 510 3852 suenda
529 3802 635 3852 militaris
656 3819 740 3866 cogno-
774 3802 1216 3866 nempesottcitiffictosiaelsttnrrs.
1244 3803 1305 3850 Fru-

209 3876 317 3916 seeretur.
334 3867 407 3916 Ean.
434 3868 522 3918 Contra
532 3869 740 3931 lelliineapertus,
775 3875 828 3914 stra.
841 3867 897 3915 Vid.
913 3869 978 3916 Suet.
996 3867 1065 3916 Galb.
1079 3869 1117 3916 16.
1129 3868 1249 3931 fremebat
1265 3883 1306 3914 su·

210 3931 253 3997 qui
262 3932 351 3980 bellum
361 3946 483 3997 nunquam
492 3932 558 3981 vidit.
772 3933 878 3994 perieris
890 3934 973 3981 Germ.
984 3935 1109 3980 accercitus.
1127 3933 1195 3988 Mox.
1207 3934 1233 3980 ia
1245 3933 1305 3979 Bri-

210 4040 213 4044 .
242 3998 343 4045 &tenti
353 3997 412 4044 dotto
419 3999 535 4045 Rosnonoe
544 3998 664 4062 civitatis]
675 3995 743 4056 Quo-
776 3999 871 4044 tanatos
880 4000 986 4045 exercitu
997 3999 1060 4045 nibil
1070 3999 1171 4044 irarum.
1183 3998 1239 4045 Post
1248 3996 1306 4044 Mu-

210 4060 282 4110 mcdo
291 4061 394 4110 recenti?
410 4070 433 4110 et
442 4076 520 4110 nonne
528 4062 668 4126 jampridem
677 4062 742 4110 Galli
776 4069 839 4109 retus
847 4070 870 4110 et
876 4061 998 4110 Acidalius
1005 4062 1132 4122 malebant,
1138 4063 1231 4110 etiamsi
1238 4061 1306 4123 queri

210 4125 250 4174 isti
264 4125 349 4174 comati
362 4125 388 4174 id
401 4125 480 4190 adepti
491 4142 506 4174 a
517 4127 635 4176 Claudio?
652 4127 742 4175 clarum
776 4141 823 4174 noa
830 4133 949 4190 poterunt.
965 4126 1022 4175 Non
1032 4127 1102 4186 mele,
1114 4135 1141 4174 ut
1151 4125 1239 4190 opinor.
1260 4125 1306 4174 Est

199 4191 237 4256 ¹id
247 4207 260 4240 e
271 4189 354 4239 'l'acito
361 4190 395 4238 A.
407 4191 446 4252 ll,
454 4192 494 4238 23.
504 4192 551 4240 Sed
559 4191 664 4255 expedio.
674 4191 742 4240 Olim
777 4191 840 4239 enim
849 4191 880 4238 de
891 4191 973 4244 eodem
984 4191 1084 4240 exercitu
1095 4206 1178 4239 samio.
1193 4189 1266 4238 Eure.

211 4255 307 4319 quidem
315 4256 355 4317 jus
362 4253 448 4302 civium
454 4255 540 4319 adepti,
550 4271 597 4304 non
604 4265 681 4304 tamen
689 4271 743 4318 pro-
814 4256 954 4318 Verginius]
967 4257 1040 4320 Cogn.
1050 4256 1137 4316 Rulits,
1148 4255 1177 4304 de
1188 4271 1236 4320 quo
1245 4254 1306 4306 Plin.

210 4320 309 4384 miscus,
318 4319 471 4386 sedprooercs
478 4329 578 4370 tanturm
595 4322 669 4370 Caute
675 4320 708 4369 ibi
719 4329 743 4370 et
775 4335 812 4384 ep.
824 4322 848 4384 2,
863 4322 884 4369 1.
894 4323 918 4382 li,
933 4321 970 4368 lo.
