3059 4975
206 298 273 339 ac.
293 281 355 353 Ju]
595 276 671 335 LIB.
689 277 711 335 l.
733 276 818 336 CAP.
839 280 887 337 36.
1237 284 1275 345 37

268 466 309 506 ue
336 462 463 540 corpore
491 440 610 517 sistens,
640 438 713 503 sella
740 438 904 505 levaretur.
949 442 1070 505 Obvius
1097 444 1130 507 in
1155 443 1270 529 palatio

205 467 315 592 lilius
328 529 467 604 Attrcus,
482 524 667 612 speculator,
679 540 843 592 cruentum
854 525 995 612 gladium
1005 540 1171 607 ostentans,
1188 537 1210 569 ‘⁶
1219 554 1270 595 oc-

204 614 302 677 cisum
316 637 336 677 a
353 636 385 677 se
402 612 588 688 Othonem,”
610 610 811 675 exclamavit:
837 624 869 675 et
890 610 1005 691 Galba,
1028 613 1268 694 “Commilitn,”

204 699 317 785 inquit,
337 698 439 785 “quis
449 696 544 785 jussit
552 698 584 762 ?”
597 696 710 783 insigni
724 696 828 761 auimo
839 696 879 761 ad
890 698 1088 763 coercendam
1103 697 1268 765 militarem

203 784 367 863 licentiam,
387 782 577 849 minantibus
593 781 779 870 intrepidus,
798 782 946 848 adversus
958 782 1151 849 blandientes
1163 784 1268 851 incon-

203 885 243 934 ru
266 884 325 935 tus.

243 894 421 1021 llxxvl.
443 954 544 1021 Haud
567 954 672 1019 dubia
690 955 758 1041 jam
783 956 817 1019 in
839 956 946 1021 castris
969 956 1108 1021 omnium
1130 970 1265 1025 mentes:

204 1057 372 1131 tantusque
393 1042 497 1120 ardor,
520 1054 557 1105 ut
580 1063 643 1104 non
667 1041 804 1106 contenti
827 1042 951 1129 agmine
967 1055 999 1106 et
1018 1065 1070 1107 cor
1111 1042 1207 1123 ribus,
1232 1043 1266 1109 in

205 1143 364 1215 suggestu,
383 1128 495 1215 inquo
508 1125 614 1215 paullo
628 1138 699 1191 ante
712 1149 807 1192 aurea
823 1128 935 1193 Galbae
949 1141 1052 1193 statua
1070 1064 1183 1210 lieret,
1202 1152 1266 1193 me-

204 1214 294 1279 dium
309 1215 391 1279 inter
413 1214 501 1300 signa
520 1211 676 1279 Othonem
695 1212 816 1277 vexillis
834 1212 1071 1279 circumdarent.
1107 1212 1178 1279 Nec
1193 1214 1267 1279 Tri.

203 1300 297 1364 bunis
306 1313 363 1365 aut
372 1298 615 1365 centurionibus
624 1297 761 1362 adeundi
770 1297 873 1365 locus:
889 1300 1051 1386 gregarius
1064 1298 1152 1364 miles
1165 1302 1267 1365 caveri

203 1386 330 1473 insuper
349 1385 532 1472 praepositos
547 1384 689 1469 jubebat
734 1386 878 1473 Strepere
897 1399 1009 1451 cuncta
1029 1384 1215 1451 clamoribus
1236 1398 1268 1451 et

204 1471 345 1536 tumultu
364 1485 396 1537 et
413 1470 626 1546 exhortatione
641 1483 762 1549 mutua,
783 1494 847 1537 non
863 1482 927 1535 tarn
950 1494 1023 1535 uam
1043 1471 1076 1535 in
1095 1470 1213 1560 populo
1231 1495 1268 1537 ac

203 1557 305 1643 plebe,
328 1556 421 1622 variis
441 1556 527 1643 segni
547 1555 724 1620 adulatione
742 1558 881 1636 vocibus,
904 1495 969 1635 seb,
988 1571 1025 1623 ut
1042 1580 1199 1647 quemque
1212 1557 1269 1621 ad·

202 1643 368 1708 fluentium
386 1642 521 1707 militum
538 1641 752 1729 adspexerant,
771 1665 915 1731 prensare
934 1644 1088 1723 manibus,
1106 1641 1266 1730 complecti

202 1729 308 1809 armis,
321 1728 480 1794 conlocare
489 1728 595 1817 juxta,
609 1728 720 1816 praeire
734 1743 972 1808 sacramentum,
987 1728 1080 1795 modo
1095 1731 1268 1816 Imperato-

203 1837 270 1879 rem
295 1815 453 1894 militibus,
475 1816 571 1880 modo
595 1815 781 1904 Imperatori
802 1814 915 1881 milites
935 1815 1159 1880 commendare.
1196 1813 1268 1880 Nec

202 1901 308 1968 decrat
323 1899 422 1978 Otho,
443 1900 630 1987 protendens
648 1922 771 1978 manus,
792 1900 921 1965 adorare
939 1900 1081 1986 vulgum,
1101 1900 1204 1985 jacere
1218 1922 1267 1963 os·

204 1984 284 2063 cula,
300 2000 332 2050 et
345 1984 449 2049 omnia
462 1984 612 2049 serviliter
624 2008 683 2073 pro
693 1985 912 2049 dominatione.
943 1986 1116 2133 Postquam
1126 1984 1269 2049 universa
1316 2015 1320 2027 ·

205 2070 400 2137 classicorum
422 2070 503 2157 legio
523 2084 748 2136 sacramentum
771 2070 839 2157 ejus
857 2068 992 2156 accepit3
1041 2068 1117 2135 dens
1140 2069 1269 2149 viribus,

206 2229 294 2275 Fsemo
303 2227 408 2290 placebat
419 2228 454 2285 (et
461 2224 587 2286 Heinsiolr
598 2225 670 2288 idque
679 2241 719 2273 rs-
748 2226 855 2283 tandum,
868 2225 961 2286 vellem,
972 2227 1081 2287 ambert
1091 2227 1174 2274 armis.
1189 2225 1267 2273 ers.

205 2307 257 2338 rum
267 2304 333 2355 puto.
359 2290 440 2338 Prima
457 2291 545 2353 syllaba
560 2292 667 2353 absorpta
684 2300 719 2337 est
748 2289 880 2352 Vulgarum
891 2298 925 2338 est
934 2289 1033 2338 inlibris
1047 2306 1089 2338 scr.
1108 2290 1183 2350 (Flor.
1199 2289 1263 2337 Bud.

205 2372 219 2404 a
243 2356 306 2403 finali
325 2355 474 2418 procedentis
492 2353 564 2411 verbi,
585 2363 614 2401 ut
634 2353 718 2401 emties
748 2352 912 2417 Agaletedd.
921 2352 1264 2417 RyclriusetScburalleischius

205 2417 717 2480 alibiinMSS.1nslstrmhlS.Agr.ed.pr.
747 2418 908 2480 intelligebant
939 2434 1025 2478 armos,
1051 2418 1159 2467 brachias
1192 2418 1261 2467 male·

205 2486 266 2534 Mox
275 2485 426 2543 acclamarit,
437 2483 594 2548 qnodeFlor.
603 2482 666 2531 dedit
676 2482 719 2531 Pi.
748 2481 860 2532 Schurzll.
884 2482 922 2532 hic
946 2482 1016 2532 etiam
1038 2493 1156 2546 conparat
1178 2482 1264 2532 nuans

204 2548 543 2613 ebenaetiamfluelf.(Bud.)
555 2548 719 2612 &pr-cetera
747 2547 1010 2610 virgitrualuutr.
1036 2547 1261 2598 Immoarmaiutcl·

205 2616 331 2662 ctamaatt:
344 2613 401 2662 item
411 2615 566 2668 coercendae.
576 2613 639 2676 quod
646 2611 718 2661 edidit
746 2611 848 2674 ligeuda,
864 2613 880 2660 i.
892 2627 911 2660 e.
926 2623 1028 2671 scutum,
1044 2627 1091 2677 quo
1104 2612 1129 2660 in
1139 2612 1263 2674 complexu

205 2679 280 2728 Rhen.
295 2681 320 2739 (e
330 2677 404 2735 Bud.)
420 2688 473 2741 post
482 2679 537 2726 Put
548 2686 574 2726 st
584 2677 639 2726 Ber.
653 2692 718 2724 cosr-
747 2677 832 2725 arctius
848 2678 982 2726 admovetur
998 2678 1084 2740 pectori
1101 2675 1196 2726 amictu.
1229 2675 1262 2724 m

204 2746 310 2800 crudam
333 2743 397 2807 quod
417 2743 496 2808 ipsum
517 2757 610 2806 quoque
629 2751 718 2790 rectum
747 2752 803 2790 sunt
823 2741 880 2790 tales
901 2742 1023 2804 amplexus
1044 2741 1106 2806 apud
1123 2741 1263 2790 Homerum.

203 2824 258 2867 esse,
268 2808 338 2856 hodie
347 2807 402 2856 satis
412 2816 507 2857 conant
524 2807 598 2855 Ean.
620 2806 717 2854 Rhena-
748 2805 821 2854 Ean.

203 2887 260 2920 num
270 2872 515 2936 mueoepitnipsua
526 2871 590 2920 Butl.
605 2871 719 2920 itahabet
780 2873 865 2920 locere
890 2873 979 2936 oscum]
1019 2875 1139 2932 οιλήματα
1163 2873 1264 2931 slprso.

204 2939 308 2986 irruatis
326 2939 399 2985 turbe
419 2953 492 3000 nsque
512 2951 607 2998 corpore
625 2938 718 2994 elatem,
748 2934 840 2998 Xiphil.
1137 2988 1140 2994 ,

203 3002 450 3064 omissisuequeaetalr.
473 3001 618 3050 Indeeren.
627 3000 719 3063 conjicit
783 3001 942 3050 Clcssslcoram
951 2997 1265 3068 tegiqflecesstoetiobffi.

201 3067 327 3128 legendum
333 3069 440 3114 irruente
446 3068 515 3116 turba
519 3083 528 3124 l
537 3066 563 3112 in
569 3074 635 3113 textu
641 3073 719 3114 tamen
749 3065 949 3128 Flor.Bud.Agr.
961 3065 997 3113 ed.
1006 3080 1041 3128 pr.
1050 3079 1122 3128 quam
1132 3065 1191 3112 bene
1198 3067 1265 3114 resti-

202 3130 324 3194 vulgatum
336 3138 419 3180 serrat.
452 3131 512 3180 Mox
527 3144 552 3178 rc
566 3131 649 3178 aaron
662 3130 718 3191 Bip.
748 3130 794 3178 tuit
810 3130 837 3178 J.
848 3131 920 3180 (iton.
935 3129 1032 3178 Fabam
1048 3139 1127 3176 tamen
1140 3137 1184 3190 est,
1199 3131 1264 3191 quod

203 3195 306 3243 mallent.
697 3203 707 3234 ι
749 3196 924 3242 claricaturam
934 3203 1002 3270 putat
1012 3209 1061 3244 esse
1071 3196 1100 3242 ab
1112 3193 1136 3240 in
1183 3192 1264 3244 ioBe·

235 3258 502 3322 Aaracaltoestasrm]
514 3259 719 3323 Apparetitatunc
748 3258 828 3306 roaldi.
848 3259 912 3307 Nam
923 3273 955 3307 nc
966 3259 1021 3308 MS.
1035 3258 1113 3308 Guell'.
1171 3257 1262 3308 Puaot

202 3333 321 3386 receptum
330 3325 356 3372 in
366 3325 453 3384 castris,
464 3325 497 3372 A.
510 3325 548 3384 15,
560 3326 600 3373 29.
634 3324 719 3370 Medio
748 3338 836 3386 exque
846 3323 933 3386 accepit
944 3321 1077 3372 Beroaldus.
1093 3323 1178 3385 Neque
1186 3323 1262 3383 credo,

201 3391 308 3438 tribunal
316 3390 393 3437 sedem
400 3392 506 3437 curuum
514 3395 536 3436 el
547 3390 610 3437 sedes
618 3390 718 3450 effigiem
748 3402 796 3435 non
814 3396 837 3436 et
852 3389 1028 3436 ebuiarlorum
1042 3389 1156 3450 legionem
1168 3385 1213 3434 dici
1223 3402 1262 3434 eo·

203 3456 312 3502 Neronis
320 3456 454 3502 octimber.
471 3455 547 3502 lrrrs.
747 3452 802 3500 dem
817 3465 885 3500 serm
901 3465 975 3514 posse,
992 3461 1016 3500 et
1030 3465 1077 3500 non
1093 3451 1198 3497 cusam:
1213 3465 1263 3498 eos·

235 3520 367 3583 Premare]
379 3519 418 3567 Sic
425 3518 531 3566 dedimus
538 3532 582 3581 pro
589 3517 653 3580 vulg.
659 3533 718 3580 prs·
747 3517 801 3565 dem
812 3517 945 3564 abssinrs'cr
955 3516 1039 3576 socan,
1048 3524 1075 3564 ut
1082 3514 1262 3564 vulthbrettus

202 3584 315 3630 mamre:
344 3581 401 3646 quia
417 3583 514 3631 Tacibrs
532 3582 565 3630 sic
580 3597 679 3644 semper,
697 3582 718 3630 si
747 3582 777 3630 sd
793 3581 904 3630 Column.
922 3580 988 3643 ij.
998 3595 1025 3630 c.
1041 3581 1065 3628 3.
1081 3595 1105 3644 p.
1119 3581 1158 3628 tu.
1175 3595 1261 3642 negans

200 3647 268 3695 bonis
284 3647 351 3697 libris
364 3645 427 3695 fldcs.
443 3647 499 3696 Ms
518 3646 583 3695 Flor.
598 3647 634 3709 (et
643 3645 718 3708 Agr.)
746 3646 817 3694 etiam
824 3663 849 3710 p.
858 3647 898 3694 84.
910 3644 1262 3708 legionesclsssicasclesss'am'ar

199 3711 238 3758 ed.
248 3727 284 3774 pr.
293 3725 404 3774 prmnrs
414 3719 441 3760 ut
453 3712 493 3770 ll,
507 3709 717 3760 turbinata.
745 3710 792 3760 diei
802 3720 868 3774 posse
877 3727 907 3760 ex
917 3710 941 3758 h.
952 3709 970 3758 l.
982 3709 1068 3771 Taciti,
1079 3723 1133 3758 cum
1145 3708 1226 3770 Irsrio,
1237 3719 1262 3758 et

200 3775 277 3825 Gran.
296 3776 338 3839 qui
353 3775 383 3823 sd
399 3791 418 3822 c.
430 3776 469 3824 66.
486 3784 535 3824 um
548 3775 717 3824 scriterdet'en·
746 3777 921 3824 obscuriorum
941 3777 1055 3837 legimns
1074 3775 1150 3824 vocari
1166 3783 1264 3838 putsna,

199 3840 243 3897 dit,
256 3840 367 3889 Tacitum
377 3839 464 3904 ubique
473 3840 588 3916 scripsisse
594 3854 716 3902 premes,
746 3840 809 3902 quod
826 3856 853 3888 ea
866 3840 927 3902 legio
942 3839 1019 3901 fuerit,
1036 3855 1108 3903 quam
1119 3855 1132 3886 e
1142 3837 1261 3888 classiariis

200 3914 278 3952 tamen
288 3904 594 3953 bicillamsuamratronern
601 3904 715 3953 deseruit:
747 3905 811 3952 Nero
830 3904 999 3968 conscripserat.
1038 3905 1102 3952 Nam
1119 3903 1162 3952 etsi
1179 3917 1260 3952 verum

200 3968 241 4016 ssd
251 3969 343 4018 vident
352 3984 402 4018 mse
414 3969 499 4017 vitium
512 3983 644 4031 operarum,
660 3974 717 4016 nam
746 3977 789 4029 ast,
797 3968 929 4016 classimlcs
936 3967 1033 4018 subinde
1042 3969 1141 4030 intelligi
1151 3969 1261 4029 remiges,

200 4034 246 4081 bc.
257 4033 329 4082 etiam
344 4033 496 4082 hunclocum
506 4033 580 4092 affert,
596 4032 716 4096 ubiprsn·
747 4032 891 4096 etdistingui
905 4049 920 4080 a
933 4031 999 4082 sodis
1011 4033 1141 4091 navalibus,
1158 4033 1202 4081 hoc
1217 4041 1260 4089 est,

200 4111 254 4145 sare
264 4097 409 4146 scnbendum
421 4098 459 4147 ait.
474 4099 547 4148 Ean.
565 4097 631 4146 Bud-
643 4112 717 4160 Μι-
746 4098 860 4146 militibus
886 4098 981 4146 dasem
1008 4097 1214 4162 propugnantibus,
1239 4103 1263 4143 el

200 4177 261 4210 sara
545 4203 547 4207 .
746 4163 835 4210 bellum
846 4162 906 4210 msri
944 4162 1055 4221 renubus,
1064 4172 1141 4211 tamen
1149 4159 1212 4208 idem
1219 4173 1262 4206 no·

236 4227 457 4289 Complstrlarmls]
471 4227 718 4287 Mnretussellemr.
746 4241 802 4276 men
826 4226 895 4276 etiam
932 4225 1074 4275 emilinbus
1092 4225 1146 4282 diei,
1165 4223 1262 4270 minirne

200 4292 271 4339 elisa
303 4293 360 4339 Non
368 4292 490 4355 squidemr
507 4291 645 4341 stmilitaris
654 4293 718 4340 salu·
747 4291 863 4354 ambiguis
883 4290 995 4354 exemplis
1013 4289 1088 4338 doceri
1104 4295 1187 4350 potul,
1208 4297 1262 4356 (ΙΨ

198 4355 259 4404 tatio
271 4356 327 4414 fuit,
342 4364 366 4404 et
381 4355 450 4405 affini
462 4365 517 4405 sunt
530 4371 584 4404 cum
599 4355 682 4418 gladiis
695 4365 719 4405 et
748 4355 818 4404 etiam
830 4356 855 4403 in
869 4355 950 4404 lexicis
965 4354 1116 4406 exhibentur;
1132 4348 1203 4406 unde,
1220 4360 1262 4424 qur

200 4419 283 4483 mutis,
300 4428 371 4486 atquc
385 4420 414 4470 iis
427 4421 538 4484 amplexi.
569 4419 652 4484 Siquid
666 4437 719 4472 mn·
747 4421 773 4470 in
784 4421 885 4485 antiquis
895 4418 1043 4470 monimentis
1058 4413 1171 4466 Centurio
1182 4412 1263 4460 claen-
