3059 4975
264 298 336 341 mc.
350 280 414 354 70.]
596 272 677 337 LIB.
694 277 753 336 111.
775 277 868 340 CAP.
891 285 935 342 13.
1265 281 1323 346 17³

151 499 164 520 ,
263 445 427 532 ambiguos
439 441 575 508 miiitum
591 431 719 523 animos,
734 444 822 546 quod
839 465 954 531 magna
972 465 1045 532 pars
1062 437 1218 510 Dalmatoe
1238 446 1322 510 Pan-

263 531 411 617 noniique
424 541 522 607 erant,
532 553 605 616 quoe
619 530 787 616 provinciae
801 530 994 617 Vespasiano
1008 529 1201 608 tenebantur,
1223 529 1326 617 parti-

263 617 324 680 bus
347 617 416 703 ejus
437 615 670 702 adgregaverat.
713 618 789 680 Nox
813 615 983 703 proditioni
1007 614 1113 690 electa,
1139 626 1185 693 ut,
1213 615 1322 680 ceteris

263 701 390 788 ignaris,
413 701 469 766 soIi
489 701 522 763 in
536 700 689 788 principia
701 701 871 766 defectores
890 701 1015 765 coirent.
1060 701 1176 764 Bassus
1189 701 1321 800 pudore,

264 810 318 851 seu
332 801 429 865 metu,
450 786 595 873 quisnam
613 787 716 851 exitus
733 787 826 863 foret,
846 785 928 850 intra
946 786 1076 850 domum
1092 787 1322 874 opperiebatur.

264 872 442 937 Trierarcbi
468 894 583 959 magno
606 873 746 951 tumultu
768 870 890 936 Vitellii
912 871 1061 958 imagines
1088 869 1252 950 invadunt,
1277 883 1322 950 et,

263 958 371 1044 paucis
391 958 599 1022 resistentium
620 957 823 1036 obtruncatis,
845 971 982 1022 ceterum
1003 955 1056 1020 vul
1103 981 1128 1035 s,
1148 979 1253 1021 rerum
1267 979 1326 1020 no-

264 1066 377 1107 varum
392 1042 506 1122 studio,
520 1044 554 1106 in
568 1041 795 1130 Vespasianum
815 1042 991 1107 inclinabat.
1035 979 1122 1106 'Ignium
1141 1064 1327 1190 progressus·

266 1128 409 1193 Lucilius
423 1141 580 1193 auctorem
600 1151 632 1192 se
649 1129 751 1215 palam
765 1128 901 1215 praebet:
924 1127 1027 1192 classis
1046 1130 1148 1194 Corne
1161 1126 1225 1192 'um
1244 1128 1328 1192 Fus··

265 1237 337 1277 cum
353 1215 540 1279 Praefectum
555 1213 614 1277 sibi
623 1214 768 1291 destinat,
779 1213 836 1300 qui
869 1236 978 1302 ropere
988 1212 1176 1278 adcucurrit.
1206 1215 1322 1278 Bassus

264 1299 414 1364 honorata
430 1300 570 1364 custodia
589 1299 768 1365 Liburnicis
785 1237 918 1364 navibus
935 1298 1089 1363 Hadriam
1107 1312 1281 1384 pervectus,
1303 1321 1327 1365 a:

265 1384 419 1451 Proefecto
432 1385 491 1449 aiae
505 1385 637 1450 Mennio
655 1385 788 1465 Rufino,
809 1384 989 1473 praesidium
1010 1383 1073 1448 ilIic
1091 1383 1239 1469 agitante,
1253 1383 1328 1448 vin-¹

264 1471 354 1534 citur.
401 1471 464 1536 Sed
478 1470 622 1536 exsoluta
638 1471 742 1535 statim
761 1471 895 1550 vincula,
914 1470 1092 1534 interventu
1112 1469 1236 1548 Hormi,
1252 1468 1327 1533 Cre-

266 1555 342 1619 saris
355 1557 476 1622 liberti:
498 1557 526 1620 is
540 1579 667 1643 quoque
680 1557 761 1621 inter
776 1559 882 1622 Duces
895 1556 1077 1621 habebatur.

309 1642 410 1706 XIII.
433 1644 481 1705 At
492 1642 626 1721 Caecina,
637 1642 809 1707 defectione
818 1641 922 1708 classis
932 1640 1070 1728 vulgata,
1081 1639 1231 1727 primores
1241 1643 1322 1705 Cen-

265 1726 423 1792 turionum
438 1740 469 1791 et
483 1750 599 1814 paucos
620 1727 766 1808 militum,
789 1727 896 1793 ceteris
917 1751 973 1815 per
991 1725 1109 1790 militiae
1128 1749 1257 1790 munera
1275 1726 1324 1791 di-

264 1812 386 1899 spersis,
401 1812 563 1877 secretiora
576 1830 747 1877 castrorum
760 1815 930 1893 adfectans,
944 1815 977 1878 iu
987 1811 1140 1902 principia
1153 1824 1255 1877 vocat.
1269 1812 1327 1876 Ibi

263 1985 343 2044 classe,
354 1984 378 2032 in
389 2000 437 2048 qua
444 1994 526 2046 essem,
537 1986 622 2050 qurbus
632 1986 710 2035 invitis
723 2003 777 2052 par·
809 1986 871 2035 Mox
882 1987 1020 2034 adcucurrit
1030 1985 1094 2034 Flos·
1106 1985 1156 2034 edd.
1171 2000 1208 2049 pr.
1226 1984 1323 2033 Pichen.

264 2058 298 2097 tes
316 2060 451 2098 mutaverat
485 2049 525 2099 Ob
543 2066 614 2115 quam
632 2067 736 2099 oeussam
755 2062 779 2101 et
809 2067 828 2099 s.
856 2049 933 2100 Ceteri
948 2063 991 2110 scr.
1009 2059 1031 2097 et
1047 2049 1099 2098 edd.
1117 2051 1230 2097 accurrit.
1250 2049 1323 2097 Ean.

263 2113 396 2177 prnsidIum
413 2124 447 2162 cst
464 2115 570 2162 additum
585 2115 694 2166 abeuntis
714 2116 778 2180 quod
809 2115 872 2164 Bud.
894 2116 1010 2162 adcurrit.
1040 2114 1120 2162 Victor
1144 2114 1206 2161 male
1231 2114 1327 2162 citatur.

280 2193 363 2225 uorum
384 2177 515 2239 hominum,
534 2180 619 2244 quibus
643 2180 777 2229 nominibus
809 2179 893 2239 Credo,
908 2179 1047 2242 Eutropium
1061 2178 1085 2238 7,
1101 2179 1177 2226 auin
1192 2177 1323 2226 animcha-

290 2242 341 2299 erit,
352 2242 410 2305 quid
422 2243 530 2293 intererat
544 2245 616 2293 sciri?
632 2245 697 2293 Nam
707 2246 777 2294 lectos
808 2244 885 2294 buisse
896 2243 1011 2307 Lipsium.
1028 2243 1090 2291 Bud.
1106 2245 1217 2292 Tuscum.

263 2305 333 2354 fuisse
347 2323 360 2354 e
376 2308 534 2370 presentibus,
551 2309 636 2372 quibus
651 2310 739 2372 etipse
754 2319 778 2357 et
842 2305 1326 2373 Proprrc]Sithen.eBud.vulgoprope.

262 2371 410 2434 quihiseum
418 2373 587 2434 commiserant,
596 2373 699 2432 fiderent,
709 2389 778 2422 nemo
841 2375 964 2422 Hadriam
976 2373 1113 2435 pervectus]
1132 2371 1207 2420 MSS.
1223 2372 1283 2434 Reg.
1300 2380 1325 2420 et

263 2435 368 2498 ambigit
402 2435 516 2485 Hadriam
526 2452 588 2499 vero,
603 2438 640 2487 vel
654 2439 710 2503 quia
722 2454 777 2486 eum
809 2436 868 2485 alius
878 2436 1069 2502 apBroteriumr
1082 2437 1138 2484 item
1149 2435 1227 2500 edpr.
1237 2436 1324 2484 habent

262 2498 312 2563 ipsc
321 2501 399 2560 Iocum
412 2501 487 2564 elegit,
502 2504 539 2551 vel
553 2504 608 2566 quia
621 2504 778 2551 commodissi·
808 2503 989 2566 prImoAtrtum
998 2516 1044 2550 uon
1052 2503 1181 2551 Hadriam.
1198 2500 1268 2557 Quod
1276 2516 1324 2549 nou

263 2578 317 2612 mus
330 2574 379 2613 erat
394 2580 407 2613 e
422 2564 510 2615 dunis.
542 2568 647 2625 tianius,
663 2568 708 2616 nisi
723 2584 778 2617 cum
808 2576 843 2614 est
853 2568 882 2615 de
892 2566 972 2615 nihilo
997 2566 1091 2630 Nempe
1101 2576 1135 2613 est
1145 2566 1194 2614 hac
1204 2568 1260 2614 urbs
1271 2566 1324 2613 Tu-

263 2628 405 2693 Veapasiauo
413 2629 503 2690 faceret,
515 2631 556 2695 qui
566 2630 647 2680 liberto
657 2634 708 2694 ejus
718 2633 777 2680 Bas-
808 2632 860 2679 sciae
868 2648 921 2680 curn
932 2639 1009 2695 portu,
1018 2647 1071 2694 qua
1078 2646 1117 2694 ap.
1131 2631 1245 2691 Plinium,
1257 2631 1324 2689 3,]11

262 2707 316 2740 sum
337 2694 395 2741 solvi
410 2695 503 2755 jubenti
521 2696 617 2759 paruit?
637 2696 722 2745 Vinxit
739 2697 777 2744 in.
809 2694 872 2759 (20).
889 2697 963 2745 Atria
974 2694 1087 2744 scribitur.
1109 2694 1323 2759 ItaqueBroterius

262 2757 338 2816 terim,
350 2758 405 2821 quia
420 2758 577 2819 ddiffidebat,
589 2770 630 2809 aut
639 2760 742 2810 diffidere
752 2777 778 2809 se
808 2760 868 2809 hanc
880 2763 1016 2824 scripturam
1031 2759 1131 2823 recepit:
1148 2759 1212 2823 quod
1224 2773 1270 2806 non
1287 2773 1324 2806 re-

206 2867 213 2883 ,
263 2819 365 2883 fingebat
380 2822 469 2884 privato
485 2823 546 2871 odio.
580 2824 681 2872 Pruerat
698 2836 777 2873 auton
808 2823 957 2888 prehendam.
989 2823 1044 2882 Sed,
1058 2824 1113 2888 quia
1124 2833 1201 2889 tamen
1214 2832 1248 2872 est
1260 2822 1323 2870 idem

262 2884 408 2958 prasidiariis
422 2885 486 2934 illius
501 2886 589 2999 oppidi,
606 2898 634 2936 ut
647 2889 717 2936 multi
727 2889 778 2937 aliis
809 2901 901 2948 nomen,
909 2888 972 2953 quod
980 2897 1070 2936 tantum
1080 2888 1208 2937 emollitum
1216 2887 1324 2951 estpsul-

262 2947 376 3005 eliorum
393 2963 469 3012 neque
478 2950 524 2999 alis
547 2968 560 2999 e
570 2968 656 3011 cauma
668 2968 740 3016 quam
750 2962 778 3001 ut
809 2952 883 3011 laum,
893 2952 1037 3017 atqueetiam
1045 2952 1128 3000 Strabo
1134 2952 1233 3000 Adriam
1244 2952 1324 3015 appel-

264 3010 324 3059 illud
342 3015 372 3061 ab
393 3012 495 3063 hmtium
511 3015 602 3077 impetu
618 3027 735 3066 tueretur:
754 3026 778 3065 et
809 3016 851 3076 lat,
863 3016 1000 3081 reliquiscri
1018 3026 1094 3067 turam
1103 3016 1240 3064 molliorem.
1268 3017 1325 3064 Post
1357 3030 1361 3037 ’

264 3084 315 3123 turn
326 3077 424 3140 utique3
435 3092 464 3127 ne
474 3096 570 3142 querar,
581 3082 693 3145 quando?
704 3082 777 3131 Man.
806 3088 930 3143 pervectus
946 3096 960 3130 e
1006 3082 1030 3129 S.
1046 3080 1109 3129 Flor.
1125 3079 1196 3127 edidit
1216 3079 1325 3128 Pichena.

263 3139 318 3215 dato
336 3142 411 3217 cnjus,
428 3142 472 3190 nisi
492 3143 587 3218 pucum
603 3145 776 3221 Flavianorum,
811 3144 964 3195 Conunfiunt
975 3144 1053 3193 Guelf.
1067 3143 1119 3193 edd.
1132 3144 1187 3192 Put.
1201 3144 1256 3192 Ber.
1267 3143 1323 3192 Alc.

263 3204 778 3345 ...un
810 3208 1324 3321 a...

263 3349 319 3396 qma
332 3343 374 3382 aut
387 3334 446 3382 nrhrl
460 3335 486 3383 in
500 3352 528 3385 eo
540 3336 662 3401 singuluris
676 3353 742 3385 exn
759 3339 778 3387 li
808 3348 886 3387 notam
892 3339 1138 3401 praestententur.
1146 3338 1208 3387 Bud,
1214 3339 1326 3386 Adrtam.

262 3406 377 3447 statutum
387 3407 430 3457 est,
442 3408 483 3448 aut
492 3400 516 3449 id
525 3400 653 3450 Tacitusiu
661 3402 734 3450 alium
742 3355 778 3451 ib-
841 3404 865 3452 A
879 3406 955 3467 Proes.
966 3406 1010 3451 alc
1020 3404 1121 3451 Mennis
1132 3404 1164 3450 R.
1193 3401 1248 3450 MS.
1260 3402 1323 3450 Flos.

263 3477 317 3537 cum
328 3464 458 3523 mavit,
470 3464 624 3514 actraderein
635 3467 778 3529 partebisto·
823 3468 884 3516 Bud.
894 3483 909 3515 a
919 3468 939 3515 l.
947 3468 991 3529 m.)
1002 3470 1118 3527 mecurio,
1127 3482 1159 3514 un
1176 3467 1222 3515 εὖ.
1232 3466 1323 3513 Grono-

263 3541 350 3575 narum
362 3528 448 3576 amissa
457 3530 601 3578 commodius
612 3531 695 3595 potuit.
728 3531 778 3580 De-
810 3531 861 3581 vius
868 3532 1002 3593 conjiciebat
1008 3532 1058 3580 Μ’.
1067 3532 1094 3595 (i.
1101 3547 1122 3580 e.
1129 3528 1235 3591 Murrio.)
1243 3532 1325 3578 Ennio

264 3591 334 3655 nique
344 3593 396 3657 quIs
406 3592 466 3641 hanc
477 3594 610 3643 scrutariam
620 3596 650 3644 ab
660 3595 777 3657 historico,
811 3596 843 3645 R.
856 3596 912 3645 vid.
923 3596 953 3644 ad
962 3600 991 3644 A.
1007 3597 1033 3656 1,
1041 3596 1081 3645 ³8.
1090 3596 1162 3644 MSS.
1172 3596 1248 3644 Vatic.
1261 3595 1323 3657 Agr.

264 3664 345 3703 ettam
356 3658 430 3719 gravi,
440 3659 560 3722 requirat?
578 3659 669 3708 Gnou.
810 3661 846 3709 ed.
857 3676 891 3723 pr.
902 3663 1078 3709 Juveuiorumr
1094 3660 1157 3724 quod
1170 3660 1276 3708 nonnulli
1286 3660 1323 3722 tin

297 3721 435 3768 Cornelium
451 3722 565 3784 Tuscum]
582 3724 647 3788 Iege
661 3726 776 3772 Fuscum.
808 3724 845 3773 his
856 3724 1229 3789 Grut)suspi0anturalaenomen
1236 3723 1323 3772 naues

264 3781 310 3830 Ille
320 3793 363 3841 est,
374 3785 415 3847 qui
425 3788 539 3850 superiore
548 3788 608 3836 libro
618 3805 638 3838 c.
649 3791 689 3837 811.
700 3789 777 3837 nomi·
809 3790 854 3837 nisi
866 3790 954 3838 inverse
964 3790 1074 3854 scriptum
1099 3804 1125 3837 ro
1134 3792 1181 3837 utu.
1193 3797 1220 3837 ut
1230 3803 1290 3853 sape
1298 3788 1324 3837 iu

262 3855 339 3895 natur.
350 3850 396 3896 Sed
403 3850 525 3898 Corrultus
530 3854 624 3900 Fuscus
630 3856 778 3902 Procurator
809 3854 844 3903 ed.
856 3870 892 3918 pr.
902 3863 926 3903 et
936 3855 995 3911 aliis,
1007 3864 1077 3919 atque
1104 3855 1110 3865 '
1128 3854 1325 3916 cilludjuvcuso·

264 3910 412 3978 (Dalmatia)
427 3916 508 3963 aderat
519 3918 602 3978 otgers
615 3925 691 3979 utute,
707 3920 779 3966 curu
808 3935 864 3967 rum
870 3928 961 3968 natum.
967 3920 1039 3968 MSS.
1047 3919 1142 3983 quidam
1148 3919 1235 3967 habent
1241 3919 1326 3966 Mem-

262 3978 387 4025 natalibus.
419 3976 538 4027 Ethacin
550 3981 611 4029 bello
624 3983 686 4030 civili
699 3998 777 4046 operm
809 3986 865 4030 mio.
879 3984 953 4033 Eun.
1046 4026 1055 4049 ‚

263 4039 308 4087 nisi
323 4041 476 4116 fallor,·bcue
491 4044 584 4107 penitus
600 4044 625 4093 in
640 4047 778 4111 Vespasiani
843 4050 945 4097 Coerurta
955 4050 1046 4114 liberti]
1055 4048 1200 4115 Vespasiani.
1208 4046 1245 4095 Cf·
1257 4046 1291 4095 H.
1298 4048 1323 4106 2,

262 4103 359 4153 domum
367 4108 778 4164 munuaritetaDomitianoI’rae-
810 4113 852 4160 80.

263 4166 336 4241 iectus
345 4170 456 4219 Pretorio
465 4172 547 4222 factus
580 4174 778 4234 PeriitinDacis,
843 4178 1093 4244 Secretucustrorum]
1111 4176 1148 4225 Eo
1164 4176 1245 4235 reform
1262 4172 1326 4237 quod

263 4231 349 4305 widiel
362 4250 449 4298 pugna.
481 4238 606 4287 Suetonius
620 4239 710 4289 Domit.
721 4255 740 4287 c.
752 4241 777 4287 s.
811 4240 932 4291 dimisisset
940 4242 1177 4308 plerosquemilitum,
1184 4238 1263 4303 paucis
1277 4236 1326 4285 istis

264 4291 363 4355 Dwflss,
376 4302 400 4346 9.
427 4300 516 4349 Victor.
526 4302 649 4351 Juvenalis
659 4304 778 4353 desudem
810 4306 912 4355 retentis.
944 4307 1028 4371 Itaque
1039 4316 1151 4356 secretum
1162 4300 1327 4353 uulimdoin

264 4362 291 4437 43
314 4355 370 4408 III.
401 4366 436 4411 Et
454 4368 496 4426 qut
519 4369 654 4415 vulturibus
673 4370 780 4417 seruabat
812 4372 896 4419 sustris.
929 4372 1036 4435 Alioqui,
1047 4372 1104 4419 side
1114 4366 1232 4433 principiis
1240 4366 1326 4430 sepia,

265 4428 447 4474 maceranum.
465 4428 540 4478 Iurs.
573 4434 679 4480 Fuscum
690 4433 725 4481 ed.
742 4444 780 4496 pr:
812 4436 887 4483 obstat
907 4436 1029 4485 Romanus
1050 4436 1116 4496 ritus,
1137 4432 1194 4497 quit
1210 4430 1252 4480 ill·
1274 4444 1329 4497 pm
