3059 4975
273 269 308 325 18
654 256 957 319 HISTORIARUM
1165 263 1211 337 [A.
1225 274 1255 314 u.
1268 258 1337 315 822.

318 428 408 494 ΧΙΙ.
430 423 544 491 Paucis
561 436 633 510 post
652 421 724 487 Kal
739 422 908 488 ,ianuarias
921 418 1033 485 diebus
1046 416 1189 505 Pompeii
1203 418 1337 517 Propin-

273 514 340 602 qui,
363 508 587 588 Procurator-is,
607 507 767 595 eBelgica
779 508 889 575 litterae
910 505 1109 572 adferuntur:
1137 510 1158 543 ‘⁴
1172 504 1338 591 superioris

275 597 451 665 Germaniae
462 594 606 681 legiones,
622 612 716 681 rupta
726 594 908 659 sacramenti
918 590 1098 669 reverentia,
1111 593 1337 677 Imperatorem

273 685 371 751 alium
390 680 541 768 flagitare,
561 692 593 743 et
607 679 735 745 Senatui
756 702 792 743 ac
813 682 891 766 Pop.
909 680 1004 743 Rom.
1021 676 1184 741 arbitrium
1202 674 1336 763 eligendi

273 768 452 859 permittere
458 767 487 843 ;”
532 788 575 829 uo
593 764 704 829 seditio
721 764 846 829 mollius
864 763 1063 850 acciperetur.
1106 760 1283 827 Maturavit
1299 784 1337 825 ea

273 879 323 920 res
336 850 497 918 consilium
574 850 634 929 bae,
650 851 717 937 jam
731 850 853 937 pridem
867 850 907 914 de
921 848 1087 936 adoptione
1101 869 1204 912 secum
1218 859 1336 912 etcum

296 938 424 1004 roximis
436 936 591 1025 agitantis
626 938 701 1001 Non
714 956 787 1001 sane
800 935 936 1000 crebrior
950 948 1016 999 tota
1029 933 1153 999 civitate
1167 954 1267 997 sermo
1279 953 1337 1019 per

273 964 342 1090 iilos
352 1046 472 1088 menses
482 1024 602 1087 fuerat:
623 1022 759 1109 primum
771 1020 893 1086 licentia
901 1044 937 1085 ac
949 1019 1079 1084 libidine
1092 1018 1166 1084 talia
1174 1015 1335 1105 loquendi,

274 1111 347 1176 dein
367 1110 448 1174 fessa
481 1130 533 1173 am
555 1121 645 1173 atate
667 1107 787 1173 Galbae.
837 1107 950 1171 Paucis
973 1104 1128 1193 judicium
1157 1117 1213 1168 aut
1241 1102 1336 1190 Reip.

274 1191 379 1261 artior:
406 1132 497 1259 mulii
518 1193 639 1258 occulta
658 1216 723 1280 spe,
742 1207 838 1279 prout
854 1192 925 1279 quis
938 1192 1055 1272 amicus
1069 1191 1117 1255 vel
1132 1190 1236 1267 cliens,
1251 1188 1341 1263 hunc¹

275 1282 326 1346 vel
343 1280 433 1345 illum
449 1278 617 1344 ambitiosis
631 1278 808 1343 rumoribus
822 1278 1028 1355 destinabant,
1042 1278 1134 1341 etiam
1147 1277 1181 1340 in
1196 1277 1237 1340 Τ.
1254 1274 1336 1339 Vinii

274 1366 394 1445 odium,
407 1365 464 1451 qui
477 1366 510 1429 iu
523 1365 588 1430 dies
598 1378 717 1452 quanto
730 1364 896 1452 potentior,
911 1364 1020 1429 eodem
1034 1377 1106 1428 actu
1120 1361 1246 1427 invisior
1259 1374 1338 1427 erat.

274 1550 790 1680 tritbidtbmtffitttt
821 1546 1338 1679 tarantasiensem

275 1683 338 1731 enim
349 1690 409 1730 certe
419 1680 488 1743 Reip.
501 1680 597 1728 ultimus
607 1696 690 1729 mnus.
721 1678 791 1727 Alio-
822 1679 877 1728 hinc
892 1681 975 1731 Heius.
991 1693 1084 1744 quoque
1096 1686 1120 1726 et
1132 1676 1208 1741 Ryclr·
1225 1678 1338 1737 conjecta.

276 1746 319 1811 qui
328 1745 403 1793 dicere
412 1745 574 1808 percommode
583 1744 702 1808 potuisset,
713 1746 758 1791 sibi
768 1749 792 1791 et
822 1745 880 1794 bant
900 1747 983 1793 maltis
1001 1746 1090 1791 occulta
1105 1758 1163 1805 spes.
1185 1741 1248 1791 Bud.
1264 1743 1338 1791 natta

277 1812 347 1872 Reip.
359 1825 502 1872 supremam.
526 1810 582 1857 Non
591 1824 645 1873 ergo
654 1807 724 1857 audio
734 1807 792 1856 ado-
823 1824 871 1873 spe,
882 1825 925 1859 nec
934 1808 1042 1873 precedit
1052 1809 1143 1868 maltis,
1160 1806 1274 1855 tolerabili
1287 1820 1339 1855 seu-

275 1875 399 1922 lescentcm
410 1873 535 1933 auditum,
552 1874 593 1937 qui
605 1890 646 1938 per
656 1873 743 1921 litteras
753 1887 792 1920 me
823 1889 860 1934 su,
872 1875 911 1922 sed
922 1874 996 1937 potior
1005 1873 1100 1935 vulgata
1109 1871 1184 1920 lectio.

276 1939 368 1987 monuit
389 1938 460 1985 videri
478 1939 611 2001 legendum,
634 1939 706 2001 Reip.
717 1952 793 2001 prope
856 1940 1001 1987 Ambitioais
1018 1938 1162 1998 rumoribus]
1184 1935 1275 1983 Verum
1291 1950 1338 1983 non

272 2007 399 2065 primam,-
410 2002 551 2065 quitantum
561 2016 608 2051 non
619 2011 694 2060 vetus,
705 2000 731 2049 in
747 2002 791 2061 uit,
824 2004 950 2067 negaveris,
958 2004 1094 2051 ambitiosis.
1102 2001 1177 2049 ers.
1194 2000 1340 2049 Ambitionis

276 2066 716 2130 RespetlibcrtasincepereaGalba.
731 2017 793 2128 iugi
824 2082 867 2115 scr.
884 2067 1073 2130 (inhisetBud.
1091 2066 1182 2115 'etedd
1195 2074 1339 2113 omuesame

276 2132 347 2193 alogi.
363 2132 439 2178 hirs.
825 2130 942 2194 lipsium,
956 2140 1038 2195 prater
1050 2130 1105 2179 MS.
1123 2130 1184 2193 Agr.
1216 2128 1339 2178 Ettamen

309 2198 391 2258 Rupta
398 2196 538 2242 sacramenti
547 2192 688 2254 reuerentia]
700 2194 739 2242 Ita
746 2194 793 2241 mei
824 2197 953 2243 ambitiosis
960 2210 1041 2243 verum
1049 2202 1091 2254 est,
1098 2202 1203 2257 recteque
1213 2202 1340 2256 receptum·

276 2260 339 2317 libri,
361 2268 385 2306 et
405 2259 517 2306 sententia
538 2258 617 2321 exigit.
655 2258 792 2317 Rhmanus,
824 2258 896 2308 Eun.
905 2260 961 2323 Bip.
977 2259 1102 2321 preferant
1109 2260 1243 2305 arabtionis
1253 2258 1341 2307 subsu-

278 2324 336 2371 dum
353 2322 469 2371 Budensis
488 2322 572 2370 codicis
588 2332 720 2385 corruptam
738 2323 793 2371 scri-
825 2323 874 2372 dito
889 2339 952 2386 ergo.
981 2323 1045 2371 Mihi
1058 2322 1196 2370 duranimis
1206 2322 1296 2371 videtu
1306 2324 1339 2370 el-

245 2414 259 2451 «
276 2397 370 2451 pturam
387 2384 503 2451 [licentia]
517 2399 545 2433 ut
558 2388 651 2446 sapitas
662 2387 706 2455 ispi
716 2389 794 2435 obser-
824 2388 896 2451 lipsis.
909 2389 975 2437 Bene
982 2388 1052 2435 habet
1060 2398 1149 2451 recepta
1156 2386 1249 2450 legendi
1259 2386 1341 2437 forma.

277 2451 419 2507 vatnodum
429 2451 453 2498 in
465 2452 537 2515 scirpo
547 2450 637 2515 quaerit.
653 2451 729 2501 lares.
755 2452 794 2500 Ita
857 2456 890 2501 Ira
904 2455 933 2502 T.
948 2455 1015 2502 Vinii
1026 2454 1106 2502 odiam
1119 2450 1276 2528 diverterant]
1293 2452 1341 2502 Pa-

278 2516 794 2653 attribuentium}
824 2517 1341 2646 &mimmii

279 2661 340 2693 sacr.
351 2647 390 2692 iic.
400 2645 440 2693 sed
450 2644 476 2692 in
486 2653 551 2692 textu
562 2653 638 2693 serrat
647 2646 778 2708 vulgatam.
825 2646 906 2694 tollam
915 2661 969 2696 sane
977 2662 1020 2708 ego
1028 2647 1120 2708 arbiter,
1129 2647 1266 2710 legumquet
1279 2648 1342 2694 base

311 2712 384 2758 Fessa
388 2713 443 2773 jam
453 2716 519 2758 aetata
530 2707 622 2773 Galba]
642 2710 682 2759 Sic
688 2710 743 2758 libri
750 2726 793 2759 scr.
825 2713 863 2759 uei
871 2713 941 2760 ittam
951 2713 1079 2760 ambitiosis
1094 2713 1228 2759 maioribus
1238 2712 1342 2760 destina·

278 2783 302 2822 et
312 2773 417 2822 eddnisi
428 2773 491 2838 quod
497 2773 652 2822 Bnd.habuit
662 2776 794 2839 deflectas
822 2776 888 2837 inat,
899 2778 971 2824 etiam
982 2778 1009 2830 ia
1025 2778 1054 2825 T.
1069 2778 1136 2826 Vinii
1147 2777 1236 2836 odiam,
1249 2778 1291 2838 qai
1303 2778 1341 2824 ia·

278 2857 305 2888 a·
315 2840 347 2888 G.
357 2839 420 2888 unde
427 2837 555 2886 Rhenanus
562 2837 697 2900 conjiciebat
705 2840 793 2903 defessa
825 2839 884 2900 dies,
895 2849 938 2888 etc.
949 2839 1033 2900 Multi,
1043 2839 1289 2905 inquitimcaessorem
1299 2841 1341 2889 de-

277 2904 366 2951 animis
376 2903 537 2952 atateGoliae.
553 2903 664 2952 Frustra:
677 2917 720 2950 nec
730 2903 794 2951 enim
825 2904 942 2954 stipabant
957 2920 987 2954 ex
1002 2921 1045 2954 nra
1059 2922 1109 2970 spe,
1125 2905 1221 2968 quidam
1240 2920 1270 2952 ex
1287 2905 1341 2954 odio

278 2967 318 3016 hic
331 2975 384 3031 post
396 2969 514 3030 primam,
531 2967 609 3016 deesse
622 2968 795 3031 potestdeime
825 2968 899 3017 Vinii.
927 2970 984 3018 Non
993 2969 1105 3018 disu'mile
1112 2969 1172 3017 illud
1179 2969 1255 3018 Taciti
1262 2969 1291 3018 de
1299 2969 1341 3017 Pi-

277 3047 343 3080 more
364 3031 448 3080 Taciti.
475 3031 564 3080 Maius
587 3030 744 3079 Marklandus
763 3031 795 3080 ad
825 3046 881 3082 sone
891 3049 912 3082 c.
922 3034 963 3081 34.
993 3037 1096 3082 Juvat·
1113 3036 1200 3082 rorant
1215 3035 1303 3098 Jboore
1318 3039 1342 3082 ct

277 3097 337 3146 Stat.
353 3097 410 3146 silv.
422 3097 448 3155 3,
458 3097 614 3159 &sersojam
624 3102 690 3144 aare
701 3097 792 3145 Gabar
825 3098 931 3161 infensas
951 3100 980 3148 Τ.
994 3101 1080 3148 Virrio.-
1097 3114 1138 3148 aaa
1153 3099 1210 3160 quta
1224 3105 1284 3152 aaut,
1300 3112 1342 3147 sss

278 3162 483 3224 namsessianais,
489 3167 603 3209 manate
609 3174 670 3222 sepe
677 3158 795 3218 dicuntur,
826 3165 883 3224 qaia
891 3164 951 3210 irati
958 3165 994 3212 ita
1002 3165 1113 3213 vobisut.
1131 3163 1342 3223 Quodsiren'nen·
1369 3176 1374 3188 ·

279 3234 307 3274 ut
314 3225 495 3274 ibidemonsuat
502 3232 525 3272 et
533 3223 621 3272 lexic
626 3224 716 3272 beent.
727 3224 795 3287 virg.
825 3225 884 3275 dum
894 3237 972 3276 tamen
982 3228 1007 3275 id
1017 3229 1080 3277 rabi
1091 3228 1128 3288 sit,
1140 3236 1229 3276 mutem
1239 3236 1263 3275 et
1272 3227 1341 3275 dida

279 3290 338 3339 AEn.
347 3292 374 3351 2,
384 3291 439 3339 596.
448 3295 518 3338 oetaa
525 3289 615 3352 fissas·
646 3288 694 3335 Sed
704 3296 727 3336 et
736 3296 795 3336 atas
826 3306 886 3340 cam.
913 3295 997 3340 Etiam
1004 3295 1031 3341 ia
1043 3296 1071 3341 Τ.
1085 3294 1151 3342 Vinii
1162 3293 1242 3340 odium
1253 3292 1342 3340 diuersi

271 3356 349 3419 sassa,
359 3354 486 3419 etquidem
496 3352 632 3416 exquisitius
642 3351 725 3401 dicitur
735 3369 796 3417 sape
827 3357 912 3404 brast-
928 3357 1003 3406 lars.
1027 3357 1121 3406 Delevit
1131 3357 1234 3405 Pirhena
1243 3357 1343 3404 aunon-

279 3420 468 3479 snostro,Ann.
483 3418 506 3476 1,
519 3418 612 3464 taeta.
627 3417 700 3465 Eun.
729 3417 795 3467 Rhe·
827 3427 874 3468 tate
889 3420 953 3469 Flor.
986 3422 1060 3470 Abest
1074 3421 1144 3470 edam
1159 3436 1175 3469 a
1191 3421 1271 3470 auetr.
1288 3420 1342 3469 edd.

278 3498 354 3531 nanus
362 3484 483 3532 lectionem
496 3481 557 3529 Bud.
571 3481 733 3544 iuterpretatur
745 3482 793 3531 ita:
826 3484 934 3533 omnibns
944 3494 997 3534 ante
1008 3486 1158 3546 Rhenanam,
1171 3493 1253 3550 preter
1266 3500 1302 3549 pr.
1315 3485 1341 3534 in

279 3548 492 3611 ammaemsairse
497 3547 595 3609 defessa
600 3548 670 3592 asaia
677 3547 735 3609 (non
741 3548 794 3593 aai-
826 3564 874 3612 qua
883 3559 918 3597 est
927 3565 1021 3614 quoque
1031 3554 1120 3614 etjam,
1132 3550 1195 3614 quod
1201 3563 1280 3600 rursus
1287 3563 1343 3598 erran

280 3614 336 3669 mis,
351 3619 379 3658 ut
392 3610 454 3659 male
463 3609 502 3658 hic
510 3608 608 3673 legitur)
624 3614 693 3658 oeiaie
704 3613 796 3670 cate,
827 3615 973 3663 diverterant
994 3615 1088 3664 induxit
1107 3615 1243 3664 Rhenanus·
1269 3615 1343 3664 Enni.

279 3677 424 3740 putabatque
434 3674 458 3721 id
465 3677 575 3736 primam
583 3688 630 3721 non
637 3674 752 3737 requirere
759 3691 796 3724 se·
827 3677 890 3726 Bnd.
898 3681 1154 3742 etjam-deverterat:

280 3755 354 3803 quens
364 3741 425 3786 dein.
459 3740 519 3787 Har
528 3739 561 3786 sic
570 3737 692 3802 placebant
701 3738 796 3788 Vertra·
859 3743 949 3791 Eodem
959 3751 1014 3793 arta
1024 3745 1134 3804 invisior]
1151 3743 1218 3805 Quid
1228 3753 1263 3792 est
1271 3741 1340 3805 illud,

280 3803 328 3852 nio.
344 3804 442 3851 Interim
453 3802 531 3851 eren.
544 3803 667 3876 rugatum
676 3805 796 3866 expressit.
827 3814 882 3856 aeta
900 3809 1005 3855 ianuam
1022 3810 1088 3856 assei
1105 3809 1212 3872 Ineptiae,
1228 3817 1253 3857 et
1266 3823 1342 3857 sermo

313 3870 393 3916 Multi
403 3869 493 3916 occulta
502 3867 553 3929 spe]
571 3867 638 3914 Libri
650 3867 698 3915 rnei
707 3869 794 3932 scripti,
826 3887 910 3934 parum
926 3887 973 3920 non
986 3872 1063 3920 dicam
1076 3874 1164 3934 lautus,
1181 3872 1222 3922 sed
1236 3873 1345 3922 latinns.

280 3935 354 3980 stulta
364 3947 413 3995 spe,
424 3931 489 3980 ubet
498 3933 524 3979 in
535 3931 690 3980 Covarruviae.
716 3933 796 3982 Placet
827 3937 960 3986 Scribebam
976 3938 1066 3986 sublata
1081 3953 1110 3986 es
1125 3953 1187 3998 voce
1208 3939 1288 3985 eadem
1303 3940 1344 3986 ia-

281 4005 360 4044 tamen
370 3995 445 4058 magis
455 3997 557 4058 vulgata.
568 3994 644 4043 Irrrs.
670 3998 752 4046 Stulta
761 4007 797 4046 et·
827 4001 974 4048 amorerat.-
985 4001 1305 4065 genusseunonisnotumvel
1313 4017 1344 4050 ex

280 4060 329 4108 iam
345 4060 381 4108 ed.
397 4077 433 4124 pr.
465 4061 512 4107 uod
524 4075 570 4108 non
580 4060 659 4108 fertmt
668 4063 793 4126 oeqnentia.
827 4079 875 4112 uno
886 4065 977 4114 Plauto.
1008 4067 1101 4116 Placuit
1110 4068 1163 4115 Jac.
1174 4066 1249 4116 beotii
1259 4065 1344 4114 untditi

281 4123 328 4172 aad
336 4124 399 4172 Flor.
409 4133 433 4173 et
474 4139 522 4188 .pr.
533 4126 618 4172 militis
626 4125 797 4176 undePicbena
827 4129 871 4178 viri
883 4131 1020 4192 conjectura,
1030 4133 1203 4180 maana.-
1220 4145 1283 4179 nune
1290 4145 1344 4179 msa

280 4189 416 4249 conjiciebat
424 4191 507 4237 errabis
517 4191 607 4238 octaba
616 4205 674 4252 spes,
688 4199 716 4239 ut
726 4200 761 4240 est
771 4192 796 4240 in
814 4245 816 4250 ,
827 4192 879 4253 ista,
887 4209 912 4242 eo
920 4197 1048 4260 debasasta
1056 4198 1163 4244 actea.
1173 4197 1250 4245 Lrns·
1268 4194 1344 4244 bertii

280 4253 331 4302 ood.
349 4253 411 4315 Agr.
426 4253 453 4301 J.
468 4253 599 4302 Gronovius
614 4256 697 4302 maltis
707 4257 796 4304 sceatta
827 4259 964 4307 sententiam
976 4263 1059 4324 probat
1068 4261 1174 4310 meum.
1190 4261 1258 4326 (itam
1269 4259 1340 4310 aad.

280 4320 336 4380 spei.
365 4317 448 4366 Lector
458 4318 536 4382 eligat.
565 4318 619 4384 Ego
629 4319 747 4381 vulgatam
756 4337 796 4370 ve·
828 4321 959 4388 Heinsius).
988 4325 1104 4376 Pithenas
1132 4340 1158 4375 co
1179 4328 1270 4376 martis
1290 4328 1343 4376 ian·
