3059 4975
255 266 400 341 tono]
615 265 694 326 trs.
713 263 774 325 111.
794 239 955 328 carim.
1265 273 1323 330 22³

256 427 282 491 J
281 427 349 492 ovis
362 431 403 495 0.
411 431 464 516 Μ.
477 429 637 518 auspicato
650 453 671 494 a
679 427 863 517 majoribus,
873 430 990 518 pignus
1005 427 1146 516 Imperii,
1157 429 1325 512 conditam,

255 534 352 599 quam
365 538 430 582 non
444 518 580 581 Porsena
599 516 706 581 dedita
722 515 812 594 urbe,
831 538 934 666 neque
953 512 1038 580 Galli
1054 526 1156 603 capta,
1178 530 1327 584 temerare

212 674 215 679 Α
297 601 437 679 tuissent,
448 602 555 667 furore
569 603 753 689 Principum
768 601 871 666 exscin
894 601 923 667 i!
944 605 1200 668 Arseratetante
1209 604 1327 690 capito·

269 685 333 749 'um
351 687 433 751 civili
451 688 545 768 bello,
566 687 621 752 sed
639 688 752 753 fraude
771 688 912 774 privetu
935 709 1020 752 nunc
1033 686 1138 772 palam
1155 689 1325 770 obsessum,

254 771 359 858 palam
372 773 548 839 incensum:
572 774 690 860 quibus
705 795 865 838 armorum
883 772 1019 838 caussis?
1042 796 1107 858 quo
1121 786 1217 838 tantae
1231 775 1328 841 cladis

254 858 356 943 pretio
378 859 484 925 stetit?
520 883 580 946 pro
602 859 705 946 patria
727 858 933 924 bellavimus?
967 859 1109 924 voverat
1133 861 1328 947 Tarquinius

255 944 383 1009 Priscus
397 948 481 1023 Rex,
496 945 579 1010 bello
594 945 720 1025 Sabino,
733 943 914 1033 jeceratque
928 942 1144 1022 fundamenta,
1160 969 1214 1033 spe
1228 946 1328 1034 magis

255 1029 374 1095 futuroe
394 1030 628 1118 magnitudinis,
647 1054 744 1118 quam
764 1053 829 1118 quo
850 1030 980 1094 modicoe
1001 1029 1104 1094 adhuc
1126 1033 1241 1118 Populi
1261 1033 1330 1098 Ro·

255 1116 341 1179 mani
355 1139 404 1181 res
418 1116 611 1181 sufficerent:
634 1140 710 1182 mox
731 1116 859 1181 Servius
875 1115 1013 1194 Tullius,
1034 1116 1187 1180 sociorum
1202 1117 1324 1193 studim

257 1201 370 1266 deinde
385 1203 579 1289 Tarquinius
594 1204 768 1291 Superbus,
788 1216 881 1290 capta
896 1204 1010 1266 Suessa
1024 1203 1176 1282 Pometia,
1190 1203 1329 1269 hostium

258 1287 364 1374 spoliis
376 1300 567 1355 exstruxere.
605 1289 667 1353 Sed
677 1289 777 1375 gloria
786 1288 887 1387 operis
897 1286 1033 1352 libertati
1042 1300 1214 1353 reservata:
1231 1289 1330 1388 pulsis

258 1372 411 1460 Regibus,
438 1375 592 1439 Horatius
618 1375 785 1456 Pulvillus,
808 1387 923 1438 iterum
947 1373 1077 1452 Consul,
1103 1373 1269 1455 dedicavit,
1292 1399 1331 1442 ea
1365 1422 1368 1427 -

257 1459 495 1545 magnificentia,
525 1483 621 1547 quam
645 1460 793 1526 inmense
817 1474 926 1546 postea
952 1459 1068 1547 Populi
1093 1460 1230 1525 Romani
1254 1483 1329 1549 opes

258 1559 404 1610 ornarent
417 1546 640 1646 potiusquam
651 1559 812 1633 augerent.
839 1545 954 1610 Iisdem
964 1568 1073 1610 rursus
1082 1545 1220 1633 vestigiis
1234 1545 1329 1612 situm

258 1645 315 1710 est,
336 1644 514 1720 postquam,
548 1633 709 1720 interjecto
732 1627 960 1698 CCCCXXV
981 1653 1134 1697 annorum
1154 1633 1265 1719 spatio,
1288 1633 1330 1702 L.

291 1849 513 1955 Pignmrmpmt]
535 1891 582 1939 Int
593 1899 622 1940 ut
627 1908 655 1954 p.
668 1894 686 1938 t
698 1892 743 1940 nisi
753 1891 780 1940 ri
810 1889 876 1940 dude
886 1898 1033 1954 pugnatum
1050 1889 1138 1938 nedum
1150 1904 1193 1952 pro
1204 1889 1330 1940 ambitione

259 1958 287 2000 ut
299 1969 314 2000 a
324 1953 484 2002 terminatione
497 1955 647 2019 precedentis
659 1956 724 2006 verbi
737 1957 780 2004 ab·
810 1955 908 2019 privata,
925 1963 966 2002 aut
979 1966 1058 2002 eontra
1068 1955 1175 2018 patriam.
1199 1955 1273 2003 ers.
1297 1956 1330 2005 V·

259 2026 364 2081 sorptum
372 2027 413 2066 est
430 2018 502 2066 Eun.
519 2019 556 2068 Of.
566 2019 619 2068 Ιιὶν.
633 2021 655 2079 l,
666 2024 706 2068 55.
812 2021 910 2068 Observ.
921 2020 945 2077 3,
961 2018 997 2074 ¹7·
1014 2017 1153 2078 Gronovius,
1161 2018 1211 2078 nbi,
1223 2020 1331 2083 repudia-

293 2085 400 2130 Porsena
410 2084 488 2130 dedito
498 2086 567 2149 arte]
586 2083 641 2132 Non
652 2085 781 2148 abitlouge
811 2084 842 2132 tis
858 2083 957 2131 aliorum
976 2083 1153 2132 consationibus
1169 2092 1192 2132 et
1211 2083 1332 2148 explicati·

261 2147 292 2194 sb
307 2147 351 2194 liae
366 2147 511 2210 indignitate,
528 2148 592 2212 quod
607 2157 642 2198 est
653 2149 717 2214 apud
728 2149 781 2197 Pli-
811 2147 903 2207 onibus,
914 2146 1051 2212 pronunciet
1060 2147 1194 2210 legendum,
1210 2150 1268 2212 quid
1278 2156 1332 2198 tort.

259 2210 327 2258 nium
337 2213 379 2270 34,
392 2212 422 2260 14
434 2211 498 2277 (39).
520 2215 657 2277 Infudere,
668 2216 779 2276 quoden-
812 2219 843 2262 tue
853 2215 927 2260 eladis
936 2213 1017 2275 pretio
1029 2213 1115 2260 stetit?
1133 2212 1157 2260 h.
1169 2228 1189 2262 e.
1206 2213 1263 2277 quid
1277 2213 1330 2275 fuit,

256 2277 336 2338 pultis
351 2279 457 2339 Regibus
468 2280 514 2326 Po.
525 2280 570 2327 Ro.
588 2280 652 2327 rtedtt
663 2282 779 2340 Porsena,
811 2277 854 2342 qui
864 2285 942 2326 tantus
951 2277 1048 2336 imonis,
1060 2285 1125 2324 tanta
1135 2293 1193 2342 spes,
1209 2293 1263 2342 que
1273 2279 1333 2327 tsnti

259 2343 401 2389 nommmtm
408 2344 597 2405 comprehensam
603 2346 781 2403 invenenatum
812 2342 969 2402 redimeretur,
987 2357 1040 2406 que
1049 2349 1114 2390 tento
1124 2340 1206 2406 pretio,
1218 2351 1284 2391 teuta
1294 2344 1332 2405 js·

253 2407 334 2468 serre,
357 2409 405 2454 ntes·
426 2408 453 2453 in
475 2409 532 2469 agri
554 2410 629 2468 cuttu,
649 2415 779 2459 curentur..
811 2415 1007 2456 etureerne'retur·
1033 2405 1083 2465 Qui
1097 2420 1183 2464 sensns,
1200 2407 1332 2472 utbpinor,

261 2472 781 2534 Etiamrtitosoriterrvetitumetasttssimi
813 2471 883 2522 etiam
896 2471 974 2521 existit
984 2487 997 2521 e
1007 2470 1144 2521 correctione
1157 2471 1276 2532 Rhentni,
1290 2472 1333 2538 qui

260 2538 538 2651 eummqipsrodidgtrlpnt.
562 2538 672 2653 Sicdenim
682 2539 781 2652 motii·
812 2536 1029 2665 §Surgudqglevip
1045 2536 1121 2613 neseio
1134 2537 1333 2663 fflffiffte·

259 2615 339 2650 enine
415 2616 452 2649 res
496 2618 565 2652 rmus.
617 2616 684 2652 nou.
770 2633 781 2646 .
909 2618 924 2649 u
969 2616 997 2649 n.
1025 2616 1128 2662 omnmo,
1313 2618 1333 2651 u

260 2681 314 2713 rnrn
330 2665 369 2713 hic
381 2667 446 2715 locus
460 2668 526 2715 nullo
539 2668 609 2717 modo
620 2668 705 2718 refellit
715 2668 782 2717 Sari-
812 2666 849 2716 vel
860 2666 962 2719 menime
972 2666 998 2714 id
1013 2667 1110 2714 verbum
1126 2682 1141 2714 a
1156 2666 1233 2715 codice
1248 2667 1332 2727 abfuit,

260 2730 329 2789 lium,
348 2746 419 2793 quern
435 2732 541 2795 Ryckius
557 2736 654 2796 putabet
669 2734 782 2781 memoris
812 2739 891 2779 tamen
897 2731 1005 2779 credibile
1012 2740 1054 2790 est,
1063 2730 1089 2777 id
1098 2730 1211 2779 omissum
1221 2746 1270 2779 esse
1279 2748 1296 2780 s
1304 2732 1334 2779 li·

261 2795 495 2852 fabumfuimeeum
503 2797 714 2857 dionetdededits
721 2798 781 2845 Por·
813 2796 896 2855 brurio,
914 2796 999 2843 similia
1008 2797 1115 2843 membre
1125 2794 1212 2845 efficere
1225 2796 1331 2854 volente3

261 2874 323 2906 serre
332 2861 390 2907 urbe
399 2860 505 2922 nuspiam
516 2861 573 2907 slibi
586 2861 654 2919 trudi,
668 2877 724 2909 usus
737 2862 783 2909 boc
813 2859 877 2923 quod
888 2874 948 2923 supe
959 2860 1041 2907 Tacito
1049 2860 1150 2908 obfinue
1157 2861 1267 2921 vidimus,
1279 2875 1334 2909 cum

261 2937 311 2970 uno
325 2924 383 2971 loco.
414 2923 521 2987 Apparet
542 2924 605 2983 hinc,
630 2925 783 2989 iniquioribus
814 2938 842 2971 ea
856 2922 983 2971 similitudo
997 2924 1027 2972 sit
1039 2924 1069 2971 ab
1080 2924 1233 2989 ejusingeuio
1244 2934 1333 2973 etecu-

262 2987 431 3035 couditiombns
441 2988 515 3037 foedns
525 2989 638 3053 accepisse
647 2990 781 3037 Romanos:
814 2987 935 3037 suetudine
953 2987 1034 3035 alietra.
1075 2988 1149 3037 Stetit
1169 2998 1205 3036 est
1219 2990 1244 3036 iu
1260 2990 1337 3040 MSS.

263 3066 311 3099 non
322 3052 424 3100 deditam
434 3054 516 3101 urbem
527 3053 641 3103 Porseuoe.
657 3055 729 3102 Eure.
815 3052 878 3101 Flor.
886 3056 946 3116 Agr.
957 3052 1036 3100 Guelf.
1045 3050 1096 3121 edd.
1105 3061 1159 3100 ante
1166 3053 1244 3101 Rheu.
1258 3054 1335 3103 omni-

298 3118 782 3182 TemerarepotatrreatJIteFemesiauus,
815 3118 868 3177 bus,
891 3118 934 3166 uec
957 3116 1013 3176 tale,
1034 3124 1061 3165 ut
1080 3133 1094 3164 a
1111 3115 1210 3165 librariis
1228 3116 1335 3167 additum

264 3182 349 3228 melius
358 3183 783 3247 eerte,qntmterrere,quodobtinnit.
814 3182 926 3231 videaur.
959 3182 1043 3246 Iteque
1059 3181 1083 3229 id
1099 3190 1152 3246 post
1170 3181 1247 3245 Ryok.
1266 3190 1289 3231 et
1305 3182 1331 3231 J.

264 3245 369 3294 Pollutio
381 3246 443 3293 euim
458 3246 503 3294 ista
517 3246 548 3295 ad
557 3246 636 3294 locum
646 3262 737 3296 socrum
746 3262 783 3296 re-
814 3248 918 3297 Grouor.
935 3247 1086 3312 reposuimus.
1116 3246 1220 3297 Piohena
1236 3247 1334 3311 mnige

263 3312 342 3361 terrm.
355 3308 431 3358 ers.
445 3312 782 3361 remearemoreueltste.
814 3314 869 3361 butt
898 3326 942 3375 quo
964 3319 1031 3360 tanto
1054 3312 1130 3360 ohdee
1147 3314 1227 3375 pretio
1249 3314 1334 3369 stetur

262 3384 317 3424 ante
332 3374 409 3423 Rhen.
426 3391 514 3436 omnes,
532 3376 603 3441 idque
617 3378 678 3425 bena
692 3378 784 3425 restitu-
814 3376 877 3425 idem
893 3384 921 3424 ut
936 3384 994 3425 esset
1011 3391 1100 3436 seusus,
1120 3376 1163 3440 qni
1182 3376 1335 3426 Gronorimre

264 3449 315 3489 turn
326 3440 437 3503 slaipsio.
465 3441 784 3491 TenereeBudeusiaRhe-
815 3440 958 3489 mutationis
972 3448 1012 3489 est.
1037 3439 1083 3489 Sed
1098 3439 1213 3488 latinitas
1223 3455 1270 3487 non
1281 3440 1333 3489 tert.

262 3505 425 3553 moenitum
436 3514 477 3554 est.
502 3506 572 3555 Eun.
815 3506 925 3555 Ceterum
940 3520 987 3554 non
1001 3519 1069 3568 nego,
1084 3504 1143 3552 mihi
1158 3513 1236 3552 temen
1247 3504 1336 3568 aliquit

295 3572 543 3633 FerorePrineipam
548 3572 667 3637 eremit]
679 3570 718 3619 sic
726 3570 783 3620 MS·
814 3570 868 3619 duri
879 3585 927 3619 etse
937 3568 1009 3620 videri
1019 3568 1089 3618 etiarn
1097 3569 1122 3617 in
1130 3569 1336 3618 Gronoviauaoor-

265 3635 784 3700 rtor.(Bud.)Guerr.ammup1.ee‹tru.
814 3636 920 3685 rentiam.
952 3634 1061 3683 Dicimus
1083 3648 1138 3683 seue
1160 3634 1276 3697 eleganter
1298 3650 1336 3683 rer

264 3700 317 3747 tool.
329 3715 379 3763 sqq.
406 3701 486 3748 stin
503 3701 582 3750 Guelf.
599 3716 661 3749 meu.
674 3715 720 3749 see.
732 3715 784 3749 eor·
815 3707 971 3763 rtatmagnor
984 3698 1033 3759 sed,
1044 3714 1074 3747 sn
1085 3698 1263 3760 otismdioatur,
1279 3702 1337 3762 quta

263 3763 325 3811 rexit
328 3765 538 3825 saroretsddiriit
543 3768 641 3829 potatu
656 3765 784 3830 quodeli-
815 3768 949 3828 rtmpretto
958 3764 1096 3828 trajiceret?
1107 3763 1282 3828 berqueriturs
1294 3780 1338 3814 nec

263 3828 312 3876 bris
322 3828 418 3876 ductum
435 3838 486 3886 αις
502 3845 557 3879 nam
575 3839 598 3880 et
612 3830 647 3878 ed.
663 3846 699 3907 pr.
713 3830 785 3879 habet
815 3830 841 3879 id
851 3830 992 3879 demonstrat
1003 3828 1141 3878 Gronovius.
1165 3830 1220 3891 Ego
1230 3829 1336 3879 noudum

181 3952 184 3957 ¹
260 3894 349 3955 pona.
377 3891 785 3959 rrmnsmugmeporee.
817 3896 873 3943 anu
883 3895 963 3958 repen
992 3894 1337 3945 renumerandum

263 3965 331 4005 seut.-
344 3972 409 4017 nm,
421 3957 440 4006 si
446 3959 525 4021 saror
534 3962 616 4021 potuit
625 3974 706 4008 verum
717 3967 784 4019 emat,
817 3960 926 4009 Rhensui
941 3960 1033 4024 probet,
1049 3958 1134 4024 sipost
1144 3961 1225 4023 pretio
1240 3959 1336 4007 iuterro-

263 4022 355 4072 rieberet
365 4037 415 4070 esse
424 4030 523 4085 peteme
533 4024 570 4073 vel
576 4030 712 4087 parmam
740 4023 785 4071 1t.
817 4024 887 4089 gandi
900 4025 993 4088 signum
1004 4032 1109 4088 ponetur.
1143 4024 1174 4072 Id
1189 4030 1213 4071 et
1227 4022 1338 4071 Aeidslio

264 4088 334 4135 brasii
349 4102 396 4136 non
410 4088 507 4136 assecuti
520 4097 576 4136 sunt
591 4089 729 4151 elegmeim
747 4088 784 4135 iu·
817 4089 893 4153 placet
911 4098 934 4137 et
952 4088 1011 4137 mihi
1029 4089 1204 4165 propemodum.
1229 4087 1285 4151 Bip.
1302 4102 1337 4136 se·

264 4150 347 4202 finitivi
357 4153 463 4213 absoluti,
477 4168 525 4218 quo
535 4153 666 4217 frequenter
679 4153 734 4202 sutis
743 4153 787 4201 tali
818 4162 922 4218 quuntur
934 4154 1085 4203 Gronouum.

264 4216 335 4265 modo
344 4218 418 4265 utimr
430 4215 519 4266 Livius.
536 4217 610 4267 Eure.
850 4220 943 4268 Deinde
957 4221 1043 4284 Tarm]
1060 4218 1190 4267 Bud'deirr
1199 4224 1223 4265 et
1232 4230 1289 4265 mox
1298 4218 1338 4264 Is·

300 4280 353 4336 Quo
367 4288 439 4331 mate
451 4284 537 4348 clodo]
557 4284 631 4347 AEger
646 4282 706 4331 milri
721 4283 787 4331 lours
818 4284 878 4343 dm,
890 4292 917 4332 ut
928 4284 995 4333 solet.

264 4344 322 4392 olim
340 4346 485 4405 elmerum
499 4348 524 4395 in
539 4348 700 4396 mniteteese.
728 4347 788 4396 sm-
852 4350 1000 4409 CCCCXV
1012 4347 1142 4411 ammam]
1167 4344 1338 4411 Retiotenpo-

264 4409 351 4458 testim
368 4424 399 4458 ne
412 4423 454 4474 pro
463 4411 539 4473 petria
548 4412 644 4475 quidem
654 4412 712 4461 oltra
722 4418 789 4461 teuta
819 4428 873 4463 mm
879 4410 1275 4473 mmutruibeuduuccccxxv.
1288 4410 1340 4460 Arii
