3059 4975
242 264 282 319 24
634 258 918 319 HISTORIARUM
1140 260 1180 332 [s.
1195 278 1223 318 u.
1240 262 1306 319 823.

288 426 400 492 XVII.
421 424 579 500 Pisonem,
599 423 715 501 ierunt,
737 422 843 488 statim
865 422 1068 503 intuentibus,
1092 436 1124 489 et
1144 446 1218 489 mox
1238 446 1310 488 eon-

241 513 332 600 jectis
352 513 386 576 in
413 531 486 575 eum
507 510 647 573 omnium
670 508 780 587 oculis,
800 507 922 571 nullum
940 508 1057 572 turbati
1078 523 1134 573 aut
1154 511 1311 575 exsultan-

243 599 284 663 tis
299 597 394 661 animi
407 608 528 661 motum
542 593 725 680 prodidisse.
771 596 879 658 Sermo
900 616 974 741 erfia
994 606 1115 679 patrem
1136 598 1310 683 Imperato-

243 706 372 770 remque
386 702 539 757 reverens,
558 679 599 744 de
613 704 645 744 se
659 680 854 757 moderatus;
875 678 940 742 nih‘
974 679 1007 742 in
1026 678 1118 747 vultu
1137 681 1311 769 habituque

243 781 418 835 mutatum:
464 766 531 830 uasi
550 765 702 853 imperare
719 779 823 865 posset
842 765 950 851 magis,
970 786 1067 850 quam
1081 764 1184 831 vellet.
1227 768 1310 833 Con-

244 854 395 919 sultatum
415 790 499 930 idde,
530 858 550 889 “
566 874 625 938 pro
645 863 763 923 rostns,
788 872 829 913 au
853 849 886 913 iu
916 851 1044 927 Senatu,
1073 874 1113 915 an
1141 851 1175 915 in
1202 854 1310 919 castris

243 940 372 1026 adoptio
380 938 641 1024 nuncuparetur.”
656 945 677 976 “
686 937 731 1001 In'
741 936 774 1019 in
784 936 914 1013 castra,”
928 934 1058 1021 placuit:
1076 936 1315 1003 “honorificum

244 1024 279 1089 id
300 1026 451 1090 militibus
469 1022 548 1103 fore,
572 1045 708 1109 quorum
728 1022 878 1098 favorem,
902 1036 939 1084 ut
958 1020 1121 1107 largitione
1139 1034 1170 1087 et
1190 1022 1310 1089 ambitu

244 1109 326 1175 male
342 1108 477 1198 adquirI,
496 1108 542 1173 ita
559 1130 616 1194 per
633 1108 731 1173 bonas
750 1120 833 1171 artes
853 1106 940 1171 haud
961 1107 1199 1192 spernendum.”
1242 1110 1316 1175 Cir-¹

244 1209 444 1263 cumsteterat
451 1192 731 1280 interimpalatium
741 1191 1079 1279 publicaexspectatio,
1088 1194 1193 1279 magni
1204 1196 1311 1259 secreti

244 1285 288 1349 im
330 1283 425 1347 tiens:
449 1293 481 1345 et
491 1277 572 1343 male
584 1279 747 1343 coercitam
760 1278 874 1343 famam
891 1300 928 1341 su
952 1276 1119 1363 primentes
1132 1281 1301 1365 augebant.

324 1368 425 1432 VIII.
460 1367 615 1443 Quartum
631 1363 710 1429 Idus
722 1361 901 1441 Ianuarias,
929 1362 1036 1427 oedum
1050 1364 1203 1429 Imbribus
1216 1364 1311 1446 diem,

246 1453 384 1517 tonitrua
394 1464 426 1517 et
438 1450 608 1535 fulguraret
618 1447 753 1514 caelestes
765 1448 859 1513 minae
871 1448 954 1513 ultra
965 1446 1088 1512 solitum
1101 1449 1312 1519 turbaverant.

245 1538 455 1604 Observatum
483 1535 517 1600 id
544 1534 718 1622 antiquitus
745 1532 877 1599 comitiis
904 1533 1085 1598 dirimendis
1113 1558 1176 1600 non
1201 1538 1312 1602 terruit

246 1623 396 1699 GaIbnm,
410 1645 475 1710 quo
489 1621 593 1685 minus
605 1621 638 1684 in
652 1636 753 1685 castra
765 1632 918 1706 pergeret,
933 1632 1176 1707 contemptorem
1191 1622 1310 1703 talium,

245 1724 283 1775 ut
301 1709 522 1781 fortuitorum
547 1729 612 1783 seu,
636 1728 708 1792 quae
726 1700 793 1769 into
811 1718 947 1782 manent,
965 1705 1109 1793 quamvis
1128 1706 1311 1792 significata,

245 1817 309 1859 non
331 1795 480 1859 vitantur.
528 1791 629 1879 Apud
653 1792 848 1877 frequentem
873 1788 1008 1854 militum
1032 1791 1220 1872 concionem,
1247 1795 1312 1858 Im-

245 1880 400 1968 peratoria
412 1880 574 1955 brevitate,
596 1877 739 1963 adoptari
753 1900 774 1941 a
788 1898 820 1939 se
835 1876 991 1955 Pisonem,
1011 1898 1097 1941 more
1112 1878 1155 1942 D.
1170 1880 1312 1965 Augusti

245 1981 278 2031 et
291 1964 435 2053 exemplo
451 1962 588 2042 militari,
611 1984 676 2048 quo
692 1962 741 2025 vir
759 1962 863 2025 virum
882 1961 1008 2047 legeret,
1027 1964 1219 2048 pronuntiat.
1261 1967 1321 2030 Ac'

246 2074 287 2115 ne
306 2049 500 2115 dissimulata
520 2047 630 2113 seditio
649 2048 683 2110 in
703 2048 808 2134 majus
828 2046 1016 2123 crederetur,
1036 2046 1120 2110 ultro
1140 2049 1322 2130 adseverat,

248 2145 431 2224 “quartam
451 2150 483 2201 et
503 2132 784 2198 duodevicesimam
797 2130 942 2215 legiones,
961 2131 1069 2217 paucis
1088 2132 1245 2198 seditionis
1259 2160 1314 2199 au-

247 2223 397 2301 ctoribus,
416 2242 479 2286 non
494 2218 577 2282 ultra
589 2216 685 2280 verba
698 2238 734 2279 ac
748 2238 839 2279 voces
852 2237 979 2293 errasse,
1000 2230 1032 2281 et
1051 2217 1138 2281 brevi
1158 2218 1192 2282 in
1212 2220 1313 2286 officio

248 2308 344 2373 fore.“
387 2308 455 2370 Nec
469 2302 570 2367 ullum
584 2301 715 2365 orationi
729 2314 785 2364 aut
798 2299 984 2367 lenocinium
998 2300 1087 2366 addit
1098 2316 1154 2367 aut
1167 2306 1311 2390 pretium.

249 2392 387 2456 Tribuni
401 2403 504 2454 tamen
519 2387 787 2472 Centurionesque
805 2400 837 2450 et
848 2386 985 2485 proximi
1004 2386 1138 2451 militum
1153 2404 1244 2476 grata
1257 2416 1313 2455 au-

247 2478 317 2543 ditu
331 2475 536 2566 respondent:
558 2495 616 2561 per
629 2486 746 2539 ceteros
757 2472 901 2538 maestrtia
915 2497 952 2538 ac
971 2471 1137 2555 silentium,
1153 2490 1321 2564 tamquam¹

281 2697 315 2743 lo
325 2695 422 2759 mstrtr]
438 2692 593 2754 Pretorianis,
609 2701 636 2741 ut
649 2709 687 2757 ap
701 2692 766 2742 Suet.
798 2690 885 2740 Daries
900 2691 931 2740 ad
947 2690 1032 2741 cern.
1046 2691 1078 2740 B.
1090 2693 1122 2742 G.
1139 2694 1162 2756 1,
1174 2695 1197 2742 θ.
1229 2693 1276 2743 uod
1291 2704 1315 2744 et

251 2759 338 2809 Claud.
348 2759 389 2807 21.
799 2770 915 2820 morapro
927 2757 1031 2819 exemplo
1042 2755 1138 2806 dicatur.
1165 2711 1315 2807 Utidconce·

284 2825 439 2872 obseram
451 2822 477 2869 id
487 2836 510 2870 a.
521 2838 542 2870 c.
553 2819 588 2882 d]
610 2822 626 2869 i.
639 2837 660 2869 e.
670 2837 725 2870 cum
735 2823 765 2870 ab
798 2819 863 2880 dam,
875 2830 952 2868 tamen
963 2831 987 2869 et
995 2823 1100 2883 erentplo
1110 2824 1212 2872 militari
1224 2823 1323 2881 durius,·

250 2887 341 2935 ultimis
356 2887 498 2951 temporibus
513 2903 541 2936 ea
555 2902 591 2936 res
602 2885 717 2934 diremerit
727 2902 766 2934 oo-
801 2899 873 2949 quam
884 2893 911 2933 ut
920 2887 1024 2949 probem.
1041 2885 1114 2934 Ena.
1320 2923 1323 2930 .

249 2951 325 3010 mitia,
341 2967 383 3015 pro
398 2966 423 3000 re
438 2950 519 2999 habita
533 2950 571 3011 sit,
588 2959 766 3015 propterquam
835 2951 887 3006 Quo
895 2951 934 2997 vir
943 2951 1024 3020 atram
1032 2949 1089 3012 lega]
1100 2949 1139 3000 Cf.
1147 2950 1235 3001 Victor.
1244 2952 1313 3003 v.1.

250 3015 344 3064 comitia
359 3015 458 3064 debeant
477 3015 564 3064 dirimi.
596 3015 670 3063 Verbi
690 3017 766 3062 obsn-
802 3013 842 3070 18,
852 3014 890 3062 ta.

250 3080 766 3193 ttt⁶⁸tt³⁵¹itrt⁸ertditfflt
800 3078 1316 3195 efdidddidfdi‘bbi'iiiiff

284 3176 768 3271 russeaurraampemrtae
800 3207 842 3270 qui
857 3207 942 3269 respit
958 3208 1003 3255 auo
1013 3218 1035 3256 a
1046 3210 1189 3267 sesamam,
1206 3181 1317 3259 vuueri

251 3288 305 3322 mus
318 3289 331 3322 e
344 3273 424 3322 Guelf.
440 3275 585 3330 ottaremar,
601 3273 664 3336 quod
679 3272 768 3335 optime
801 3271 871 3320 storia
886 3279 909 3318 et
925 3271 988 3319 Flor.
1003 3288 1067 3336 apr.
1083 3287 1155 3320 manu
1172 3274 1315 3324 desideraret.

252 3338 373 3386 convenire
389 3346 520 3400 temporum
540 3337 623 3385 rationi
638 3336 766 3397 videbatur,
801 3336 837 3384 At
853 3351 878 3384 se
893 3337 991 3384 mrrexit
1006 3337 1056 3400 ipse
1070 3337 1130 3385 ade.
1140 3341 1180 3386 55.
1208 3339 1325 3388 Ceterum·

252 3410 276 3450 et
290 3401 340 3451 bec
355 3417 402 3450 non
413 3417 426 3450 e
436 3410 514 3449 mente
527 3401 613 3461 Taciti,
630 3401 669 3450 sed
685 3401 769 3450 Galba
802 3399 897 3458 mirum,
911 3408 989 3448 tamen
1003 3417 1019 3448 a
1032 3402 1180 3464 sequentibus
1193 3403 1326 3453 editoribus·

251 3465 298 3515 dici
307 3468 426 3531 putabam.
457 3465 504 3515 Sed
513 3466 547 3514 ita
556 3466 625 3514 eb'am
635 3474 689 3514 ante
698 3464 768 3513 debe-
801 3464 839 3512 hie
850 3466 896 3512 duo
906 3471 929 3512 et
939 3481 962 3511 u·
972 3472 1096 3525 smratum,
1108 3481 1164 3514 cnm
1174 3483 1193 3515 c.
1205 3470 1245 3514 55.
1260 3470 1327 3516 duo-¹

252 3539 346 3580 retesse
357 3538 484 3579 moment.
517 3531 594 3593 Igitur
604 3530 725 3595 pristinam
734 3529 769 3576 le·
803 3529 853 3576 der.
861 3527 1002 3576 exhiberent
1027 3529 1102 3578 Vetus
1108 3531 1318 3596 restituitRyckius

252 3596 352 3644 edonem
363 3596 458 3644 restitui.
466 3595 512 3642 Ed.
524 3596 585 3658 Spir.
596 3594 665 3643 habet
673 3599 769 3641 verma-
803 3595 842 3646 (ex
852 3591 931 3655 Aga).
949 3593 1022 3643 Eun·
1048 3593 1111 3642 Bud.
1124 3596 1243 3645 duodenis.
1326 3627 1329 3634 ·

257 3665 306 3709 tur.
338 3659 494 3723 Intelligenda
509 3669 564 3707 sunt
584 3674 598 3707 e
613 3659 702 3720 judicio
720 3657 769 3704 Ta·
835 3658 913 3705 Addit
922 3657 976 3720 aut]
1001 3657 1064 3707 Bud.
1077 3660 1169 3708 addidit
1179 3668 1230 3710 aar.
1256 3662 1316 3726 Agr.

253 3724 360 3784 citi,non
372 3724 460 3772 Galba.
490 3721 567 3774 Ceteri
576 3722 770 3771 scaeteddfln·
803 3721 971 3772 additament.
1235 3757 1237 3764 .

253 3797 334 3837 etnam
344 3788 403 3836 inter
414 3791 528 3847 utuntur,
539 3797 566 3836 ut
578 3787 668 3835 Puteal.
680 3786 729 3836 Ber
746 3794 770 3833 et
835 3789 871 3834 Et
876 3789 984 3849 proximi
992 3789 1099 3836 raditum
1106 3796 1179 3851 grata
1187 3792 1272 3840 audita
1280 3807 1319 3839 ra-

255 3851 462 3902 maurannus.
494 3853 532 3901 Sic
543 3851 607 3901 Bud.
617 3861 641 3900 et
650 3851 736 3900 Rhea..
803 3849 927 3912 tpmrdent]
944 3852 982 3900 Sic
1003 3851 1055 3900 edd.
1078 3853 1169 3902 Puteal.
1187 3854 1242 3904 Ber.
1263 3856 1318 3905 Alc.

282 3919 396 3966 MoreD.
404 3918 539 3980 Argutae
546 3917 651 3978 exemplo
656 3914 769 3978 militari]
805 3914 963 3964 FirmatFIor.
974 3916 1059 3981 (Agr.)
1068 3917 1104 3965 ed.
1115 3934 1149 3982 pr.
1159 3920 1200 3967 ubi
1208 3927 1320 3982 estgrata

256 3981 372 4043 'I'rajectio
393 3982 455 4030 facta
474 3995 557 4029 vocum
578 3980 677 4040 ridenrr,
698 3995 771 4043 quam
804 3981 1021 4029 castrametata
1031 3997 1085 4030 curn
1092 3984 1320 4048 sequentibususque

254 4046 363 4094 odormm
378 4046 491 4094 AEmilius
506 4045 638 4094 Ferrettuss
658 4045 770 4109 legitque,
804 4043 835 4091 ad
844 4044 969 4092 Pithenam
978 4047 1003 4110 (e
1010 4045 1086 4108 Bud)
1094 4047 1157 4095 dedit
1164 4050 1319 4109 graminum,

255 4112 360 4173 exemplo
371 4113 406 4159 D.
417 4111 526 4171 Augusti
536 4116 559 4156 et
575 4125 639 4158 mora
650 4112 769 4158 militari.-
805 4108 868 4171 quod
876 4118 911 4156 est
917 4109 1017 4158 etiamin
1026 4111 1105 4159 Guelf.
1121 4112 1169 4160 Sed
1178 4122 1255 4161 tamen
1263 4122 1287 4160 et
1294 4113 1319 4160 in

255 4190 295 4223 me
309 4174 405 4239 quidem
421 4184 520 4238 unaque
535 4188 607 4220 manu
622 4173 771 4225 adsentiente.
806 4173 910 4235 margine
917 4174 996 4223 eadem
1006 4177 1189 4225 manurardect.
1198 4185 1320 4240 gratacu-

256 4240 331 4289 Irrrs.
363 4240 495 4304 vulgatum
513 4237 640 4288 defendunt
661 4238 729 4288 Voss.
749 4246 772 4286 et
806 4237 865 4286 dita.
879 4237 951 4288 Etru.
970 4239 1026 4302 Bip.
1038 4255 1140 4304 recepere
1148 4249 1222 4304 grata
1232 4243 1330 4291 auditor

1500 349 1502 469 i
