3059 4975
401 249 668 332 nsuoumus
689 249 936 312 cenninus.
956 249 1039 309 oar.
1053 253 1102 308 se.
1220 251 1278 312 ser

265 415 435 484 XXXVI.
466 416 503 482 In
526 414 621 482 latere
644 412 844 482 Chaucorum
867 412 1106 500 Cattorumquee
1118 410 1270 478 Cherusci

209 499 335 564 nimiam
349 524 385 566 ac
397 513 584 568 marcentem
594 499 648 562 diu
663 521 771 598 paoem
782 498 945 562 inlacessiti
957 499 1151 563 nutrierunt:
1174 497 1270 646 idque

203 585 386 671 jucundius,
401 608 495 671 quam
509 584 618 662 tutius,
632 583 711 657 fu1t;
735 583 810 668 quia
827 583 908 646 inter
920 583 1094 669 inpotentes
1107 596 1139 648 et
1152 582 1213 650 vati
1236 606 1271 647 os
1298 623 1301 627 ·

205 669 284 748 falso
294 670 450 768 quiescam
474 669 529 734 ubi
543 691 637 733 manu
652 667 765 753 egitur,
781 667 930 732 modest'm
942 691 979 732 ac
991 669 1132 753 probitas
1145 667 1272 732 nomine

206 755 370 842 superioris
394 769 476 822 sunt.
520 753 579 830 lta,
603 751 659 838 qui
682 751 765 829 olim,
794 759 815 790 ‘⁶
835 752 910 816 boni
930 753 1076 850 sequique
1089 753 1268 832 Cherusci,”
1368 757 1373 770 “

205 861 289 907 nunc
309 840 457 908 “inertes
476 863 511 904 so
525 837 633 902 stulti”
648 848 815 902 vocantur:
840 836 942 902 Cattis
956 837 1125 902 Victoribus
1138 839 1267 902 fortuna

204 923 238 991 in
252 923 432 1010 sapientiam
446 924 544 990 cessit.
588 921 697 988 Tracti
711 921 802 986 ruina
813 921 1042 991 Cheruscorum
1055 935 1087 986 et
1098 923 1182 1000 Fosi,
1194 945 1267 986 oon

205 1109 261 1144 sane
271 1095 349 1144 durior
356 1105 401 1156 est,
413 1105 436 1144 et
446 1094 572 1157 abruptior,
584 1093 626 1140 etsi
636 1109 663 1141 es
672 1107 720 1140 non
751 1093 888 1155 positionem
898 1093 977 1152 Fabri,
989 1093 1099 1140 stlocum
1109 1094 1142 1140 ita
1151 1095 1264 1156 explicstr

207 1167 242 1206 est
252 1159 352 1208 insolens
363 1159 452 1207 Tacito.
486 1159 526 1205 An
538 1159 672 1220 plurimum
685 1156 720 1203 t'a·
751 1157 793 1204 ubi
804 1157 828 1205 vi
839 1157 923 1219 egitirr,
935 1156 1076 1220 quiescentes
1086 1173 1100 1202 a
1110 1158 1265 1220 superioribus

206 1231 271 1271 mum
282 1231 315 1270 ost
325 1238 338 1270 e
344 1220 470 1285 pluriores
487 1223 603 1270 enormius
609 1223 720 1282 pierium
751 1220 864 1268 modestos
872 1221 947 1269 vocari
957 1235 984 1267 ac
993 1222 1089 1283 probos;
1102 1221 1143 1268 sed
1150 1236 1165 1268 a
1172 1221 1266 1269 finesuo

164 1330 166 1334 .
206 1287 374 1348 virorumequ.
390 1287 461 1334 Ean.
751 1284 829 1347 potitis
844 1285 927 1332 inertes
942 1293 966 1332 et
974 1284 1067 1331 stultos
1099 1285 1164 1338 Mihi
1174 1285 1265 1333 videtur

246 1354 315 1399 Inter
329 1352 476 1414 inpotentes]
493 1351 509 1396 i.
525 1365 545 1396 e.
560 1345 656 1396 viclnos'
665 1355 720 1399 oum
751 1363 830 1396 sensus
845 1348 884 1396 hie
898 1364 961 1396 mser
979 1347 1103 1397 victoribus
1118 1349 1170 1397 laus
1186 1349 1265 1399 mode

206 1415 300 1472 habeas,
319 1415 360 1476 qui
380 1422 473 1476 propter
490 1413 628 1460 indomitam
644 1411 719 1476 impe·
750 1412 802 1459 stiae
813 1420 836 1459 et
852 1413 972 1474 probitatis
989 1412 1113 1472 tribuitur3
1131 1413 1196 1461 victis
1211 1429 1265 1461 con.

206 1477 272 1526 r'endi
286 1477 435 1540 cupiditatem
451 1492 498 1524 non
513 1477 599 1535 vident,
614 1475 671 1539 quid
687 1492 718 1522 σε·
750 1476 820 1523 traria
829 1475 884 1523 vitis
894 1476 1036 1538 inputsntur.
1064 1502 1067 1505 v

207 1556 282 1605 quum
302 1542 438 1604 justumque
455 1541 492 1594 sit,
512 1555 586 1604 neque
603 1540 717 1598 dubitant,
787 1542 880 1586 Iasona
890 1555 918 1586 oe
927 1542 1007 1602 auiti]
1030 1540 1157 1588 Cheruscos
1166 1542 1201 1588 sit
1209 1556 1265 1604 paor

205 1617 285 1654 minus
294 1605 397 1664 validum
414 1621 454 1668 por
463 1605 572 1665 injuriam
582 1603 718 1668 opprimere.
748 1603 819 1666 longe
830 1612 854 1652 et
869 1619 883 1650 s
898 1604 1097 1654 nemineturbata
1110 1604 1139 1654 in
1150 1613 1265 1666 tormen
1363 1656 1365 1659 ,

205 1669 244 1718 Sic
251 1684 320 1732 supra
328 1669 357 1716 de
365 1668 451 1716 Cattis:
470 1668 719 1730 sinocopidttotc,rioe
750 1668 920 1730 segnitiamque
935 1669 1029 1725 solutos,
1048 1683 1166 1714 armorum
1179 1684 1264 1718 euram

206 1735 352 1794 tmpotentte.
370 1733 425 1780 MS.
437 1731 518 1780 Turio.
528 1732 599 1778 habet
609 1734 719 1792 impeten-
749 1730 905 1790 intermisisse,
916 1732 949 1778 irn
966 1732 1073 1778 rudentes
1083 1742 1106 1778 et
1113 1734 1200 1792 majore
1210 1747 1265 1780 cum

206 1803 255 1844 terr
283 1795 346 1858 quod
366 1796 461 1856 fortusse
477 1795 597 1842 nonnullis
623 1795 718 1857 placem
750 1810 792 1842 sua
803 1796 920 1856 voluptate
973 1805 1074 1857 tempus,
1085 1811 1157 1858 quern
1171 1797 1196 1842 in
1213 1811 1265 1857 per.

205 1859 252 1908 Sed
269 1859 381 1906 inferioris
394 1860 467 1906 aetatis
482 1861 577 1907 verbnm
595 1857 639 1904 hoe
655 1869 718 1920 puto.
749 1867 847 1922 potuum
858 1859 984 1906 securitate.
1001 1859 1073 1912 Nam,
1085 1859 1126 1922 qui
1137 1860 1266 1906 circumda-

206 1923 309 1970 Lsudsri
318 1923 412 1986 quidem
420 1924 547 1970 etiamnum
555 1921 621 1969 video
629 1922 653 1968 in
660 1921 718 1968 lexi-
750 1930 788 1968 tus
804 1922 937 1969 hominibus
951 1921 982 1968 sd
995 1923 1104 1983 injuriam
1120 1916 1232 1985 promptis
1243 1933 1266 1970 st

206 1987 245 2034 ois'
256 1995 358 2033 auctores
375 1988 425 2047 ejus
442 1987 504 2034 verbi
520 1986 586 2033 Vsrr.
602 1985 634 2033 R.
646 1986 677 2032 tt.
693 1987 718 2043 3,
749 1986 848 2032 robustis
866 1994 959 2045 marcet,
977 2000 1019 2033 nec
1034 2001 1059 2032 se
1074 1994 1140 2048 parat
1155 1986 1264 2034 adversus

209 2051 245 2097 16.
256 2050 402 2098 sedibireote
410 2049 718 2098 editnrhodieiosectonterr
751 2064 786 2108 eo,
806 2065 859 2112 quse
875 2050 1133 2112 necopinanti¹possunt
1149 2050 1264 2112 ingruere,

206 2122 231 2162 et
247 2117 327 2164 Senon.
343 2113 438 2177 Hippol,
456 2117 510 2160 265.
531 2113 572 2160 ubi
589 2129 668 2160 rerum
686 2122 720 2160 est
751 2127 798 2160 non
819 2121 868 2159 tom
885 2113 977 2175 quietus
996 2121 1030 2160 est
1047 2128 1119 2175 quam
1141 2113 1265 2161 obnoxius.

208 2179 329 2240 impotem,
341 2179 410 2241 quod,
417 2195 432 2225 s
442 2178 558 2226 Gronovio
568 2177 664 2238 editum,
677 2192 720 2238 ego
751 2176 828 2239 Igitur
838 2177 863 2222 in
870 2176 907 2223 his
916 2187 1067 2240 quoquotum
1076 2177 1165 2224 bonitus
1173 2177 1266 2224 videba-

208 2257 302 2306 quoque
319 2243 344 2288 in
360 2243 463 2290 ,lantino
479 2242 576 2304 aliisque
595 2249 649 2288 vett.
667 2241 718 2290 edd.
751 2242 819 2288 betur
829 2249 852 2287 et
862 2239 982 2300 modestia,
993 2248 1110 2288 contentos
1126 2242 1214 2288 suiset
1224 2239 1283 2287 ne·'

206 2301 287 2368 reperi
321 2306 423 2354 [intrari
436 2305 507 2354 medii
518 2307 569 2363 sevi,
578 2321 626 2368 qno
636 2306 660 2351 in
677 2321 721 2352 usu
751 2305 810 2350 mini
824 2319 906 2366 graves
920 2321 975 2352 esse.
1007 2305 1041 2351 Iit
1050 2305 1172 2352 mansisset
1182 2303 1228 2351 illis
1238 2319 1266 2352 ee

207 2367 723 2432 eratimpeterrtv.0utgiifllossiretmed.
751 2367 1267 2431 existiruafflmipostdiutumumillndotium

207 2433 232 2480 in
248 2433 400 2496 inspectioni
412 2433 509 2481 libenter
521 2433 564 2480 hoc
575 2434 679 2491 verbum,
695 2441 722 2480 ut
753 2432 847 2479 tandem
865 2432 963 2479 lsoessiti
980 2432 1069 2480 fortiter
1084 2432 1226 2492 restitissent,
1244 2440 1267 2478 et

204 2496 253 2545 alie
259 2498 369 2557 sibinita,
377 2499 506 2547 auctoribus
514 2498 592 2561 priscis
598 2499 722 2545 obtrusere.
752 2506 839 2548 statum
849 2497 980 2545 tenuimus
1014 2496 1141 2559 Postquam
1151 2512 1205 2544 vero
1215 2511 1269 2544 sirc-

207 2563 279 2610 usa.
312 2562 357 2609 Ed.
370 2564 441 2611 Rom.
453 2571 476 2610 et
492 2564 550 2610 Nor.
569 2565 630 2609 tuter
647 2564 722 2622 impu·
751 2563 889 2619 cubuerunt,
906 2576 936 2607 ne
948 2563 1013 2624 prins
1027 2560 1127 2624 quidun
1138 2562 1198 2608 berre
1212 2575 1270 2608 σοι.

160 2638 161 2643 ’
209 2628 286 2674 tontis.
752 2624 850 2671 siderate
863 2625 951 2671 ratione
965 2640 992 2671 ac
1008 2624 1173 2686 tranquillitate
1188 2624 1266 2685 insite,

247 2692 367 2739 Modestia
388 2698 411 2737 et
436 2692 542 2751 probitas
566 2691 660 2735 nomilia
682 2701 722 2735 su-
753 2688 794 2735 sed
810 2688 922 2749 pravitate
936 2688 1025 2735 consilii
1041 2698 1064 2735 et
1080 2688 1215 2735 tediobelli
1231 2689 1267 2735 lo-

204 2757 307 2817 pertore
318 2755 385 2815 runt]
403 2752 429 2799 J.
442 2754 480 2799 Fr.
493 2752 622 2801 Gronovius
632 2751 658 2798 in
669 2760 723 2799 note
753 2752 837 2797 borum
854 2751 943 2813 quiesse
957 2752 1071 2798 feramur.
1103 2751 1208 2807 Etenim,
1225 2752 1266 2799 ubi

206 2818 313 2880 proxima
323 2816 373 2863 hrsc
383 2816 491 2863 verbosis
502 2816 650 2879 respernitur
667 2829 722 2863 cum
748 2815 865 2873 majorem
886 2823 974 2877 partem
991 2830 1027 2862 σε
1045 2814 1067 2861 vi
1085 2822 1212 2862 nectentur
1227 2811 1267 2876 (ut

208 2896 244 2928 res
260 2882 284 2926 ti
304 2880 389 2941 agitur,
408 2892 454 2925 non
471 2878 488 2925 ii
505 2876 601 2925 modesti
618 2886 641 2923 et
657 2878 723 2941 probi
753 2878 813 2928 inter
822 2878 941 2925 belliomos
952 2878 1085 2925 Germanice
1101 2880 1212 2941 populos>
1219 2894 1268 2926 non

207 2952 337 3003 censentur,
347 2943 390 3005 qui
406 2942 465 2989 nihil
476 2950 555 3004 egunt,
573 2940 612 2989 sed
622 2942 663 3003 qni
679 2942 723 2989 sibi
753 2942 795 3005 qui
804 2940 893 2996 sedent,
899 2942 1268 3005 ineertopossintnesnnequesnt

209 3015 337 3070 temperent
349 3014 408 3064 tum,
421 3021 474 3053 curn
491 3006 544 3067 plus
554 3005 631 3053 velent
644 3014 668 3053 et
683 3020 723 3053 su·
752 3006 811 3062 μέγα
823 3026 845 3052 σι
858 3006 894 3053 uel
906 3007 1038 3062 ἐσσομένοισι
1047 3004 1265 3067 evitata-patrare,
1367 3034 1370 3039 -

208 3086 314 3181 m
324 3070 722 3197 ttittt‘ttttttt
753 3067 1266 3195 t‘fflttfflnitttt

209 3205 253 3257 ret,
267 3206 294 3251 ut
304 3199 373 3245 verba
386 3198 425 3245 uti
441 3212 472 3243 ot
486 3199 578 3257 agitur,
588 3196 618 3243 ad
633 3206 722 3245 eutece-
753 3205 842 3258 perant.
874 3200 917 3243 Ito
934 3196 1029 3255 foetum,
1047 3198 1126 3257 utqui
1142 3199 1198 3243 olim
1214 3200 1266 3245 tout

205 3260 287 3310 dentis
296 3262 430 3320 refutatur,
442 3269 465 3309 et
475 3270 527 3322 post
537 3276 564 3307 ea
574 3260 722 3323 interpunge-
751 3262 858 3320 equique
870 3261 982 3321 clerus
993 3260 1061 3324 (dum
1078 3263 1147 3308 rebus
1162 3262 1268 3313 mundis

207 3334 253 3374 tur.
286 3324 336 3373 Alii
351 3326 379 3373 sd
395 3324 512 3387 sequentis
527 3324 635 3382 referunt,
652 3334 676 3372 et
691 3324 723 3373 sio
753 3323 778 3369 in
794 3324 842 3369 olm
853 3338 910 3386 pace
922 3323 1032 3372 iniuntur
1041 3332 1065 3372 et
1078 3325 1186 3373 moriam
1202 3326 1267 3373 dedi·

206 3388 255 3437 iere
262 3389 391 3451 accipiunt:
408 3398 467 3443 tum,
479 3403 532 3435 eum
541 3388 564 3435 vi
571 3382 629 3450 opita
640 3396 675 3435 est
684 3393 723 3449 (ut
754 3386 832 3448 scunt)
839 3390 1054 3447 voosbsnmr,ounc
1061 3391 1196 3452 (postquam
1202 3404 1267 3451 pros-

206 3452 315 3501 edversus
330 3452 428 3510 hostem,
446 3453 470 3499 in
487 3451 560 3513 bello)
569 3451 667 3499 stultum
679 3461 721 3511 est,
753 3451 815 3513 peris
829 3453 930 3515 conupti
945 3462 969 3500 et
982 3452 1079 3501 emolliti
1090 3450 1161 3514 stilue
1174 3454 1204 3500 ad
1218 3455 1266 3501 vim

208 3516 268 3564 nihil
278 3530 352 3579 egere,
364 3519 407 3565 sub
421 3516 494 3579 specis
508 3514 625 3565 modestia
635 3524 659 3563 et
670 3532 723 3579 pro-
753 3515 909 3563 sustinendom
926 3517 1033 3579 imperati
1050 3516 1124 3565 Cattis
1139 3516 1266 3579 cesserunt)

204 3580 294 3637 bimus,
309 3595 362 3643 quae
374 3583 404 3628 ab
420 3580 461 3627 illo
476 3588 578 3643 tempore
591 3587 626 3626 eet
640 3580 721 3627 aliens:
754 3582 841 3627 isaim
850 3594 878 3625 oo
888 3583 1082 3629 multivorantiae
1096 3582 1192 3628 Gnoso.

208 3644 255 3691 Sed
271 3644 422 3692 eisentmtiae
432 3658 487 3691 sane
503 3653 551 3691 nan
566 3644 671 3691 convenit
684 3660 722 3691 su·
797 3646 865 3691 Porti
881 3646 967 3708 raino}
992 3645 1032 3693 Sic
1041 3646 1066 3691 in
1080 3646 1188 3693 omnibns
1202 3647 1266 3695 libris

205 3710 315 3769 penoris
332 3708 402 3755 Unde
413 3708 474 3755 Ten.
482 3708 557 3755 Faber
569 3708 597 3754 P.
608 3708 629 3754 l.
669 3710 722 3755 Aa.
754 3708 843 3771 reperir
872 3708 917 3755 nisi
936 3708 1001 3771 qnod
1022 3709 1077 3757 MS
1096 3709 1176 3757 Turio.
1197 3710 1268 3759 habet

209 3786 233 3835 p.
250 3771 289 3826 74.
306 3770 422 3835 ingeniose
439 3774 560 3833 sequioris,
576 3772 596 3818 si
613 3784 638 3818 m
668 3788 683 3819 o
698 3772 723 3819 id
755 3772 844 3819 Chatti.
875 3772 912 3819 Aa
926 3773 984 3820 mihi
1000 3774 1092 3820 nullum
1109 3773 1208 3821 dubium
1223 3783 1266 3835 est,

127 3863 129 3869 ι
208 3833 470 3883 verbumitsdiceretur.
487 3834 724 3883 HeinsiusadVellei.
752 3836 879 3897 legendum
890 3840 969 3895 tracti,
981 3845 1008 3883 nt
1021 3838 1110 3898 placuit
1123 3838 1268 3887 etithur·

210 3900 234 3957 2,
245 3900 285 3947 30.
295 3899 318 3945 4.
328 3898 651 3961 corrigitnomirtoeoperiori
660 3908 722 3960 sunt,
754 3912 840 3947 manno
847 3900 878 3946 td
887 3900 975 3947 Lucan.
985 3903 1008 3958 7,
1017 3901 1073 3947 655.
1090 3901 1154 3947 Nam
1164 3902 1268 3965 legitime

205 3960 650 4075 'i‘'tl¹’⁰‘i¹¹l¹i‘⁰”‘si⁸i³⁸²¹⁰l¹³⁰i
660 3978 723 4075 ’ἇῖ
754 3962 1077 4075 l⁰¹tt¹²t⁸ttt⁵tt⁰t
1091 3966 1267 4075 mliii

227 4040 448 4076 nurse..
521 4042 653 4074 rev...
765 4040 1151 4077 .eournn.ernec

210 4088 389 4153 Burm.p.fi39.
411 4038 530 4137 0(plastarum
540 4088 677 4154 eod-Kipp.
688 4092 724 4139 sd.
756 4090 790 4138 H.
804 4092 829 4149 3,
843 4093 882 4139 29.
895 4095 967 4138 raino
981 4095 1058 4139 trusit
1070 4096 1165 4154 pinnas.
1194 4092 1266 4139 Enna

206 4154 271 4217 Epir.
286 4156 377 4201 sonte
394 4168 446 4215 sup.
464 4154 519 4201 MS.
537 4154 616 4201 turia
633 4157 724 4203 nonnos
759 4156 841 4201 Tracti
862 4154 935 4201 voluit
955 4163 979 4202 et
1000 4155 1102 4203 Piclrens
1122 4151 1269 4218 etrecepere

206 4220 340 4280 superiores
361 4224 431 4265 aaut:
460 4216 480 4266 si
502 4218 601 4279 corrigas
617 4222 723 4272 raconem,
756 4217 817 4265 loll
830 4219 894 4274 Brot.
910 4218 965 4283 Bip
984 4219 1022 4267 Gi.
1037 4218 1210 4281 quoquest,
1227 4220 1267 4267 26.

209 4288 290 4331 emtus
299 4281 434 4329 commodus
444 4282 552 4329 exoritu.
577 4282 649 4329 Ena.
670 4282 721 4331 'Ed
756 4280 790 4329 Η.
800 4282 825 4342 3,
836 4283 877 4330 29.
1042 4310 1045 4315 -
1081 4306 1085 4310 ’
1114 4312 1119 4321 ·
1188 4287 1190 4291 ’
1218 4306 1222 4311 ’

209 4341 613 4411 Romet'Nomeoaoempeamee.
627 4346 724 4395 Orenins
793 4345 864 4410 Fosi]
885 4345 1061 4394 metuuntur
1075 4346 1163 4393 rusam
1256 4396 1259 4398 Α

210 4408 724 4472 annmv.1>.1x.p.sso.inprotetex-
756 4410 843 4460 leontos
861 4419 936 4473 putet
969 4408 1091 4455 Cluverius
1106 4409 1272 4472 3,21.crsdit,

1014 4482 1105 4536 202
