3059 4975
374 235 432 294 DE
453 233 646 296 MORIBUS
665 233 1035 306 GERMANIAEAEAP.
1048 236 1096 304 25,
1110 236 1159 294 26.
1252 238 1317 300 877:
1388 327 1391 331 1

246 395 436 482 pervicacia:
460 397 520 482 ipsi
540 398 633 462 fidem
647 410 769 462 vocant.
814 399 925 460 Servos
943 395 1127 460 conditionis
1144 396 1243 470 hu'us
1255 421 1315 485 per

247 481 430 544 commercia
443 481 581 558 tradunt,
596 494 632 544 ut
647 505 679 544 se
692 503 820 566 quoque
833 480 954 566 pudore
967 479 1104 544 victorise
1120 421 1294 548 exsolvant.
1311 546 1313 549 .

292 565 404 630 XXV.
438 565 556 628 Ceteris
578 565 682 644 servis,
705 587 770 628 uon
789 564 823 627 in
844 578 983 628 nostrum
1006 587 1133 644 morem,
1154 566 1317 652 descriptis
1360 603 1363 607 ·

248 671 305 734 per
317 649 465 712 familiam
478 649 665 725 ministeriis,
680 662 822 713 utuntur.
858 651 954 712 Suam
968 649 1101 734 quisque
1115 649 1231 728 sedem,
1243 675 1317 717 suos

249 736 380 796 Penates
401 733 490 819 regit
535 732 699 796 Frumenti
716 733 846 796 modum
864 733 1018 810 dominus,
1036 747 1092 796 aut
1102 735 1240 819 pecoris,
1261 750 1318 806 eut

247 817 350 896 vestis,
364 830 403 880 ut
414 816 532 894 colono,
549 817 705 914 injungit:
728 830 760 879 et
779 839 885 880 servus
899 817 1047 880 hactenus
1117 829 1160 883 et.
1204 819 1318 899 Cetera

249 901 361 966 domus
374 901 473 964 officia
482 921 572 976 ¹uror
585 924 621 964 ac
634 900 724 965 liberi
738 913 960 986 exsequuntur.
1006 839 1175 966 Verlzare
1191 925 1321 974 servum⁴

249 1009 284 1049 ac
299 986 430 1049 vinculis
451 998 482 1049 et
503 997 596 1071 opere
616 1007 765 1062 coercere,
788 1007 904 1049 rarum.
949 984 1101 1052 Occidere
1124 987 1234 1065 solent,
1252 1011 1322 1058 nou·

250 1069 326 1132 disci
349 1069 412 1134 lina
433 1080 465 1132 et
485 1071 658 1148 severitate,
679 1069 732 1134 sed
755 1069 864 1154 inpetu
886 1082 919 1132 et
936 1069 994 1147 ira,
1012 1083 1049 1132 ut
1065 1067 1237 1149 inimicum,
1257 1073 1317 1137 nisi

273 1093 476 1240 uodiupnne.
521 1154 676 1218 Libertini
690 1176 753 1217 non
767 1154 903 1217 multum
917 1176 1012 1239 supra
1029 1175 1133 1218 servos
1147 1169 1230 1234 sumt,
1246 1180 1323 1223 raro.

250 1178 378 1323 diquod
392 1252 583 1302 momentum
601 1240 634 1301 in
649 1239 752 1316 domo,
767 1259 940 1324 numquam
962 1238 996 1301 iu
1010 1237 1155 1313 civitate3
1178 1243 1318 1327 exceptis

251 1322 416 1387 dumtaxat
428 1323 466 1385 iis
479 1324 635 1408 gentibus,
647 1346 719 1408 quae
732 1336 910 1408 regnantur.
956 1322 1008 1385 Ibi
1021 1321 1104 1385 euim
1118 1336 1150 1386 et
1164 1347 1258 1411 super
1270 1325 1319 1401 in·⁴

251 1429 370 1554 ggnuos
390 1421 422 1470 et
440 1429 534 1492 super
554 1405 673 1471 nobiles
691 1406 882 1479 ascendunt3
906 1406 994 1492 apud
1011 1420 1127 1470 ceteros
1144 1408 1267 1494 inpares
1279 1409 1320 1484 li-;

291 1490 364 1554 rtini
378 1490 527 1556 libertatis
541 1505 760 1578 argumentum
776 1502 856 1553 sunt.
1412 1563 1415 1567 φ

296 1574 434 1640 XXVI.
457 1578 576 1640 Foenus
597 1576 713 1662 agitare
735 1574 816 1638 etin
833 1597 943 1638 usurm
961 1574 1138 1654 extendere,
1154 1577 1296 1661 ignotum
1305 1603 1320 1650 z,

252 1659 385 1745 ideoque
408 1661 507 1745 magis
531 1675 682 1738 servatur,
703 1681 799 1744 quam
820 1658 846 1722 si
859 1659 990 1722 vetitum
1011 1671 1098 1722 esset.
1143 1661 1237 1746 Agri,
1259 1685 1318 1748 pro

254 1765 383 1812 numero
396 1743 563 1826 cultorum,
572 1743 778 1811 ab‘universis
791 1743 824 1808 in
833 1744 920 1807 'vices
933 1755 1135 1829 occupantur,
1150 1767 1229 1830 quos
1242 1768 1316 1810 mox

256 1988 342 2035 voiour
352 1988 456 2049 alligari.
486 1989 517 2038 V.
531 1989 598 2052 plura
607 1989 632 2036 iu
644 1989 709 2038 clav.
721 1987 770 2036 Cic
804 1995 856 2036 tum
866 1986 932 2049 ruat]
943 1987 987 2036 i-e.
997 1988 1139 2050 exhocipso
1249 1987 1318 2038 liber-

256 2060 287 2110 et,
299 2066 369 2113 quem
380 2051 413 2098 ibi
423 2051 526 2112 laudavi,
535 2053 666 2102 Gronovius
676 2052 706 2101 od
717 2051 772 2113 Lir.
801 2059 837 2099 tus
847 2053 936 2114 populi,
948 2051 1012 2115 quod
1021 2052 1122 2100 libertini
1137 2053 1143 2064 '
1168 2053 1251 2101 eriores
1261 2062 1317 2100 sunt

256 2113 280 2173 7,
289 2116 329 2161 24.
346 2116 419 2162 Eun.
450 2119 568 2163 docentor
579 2117 665 2164 hubent
681 2125 703 2164 et
714 2116 771 2163 MS.
802 2115 909 2178 ingenuis
918 2124 942 2162 et
951 2117 1074 2164 nobilibus.
1091 2116 1162 2164 Eure.

256 2175 332 2240 Long.
341 2187 364 2225 et
375 2177 475 2226 Humm.
501 2180 608 2227 Restituo
619 2195 672 2227 cum
683 2179 739 2242 Bip.
748 2187 772 2226 et
835 2180 924 2226 Fenus
938 2180 1115 2242 ogitore1Haec
1130 2181 1159 2228 de
1171 2180 1319 2243 foeuompu·

257 2241 379 2302 longolio.
397 2271 401 2280 ·
414 2242 453 2289 Sic
464 2251 487 2290 et
498 2243 560 2290 Pliu.
573 2243 620 2306 Ep.
632 2245 656 2299 l,
666 2245 690 2291 8.
768 2256 770 2259 ·
803 2242 838 2290 riu
847 2241 954 2289 videntur
964 2242 1089 2298 nonnullis,
1100 2243 1126 2290 iu
1135 2241 1283 2292 liisAutouio
1292 2244 1325 2292 iu.

289 2307 414 2353 Verberon
424 2309 532 2371 sernum]
545 2307 603 2354 Cod.
610 2306 689 2368 Kepp.
697 2307 727 2368 (s
737 2306 774 2354 ed.
804 2306 864 2354 notis
874 2305 905 2352 ud
915 2307 1042 2354 versimeuu
1053 2321 1120 2354 suem
1131 2307 1302 2356 Gumanieem.

257 2369 328 2430 Nor.)
338 2369 383 2416 sie:
397 2371 519 2417 verberaret
528 2385 630 2426 servom,
638 2385 665 2416 oe
672 2371 773 2416 uinculis
835 2373 869 2418 Io
877 2385 961 2417 usuros
970 2371 1104 2433 mordere]
1112 2373 1201 2418 Foeour
1211 2371 1240 2418 de
1249 2387 1320 2433 pectr-

256 2441 354 2495 etopere
365 2447 476 2493 coercere,
488 2435 682 2483 roromoecidere
691 2435 772 2480 solent.
803 2433 843 2480 nia
853 2433 907 2491 dici,
922 2449 975 2498 quae
988 2435 1030 2481 sub
1044 2435 1119 2482 usuris
1134 2434 1265 2495 oodocutur,
1282 2435 1319 2484 su·

257 2497 331 2545 Eure.
804 2498 847 2546 cile
861 2497 934 2545 oriris
943 2507 1016 2561 petet,
1029 2500 1165 2561 monuitque
1175 2499 1272 2546 Salmas.
1289 2500 1326 2550 de:

289 2564 384 2623 Irrepeto
395 2570 416 2609 et
428 2564 478 2626 ira]
491 2563 544 2610 Hoc
552 2563 616 2610 iteiu
625 2561 774 2624 septemtrio·
804 2562 877 2609 Usur.
892 2577 917 2623 p.
927 2563 966 2609 24.
977 2563 1038 2609 etsie
1048 2562 1104 2610 alibi
1112 2563 1203 2611 condes.
1222 2565 1256 2610 Io
1262 2578 1326 2609 uru-¹
1348 2608 1352 2611 ,

256 2625 293 2673 nis
318 2633 401 2683 tractm
423 2635 451 2673 ut
477 2626 584 2673 Holsetie
610 2635 679 2687 etque
708 2625 772 2681 alibi,
805 2641 845 2671 ror
857 2628 978 2672 extendere
991 2625 1095 2687 intelligo
1110 2626 1206 2684 ffienrm,
1223 2640 1321 2687 proper

257 2688 327 2736 etiam
341 2688 409 2736 hodie
424 2688 551 2745 Gennaui;
569 2696 592 2735 et
606 2704 647 2750 per
658 2702 732 2735 mores
743 2688 773 2733 li-
805 2703 889 2734 oruror
906 2689 1035 2746 extendere,
1052 2696 1079 2734 ut
1095 2688 1159 2750 apud
1174 2689 1258 2751 virgtt
1279 2692 1318 2750 10,

258 2760 302 2799 eet.
316 2751 391 2799 Inus.
411 2752 467 2799 MS.
476 2752 555 2799 ruric.
563 2753 772 2812 moxtmpuneert.
804 2752 1005 2812 iddflrmomoue
1014 2752 1222 2813 wonderesoettr.
1250 2754 1320 2802 Forte

220 2863 223 2868 ,
259 2814 330 2861 Eure.
363 2814 573 2877 ReceperuutBip.
804 2813 1231 2875 etiamfuitetururirvelperururue
1239 2824 1328 2867 errem.

292 2876 396 2939 Liberti]
413 2878 451 2925 Sic
462 2878 549 2939 vulgati
560 2892 646 2925 omues.
679 2877 715 2925 At
731 2893 774 2925 uos
804 2878 865 2932 dere,
881 2886 908 2924 ut
919 2891 976 2925 mox
991 2876 1163 2925 confsiuduntnr
1177 2881 1203 2926 iu
1221 2881 1282 2934 nicer
1296 2889 1320 2929 et

260 2940 421 3002 castigavimus
437 2942 548 2988 libertini.
579 2941 669 2989 Ultima
685 2942 774 3003 syllaba
800 2944 926 3001 pervices.
948 2940 1013 2988 Nam
1023 2941 1124 3001 profecto
1134 2941 1264 2991 foenueuou
1274 2960 1318 2993 eu·

261 3006 366 3065 absorpta
377 3013 410 3051 est
418 3021 433 3052 a
444 3012 553 3067 sequente
563 3007 639 3052 verbo.
667 3005 731 3051 Nem
744 3005 774 3051 de
804 3013 871 3066 getur
880 3004 904 3049 in
915 3019 1005 3063 usuros,
1017 3002 1227 3053 sedumrisfoenus.
1245 3006 1330 3060 Eum:

260 3066 340 3115 ordine
350 3066 471 3115 hominum
482 3068 593 3131 loquitur,
603 3068 645 3132 qui
659 3076 693 3115 est
706 3068 775 3116 liber·
836 3069 937 3128 Ideoque
945 3067 1150 3131 mugirrerootor]
1168 3067 1234 3126 Quid
1243 3085 1319 3119 savu-

260 3131 368 3187 tinorum,
386 3146 432 3179 uon
450 3132 592 3179 libertorum.
618 3131 689 3180 Cicer.
705 3132 773 3179 Verr.
805 3134 863 3178 tur?
882 3132 1009 3177 immouou
1020 3138 1121 3179 servetm
1132 3132 1216 3192 foeuus,
1231 3147 1273 3181 uec
1285 3144 1328 3184 est.

263 3189 339 3255 l,'47.
363 3194 445 3243 deinde
461 3210 517 3242 mox
532 3194 614 3242 diserte
629 3196 732 3241 libertini
747 3195 774 3241 iu
805 3196 923 3254 ejususus.
940 3194 1317 3258 Aliquidiuhuoscripturavitiir

259 3258 368 3306 omnibus
377 3259 456 3307 libris:
468 3258 567 3322 denique
577 3272 624 3305 uon
632 3258 662 3305 ed
672 3258 774 3320 singulus
805 3272 835 3305 eu
845 3261 973 3319 spernitur,
979 3259 1016 3307 vel
1022 3260 1167 3321 spemrorr
1180 3276 1207 3307 uc
1214 3260 1260 3308 tale
1267 3276 1321 3312 seu·

260 3322 350 3382 domos,
362 3323 402 3371 sed
412 3322 442 3369 ad
456 3322 558 3370 civitates
569 3321 705 3369 referuntur.
736 3322 775 3371 si·
805 3322 877 3372 tentis
886 3322 950 3385 petit
974 3324 1026 3369 Aut
1034 3336 1078 3384 pro
1087 3336 1156 3369 seusu
1171 3323 1321 3386 cupiendum,

260 3386 346 3439 militer
357 3386 417 3433 infre
427 3400 446 3434 c.
456 3388 496 3442 44.
511 3385 618 3433 insimili
628 3393 773 3447 argumento,
806 3386 872 3447 quasi
894 3385 923 3433 de
941 3386 1061 3433 interdicto
1081 3386 1215 3448 preivisset.
1243 3387 1320 3437 hirs

261 3452 562 3505 libertinitanoulibertor.
592 3448 680 3497 Similis
696 3456 775 3497 estet-
806 3449 931 3497 Salmasius
940 3448 1242 3511 l.c.oorrigitooerruotor.
1265 3450 1322 3510 Quo

259 3513 379 3561 iamlocus
390 3513 452 3563 Livii
460 3515 484 3573 4,
492 3514 515 3561 3.
524 3520 547 3561 et
555 3514 652 3575 proinde
662 3514 705 3559 boe
713 3515 775 3561 volet
805 3512 875 3560 modo
888 3514 992 3561 eversari¹
1001 3519 1105 3575 possint,
1117 3512 1180 3575 quod
1194 3513 1331 3576 ignoranti.

260 3584 413 3639 -tomquom
423 3592 517 3625 seruum
532 3584 574 3625 o'ut
585 3579 719 3627 libertinum
729 3578 782 3623 atra
806 3590 852 3625 nou
864 3577 946 3639 magis,
957 3592 1029 3641 quam
1041 3584 1161 3639 oppetere.
1187 3577 1260 3625 Recte
1271 3578 1323 3627 He·

261 3646 313 3705 ouis
330 3644 455 3691 conulem
458 3642 516 3705 sore
532 3642 603 3688 dieat.
637 3640 701 3687 Nam
711 3640 775 3704 quod
806 3638 1030 3689 raldusiuSelmesii
1040 3639 1137 3687 Observ.
1148 3639 1225 3702 adjus
1233 3641 1287 3691 Att.
1298 3652 1332 3698 et.

262 3709 287 3755 iu
305 3706 385 3769 Agris.
404 3722 424 3753 c.
434 3706 473 3755 19.
490 3704 601 3767 Agricola
616 3703 700 3751 dicitur
714 3705 778 3751 editt
807 3703 878 3752 Rom.
891 3706 979 3767 pesa.
989 3703 1127 3762 monuit,ex
1137 3705 1323 3755 antecedentibus

257 3786 304 3833 per
314 3769 636 3830 libertoa'serooequepublicae
644 3770 679 3815 rei
687 3770 776 3829 egium
807 3783 855 3815 esee
863 3768 905 3815 tri
917 3773 983 3815 κοινοῦ
991 3765 1168 3829 intelligendum
1182 3767 1280 3833 uliquid,
1291 3770 1322 3818 ud

263 3848 338 3883 sermo
346 3840 382 3880 est
392 3832 421 3887 de
434 3832 520 3879 libertis
531 3842 554 3879 et
569 3831 640 3879 servis
650 3830 776 3894 Agricola,
808 3831 871 3897 quod
881 3832 1114 3891 rerooturreieratur,
1124 3846 1209 3894 nempe
1216 3841 1244 3880 ut
1251 3834 1323 3881 obsti-

262 3913 311 3947 uou
335 3897 364 3945 de
388 3895 467 3944 ordine
493 3894 615 3943 homiuum
635 3895 661 3941 iu
687 3910 777 3958 genere.
807 3896 992 3944 ueeutufoeuore
1003 3894 1281 3957 exercendo,ebstiueutie
1291 3899 1330 3951 ab¹

262 3963 335 4011 Eure.
374 3996 376 4001 ⁷
807 3959 893 4008 foenore
902 3959 1017 4022 &raudo
1034 3960 1107 4008 Eun.

295 4027 363 4073 Raro
376 4024 470 4085 aliquod
485 4029 628 4071 ammentum
641 4024 658 4069 i.
669 4022 704 4089 d]
721 4022 777 4070 MS.
840 4025 907 4084 Agri
917 4025 945 4070 ab
955 4024 1084 4087 universis]
1099 4021 1282 4083 Bumhetgfflnits
1294 4024 1331 4074 ab.

263 4089 356 4139 Arund.
381 4088 471 4149 aliquid
498 4088 614 4134 monenti.
647 4086 779 4149 Vulgatum
808 4088 923 4135 universis
939 4089 998 4133 victe
1014 4093 1172 4150 occupantur.-
1189 4084 1258 4145 longe
1267 4086 1322 4145 ulis,

201 4156 206 4163 '
264 4154 353 4201 melius.
373 4153 449 4215 Supra
459 4150 483 4198 iu
493 4150 589 4208 ilistl,
601 4152 640 4199 59.
652 4149 778 4197 habuimus
808 4165 851 4198 uec
860 4149 970 4199 deteriore
978 4152 1097 4200 sententia.
1107 4149 1186 4195 1111³s⁷
1206 4147 1323 4211 Setispls.

260 4210 354 4278 grande
364 4222 514 4273 nrornentrrm,
526 4214 664 4263 dehomine.
682 4214 752 4261 Eure.
809 4223 845 4262 cet
855 4230 902 4275 per
918 4218 986 4263 nicer.
1019 4215 1096 4262 Cesar
1112 4212 1142 4259 Β.
1160 4211 1221 4258 Gall.
1241 4212 1265 4269 (i,
1282 4214 1321 4259 22.

297 4284 405 4342 Inpares
415 4278 519 4327 libertini
529 4280 642 4326 libertatis
653 4293 778 4339 argenteo·
808 4280 973 4340 Agricultura
989 4294 1036 4328 nore
1049 4277 1152 4327 sordeo.
1161 4290 1244 4342 ‚aeque
1258 4276 1333 4337 quim
