3059 4975
218 246 279 305 an
605 233 911 301 neronianum
1117 243 1290 317 [casn.

214 404 323 476 anna
335 352 509 471 hamane
522 402 653 491 legionis
665 402 918 490 cohortiumque,
937 425 1012 491 que
1032 426 1065 471 a
1085 406 1215 473 Nanioe
1231 408 1288 475 aa

214 492 369 571 diderant,
388 489 477 589 pullo
493 490 610 558 amictu
628 488 744 577 palatio
762 489 956 577 degreditur,
977 504 1088 556 moesta
1104 492 1223 559 circum
1240 495 1287 559 fa·

213 578 307 643 milia.
363 576 463 641 s1mul
488 564 647 641 ferebatur
671 575 813 641 lecticula
840 576 991 727 parvidus
1017 576 1111 657 fitius,
1135 579 1224 645 uelut
1251 580 1287 645 in

212 664 379 729 funebrem
396 684 471 748 pom
494 685 554 727 am.
599 664 698 728 Voces
715 661 827 749 populi
868 661 971 728 landoe
990 675 1023 728 et
1039 663 1284 752 intempestivae:

213 749 302 815 miles
316 747 429 813 minaci
446 748 469 813 s'
501 747 575 812 ntio.

155 851 157 856 ’
255 834 431 901 LXVIII.
465 834 535 899 Nec
554 833 721 920 quisquam
739 832 819 899 adeo
837 856 943 899 rerum
962 834 1171 903 humanarum
1185 838 1284 903 inme·

211 944 291 999 mor,
302 942 397 1007 quem
407 942 471 983 non
481 931 687 985 commoveret
701 919 756 985 illa
766 919 877 987 facies:
897 922 1081 987 Romarmm
1092 924 1282 1011 Principem,

210 1020 243 1073 et
296 1006 377 1071 neris
390 1004 521 1071 humani
534 1005 641 1093 paullo
655 1017 728 1069 ante
741 1005 914 1086 dominum,
934 1006 1042 1073 relicta
1061 1008 1196 1073 fortunae
1217 1034 1284 1075 suae

211 1028 295 1172 seriei
315 1114 372 1179 per
383 1092 549 1179 populum,
569 1114 625 1177 per
639 1090 760 1168 urbem,
776 1091 862 1157 exire
876 1092 916 1156 de
931 1093 1080 1179 Imperio.
1116 1095 1206 1159 Nihil
1221 1096 1283 1161 tale

210 1178 363 1257 viderant,
378 1178 456 1243 nihil
470 1176 650 1241 audierant:
672 1175 836 1263 repentina
855 1176 902 1241 vis
916 1178 1112 1242 Dictaturam
1128 1181 1284 1247 Caesarem

209 1275 424 1351 oppresserat:
456 1261 585 1325 occultae
611 1260 727 1327 Caium
750 1261 889 1326 insidiae:
921 1284 985 1326 uox
1009 1274 1041 1327 et
1062 1264 1206 1350 ignotum
1230 1290 1285 1333 rus

209 1350 320 1448 fugam
343 1346 479 1412 Neronis
504 1346 744 1412 absconderant:
781 1347 857 1411 Piso
881 1360 913 1413 et
936 1348 1041 1413 Galba
1066 1362 1225 1437 tamquam
1250 1354 1284 1416 in

209 1458 274 1501 acle
295 1432 452 1499 cecidere:
477 1432 511 1496 in
531 1455 588 1497 sua
608 1433 754 1497 concione
773 1432 931 1514 Vitellius,
957 1433 1037 1499 inter
1062 1458 1135 1499 suos
1157 1435 1282 1518 milites,

208 1518 479 1607 prospectantibus
503 1517 597 1583 etiam
622 1518 755 1597 feminis,
781 1543 883 1607 pauca
906 1535 939 1587 et
960 1522 1106 1607 praesenti
1129 1523 1284 1587 moestitioe

210 1603 416 1693 congruentia
428 1602 569 1670 locutus:
593 1611 616 1643 ‘⁶
625 1604 734 1670 cedere
749 1629 782 1670 se
795 1606 880 1692 pacis
894 1619 926 1671 et
941 1606 1138 1693 Reipublicae
1156 1632 1282 1674 caussa:

209 1691 378 1755 retinerent.
391 1702 514 1755 tantum
534 1690 715 1755 memoriam
735 1691 794 1769 sui,
814 1692 1005 1777 fratremque
1024 1706 1058 1756 et
1073 1692 1237 1791 conjugem
1252 1707 1284 1759 et

210 1774 369 1841 innoxiam
383 1775 553 1840 liberorum
568 1787 691 1841 aetatem
705 1776 965 1843 miserarentur:''
985 1777 1078 1841 simul
1094 1777 1194 1842 iillum
1213 1802 1285 1865 pro-

208 1862 349 1940 tendens,
365 1861 459 1926 modo
471 1861 611 1948 singulis,
623 1862 717 1927 modo
726 1861 878 1927 universis
887 1862 1118 1942 commendans,
1214 1888 1284 1929 emo

129 1964 155 2029 ,“
207 1948 285 2012 fletu
300 1946 521 2035 praepediente,
540 1948 701 2012 adsistenti
724 1947 854 2012 Consuli
873 1948 1035 2035 (Caecilius
1051 1949 1138 2036 Simp
1150 1974 1189 2013 ex
1203 1959 1283 2027 erat)

209 2032 387 2099 exsolutum
403 2056 423 2097 a
434 2032 529 2097 latere
543 2034 725 2120 pugionem,
740 2032 827 2097 velut
836 2034 893 2122 jus
907 2034 990 2099 necis
1004 2035 1142 2122 vitaeque
1156 2034 1282 2115 civium,

207 2119 367 2184 reddebat.
412 2118 635 2205 Adspernante
651 2119 799 2197 Consule,
815 2119 1067 2200 reclamantibus,
1085 2121 1141 2206 qui
1160 2121 1193 2184 in
1213 2144 1284 2185 oon-

207 2204 294 2269 cione
318 2203 511 2283 adstiterunt,
538 2218 575 2268 ut
599 2205 633 2268 in
661 2204 728 2269 aede
757 2205 941 2270 Concordiae
964 2206 1125 2293 positurus
1151 2206 1285 2292 insignia

206 2290 346 2379 Imperii,
372 2289 564 2376 domumque
589 2290 694 2356 fratris
716 2290 885 2377 petiturus,
908 2291 1056 2357 discessit.
1111 2292 1219 2379 Major
1232 2293 1283 2356 hic

206 2374 323 2441 clamor
337 2376 556 2441 obsistentium
568 2376 740 2441 Penatibus
756 2377 896 2465 privatis,
913 2384 935 2415 “
944 2378 978 2442 in
990 2377 1160 2464 palatium”
1173 2400 1284 2441 vocan-

207 2462 299 2529 tium.
343 2462 552 2528 Interclnsum
578 2462 664 2528 aliud
687 2463 758 2543 iter,
789 2463 885 2550 idque
911 2463 1021 2541 solum,
1052 2464 1139 2552 quod
1167 2464 1201 2527 in
1230 2466 1285 2529 Sa-

209 2570 293 2698 cpplm
315 2548 399 2612 viam
412 2563 566 2636 pergeret,
582 2550 727 2638 patebat:
752 2561 821 2613 tum
834 2549 952 2613 consilii
966 2549 1067 2636 inops,
1082 2550 1114 2613 in
1131 2549 1284 2636 palatium

208 2657 226 2698 r
265 2647 310 2698 nt.

252 2721 390 2784 LXIX.
420 2721 619 2785 Praevenerat
642 2743 761 2799 rumor,
786 2719 934 2807 “ejurari
953 2720 993 2783 ab
1014 2743 1051 2783 eo
1073 2720 1244 2807 Imperium
1255 2721 1283 2784 :”

207 2806 432 2893 scripseratque
446 2805 575 2872 Flavius
591 2807 725 2874 Sabinus
744 2805 921 2871 cohortium
936 2806 1099 2885 Tribunis,
1121 2814 1142 2844 “
1154 2821 1190 2870 nt
1204 2805 1285 2870 mili-

206 2901 271 2956 tem
299 2893 464 2957 cohiberen
488 2894 507 2923 '’
562 2893 677 2980 Igitur,
713 2907 875 2979 tamquam
904 2891 1004 2956 omnis
1032 2891 1224 2979 Respublica
1251 2891 1284 2956 in

206 2977 391 3065 Vespasiani
419 2976 522 3044 sinum
550 2978 699 3060 cessisset,
736 2978 888 3065 primores
919 2981 1052 3042 Senatus
1080 2990 1112 3042 et
1140 2977 1283 3065 plerique

238 3188 336 3234 Palatio
352 3187 489 3248 degreditur
524 3185 563 3234 sic
578 3186 638 3232 bene
654 3184 727 3234 edidit
791 3187 952 3233 Interclurum
975 3188 1042 3234 allud
1066 3189 1126 3252 iter]
1154 3186 1193 3236 Sic
1216 3187 1280 3236 Flor.

220 3249 314 3312 eBud.)
327 3250 463 3298 Rhenanus.
501 3283 507 3296 .
517 3249 547 3297 ad
554 3249 588 3296 A.
602 3251 626 3309 l,
634 3251 674 3298 49.
686 3249 726 3308 13,
760 3250 841 3300 Guelf.
850 3250 903 3298 edd.
912 3260 966 3300 ante
973 3251 1053 3299 Rhen.
1062 3252 1104 3314 qui
1114 3268 1127 3298 e
1136 3251 1201 3300 Bud.
1211 3250 1283 3298 edidit

223 3316 247 3362 4.
266 3323 307 3362 etr.
341 3315 375 3362 Et
390 3313 422 3362 sic
437 3313 492 3362 h.1.
513 3323 546 3362 est
564 3321 587 3361 et
604 3313 629 3361 in
645 3313 725 3362 Guelf.
760 3317 872 3363 alteram.
906 3315 982 3363 Vetus
991 3317 1050 3364 bene
1061 3315 1160 3364 restituit
1171 3315 1282 3362 Pichene.

207 3381 340 3444 Superiores
348 3379 399 3428 edd.
408 3393 489 3427 omnes
499 3380 644 3441 digreditur.
670 3379 727 3426 Post
761 3381 847 3428 Sensus
858 3389 908 3428 est:
926 3395 1007 3427 omnes
1018 3380 1062 3427 viee
1072 3389 1137 3427 erant
1146 3379 1297 3436 interclusa·

110 3487 112 3494 .
206 3461 249 3510 pro
259 3447 357 3510 familia
371 3445 408 3494 ed.
424 3459 459 3508 pr.
471 3444 559 3504 viuere,
578 3459 590 3492 e
606 3443 726 3492 contracti·
761 3461 815 3508 quae
836 3444 891 3503 alio,
915 3459 987 3508 quam
1003 3444 1028 3491 in
1044 3443 1168 3508 palatium,
1191 3443 1284 3489 ferrent.

206 3511 343 3574 oneffama.
365 3509 728 3571 Ceterumhicfinisestplccar
762 3509 835 3557 Ean.
865 3510 896 3556 In
913 3508 976 3556 Bud.
999 3524 1093 3572 quoque
1110 3510 1133 3554 2.
1152 3522 1186 3554 m.
1207 3507 1282 3554 aliud.

206 3575 349 3638 transposita
364 3575 390 3622 in
405 3581 459 3622 vett.
477 3573 541 3622 libris
557 3581 580 3620 et
597 3572 634 3620 erl.
651 3588 687 3634 pr.
702 3587 726 3619 v.
762 3573 824 3621 Mox
835 3573 898 3620 idem
904 3574 1064 3635 prohiberent.
1295 3594 1297 3599 ·

207 3638 320 3688 adcon
351 3639 413 3698 Quae
423 3633 729 3701 hicsequuntnrusquead
797 3638 866 3694 Quod
889 3639 916 3684 ia
941 3651 1000 3684 sacr.
1022 3635 1223 3704 niampergcrct]
1251 3638 1284 3684 In

208 3705 278 3752 verba
294 3705 320 3750 in
337 3705 474 3766 capitellum
489 3703 585 3761 accivit,
601 3701 635 3749 ibi
651 3717 671 3748 c.
688 3700 727 3746 65.
762 3717 831 3749 sacra
843 3704 883 3749 nia
894 3699 950 3748 MS.
964 3699 1052 3764 (Bud.)
1067 3701 1147 3749 Guelf.
1161 3701 1214 3749 edd.
1228 3700 1285 3748 Put.

209 3770 371 3831 sequebantur.
394 3767 468 3816 Eun.
763 3781 828 3830 seqq.
846 3780 926 3814 omnes
940 3772 994 3812 ante
1004 3765 1123 3828 Lipsinm,
1140 3767 1285 3830 quiscerem

242 3832 524 3897 ffimulfircbaturfflta]
539 3827 726 3879 MS-Guelfied.
763 3829 828 3878 bum
839 3829 925 3878 edidit:
939 3829 1000 3877 illud
1015 3830 1283 3895 etipsumIerriposset,
1385 3850 1387 3855 ’

207 3911 245 3960 pr.
268 3911 308 3942 rea
330 3896 404 3950 (Bud.
425 3905 486 3958 cco),
506 3897 572 3958 cujus
593 3893 729 3956 corruptela
761 3894 920 3958 praesertimsi
935 3895 961 3940 in
976 3897 1073 3962 abesset.
1108 3897 1224 3957 Pcrgcrct
1235 3897 1252 3940 ἱ.
1264 3910 1283 3939 a.

208 3976 288 4010 caussa
298 3960 323 4006 in
334 3961 516 4024 transpositione.
534 3959 590 4010 MS.
606 3959 671 4008 Bud.
687 3957 728 4006 de·
763 3962 828 4006 viam
839 3968 874 4006 est
889 3959 1061 4008 continuaretur
1074 3960 1112 4009 v'u:
1126 3975 1197 4018 secra,
1214 3958 1285 4005 exiret

207 4025 262 4074 iude
268 4041 369 4088 porcus.
390 4025 461 4073 Ean.
761 4024 786 4071 in
798 4023 860 4072 riam
871 4039 968 4072 samam
996 4023 1073 4074 Possis
1084 4024 1194 4084 conjicere
1202 4037 1285 4084 nerge-

239 4095 273 4140 Ia'
284 4093 334 4138 acic
344 4088 456 4151 cecidere]
470 4090 599 4139 Rhenanus
610 4104 656 4138 nou
667 4087 729 4136 male
763 4096 818 4136 ret:
836 4088 876 4137 sed
894 4089 919 4136 in
935 4097 1047 4151 pergeret
1060 4087 1204 4136 consentiunt
1221 4087 1284 4134 libri.

208 4157 335 4219 corrigebat
359 4156 489 4203 ceciderant
512 4171 525 4203 e
548 4155 648 4218 vestigiis
673 4153 728 4202 scri-
763 4153 826 4200 Mox
842 4155 963 4201 Tribunus
976 4154 1038 4202 male
1054 4153 1090 4200 ed.
1104 4167 1142 4216 pr.
1160 4161 1184 4199 et
1199 4150 1228 4199 J.
1245 4151 1284 4199 Fr.

206 4229 284 4285 pturae
305 4219 421 4268 Budensis
440 4221 578 4267 recidebant.
600 4219 673 4266 ¹Mon
689 4217 727 4268 ed.
763 4217 836 4266 Gran
848 4218 904 4268 vitio
915 4233 1048 4280 operarum.
1066 4217 1138 4265 Eun.

207 4301 243 4348 pr.
255 4287 332 4333 cedere
343 4301 366 4333 ac
375 4287 444 4348 pocta
458 4292 482 4333 at
493 4285 561 4346 nen.
577 4282 625 4330 sine
636 4297 726 4330 ccursa-
797 4285 920 4346 Cerrirrct]
929 4282 991 4346 Agr.
1000 4281 1051 4330 eod.
1061 4282 1106 4330 al.
1114 4296 1147 4328 m.
1158 4282 1284 4329 ceddimt.

207 4349 281 4398 Eun.
307 4351 338 4398 In
350 4351 413 4398 Bud.
425 4357 473 4398 erat
484 4349 605 4395 recidebat.
762 4347 825 4394 I'lor.
841 4349 975 4409 cccirricrct,
993 4346 1055 4396 unde
1072 4346 1149 4411 Rych.
1167 4347 1243 4396 forsan
1262 4361 1286 4393 rc
1308 4409 1311 4414 .

208 4415 351 4523 dC'oeciltuc
363 4413 483 4478 Simplex]
500 4411 607 4463 InBud.
620 4413 729 4475 Simplex
764 4413 871 4461 dedisset.
1349 4418 1350 4425 ¹

225 4485 280 4524 cest.
