3059 4975
209 240 267 299 aas
595 240 900 303 ursroumumr
1113 248 1283 327 [auara
1355 316 1360 323 ,

246 404 383 471 bonores.
423 403 526 465 Boreae
547 406 651 467 Sorani
666 406 819 476 Manibus,
839 406 874 465 P.
883 405 989 466 Celere
1001 406 1151 479 damnato,
1164 408 1279 470 satisfa-

248 494 340 543 ctum.
372 485 421 543 41.
431 484 492 543 Alii
501 504 620 567 quoque
629 485 776 547 delatores
785 482 930 563 castigati.
961 489 1010 545 42.
1024 486 1059 546 10
1070 486 1114 546 his
1126 489 1280 567 Aquilium

247 560 435 641 Regulum,a
449 560 590 624 Messalla
600 566 692 625 fratre
703 564 869 633 defensum,
881 565 1041 625 Montanus
1076 568 1199 626 ercellit.
1228 571 1280 627 43.

246 644 295 699 44.
309 642 394 700 Idem
408 641 438 699 in
452 641 632 703 Marcellum
645 654 741 703 tentat
755 643 923 713 Helvidius,
936 586 1139 705 intercedente
1151 650 1277 715 Caesare,

246 720 421 781 abolendam
448 720 580 799 priorum
603 720 771 801 temporum
797 722 978 793 memoriam,
1002 735 1078 784 rato.
1117 724 1223 803 Itaque
1248 724 1278 781 in

245 818 357 877 paucos
375 799 463 859 modo
478 800 620 862 saevitum.
659 805 708 861 45.
729 803 874 861 Senenses
888 802 926 861 ob
944 801 1091 880 pulsatum
1105 804 1277 862 Senatorem

246 878 349 955 puniti.
389 878 537 939 Antonius
552 880 683 941 Flamma
694 880 764 961 lege
777 880 1008 961 repetundarum
1026 880 1189 940 damnatus.
1228 886 1277 941 46.

244 955 379 1016 Militaris
389 956 496 1017 seditio
507 976 525 1017 a
535 958 679 1019 Muciano
688 976 833 1037 repressa.
871 963 920 1023 47.
934 959 1077 1039 Abrogati
1089 961 1276 1030 Consulatus,

246 1053 319 1113 quos
328 1034 463 1095 Vitellius
474 1036 606 1097 dederat.
626 1038 725 1096 Funus
733 1036 906 1097 Censorium
915 1038 1016 1097 Flavio
1028 1040 1136 1099 Sabino
1146 1039 1277 1099 ductum.

245 1117 381 1175 48-50.
403 1114 439 1173 L.
452 1114 578 1184 Pisonis,
598 1115 710 1175 Africae
731 1114 931 1186 Proconsulis,
954 1116 1063 1178 caedes.
1104 1118 1187 1177 Serri
1214 1119 1277 1195 ejus

245 1192 398 1271 egregium
416 1192 615 1253 mendacium.
655 1193 811 1253 OEeusium
824 1192 1110 1274 Leptitanorumque
1123 1196 1278 1256 discordias

245 1271 428 1350 compositae.
457 1270 527 1332 Fuci
541 1272 747 1333 Garamantes.
776 1274 827 1333 51.
841 1272 1016 1331 Parthorum
1030 1273 1141 1335 auxilia
1153 1296 1214 1334 uon
1227 1294 1276 1334 re·

246 1349 319 1429 cipit
332 1347 538 1429 Vespasianus.
576 1354 626 1413 52.
642 1350 733 1411 Hunc
746 1350 855 1412 iratum
868 1351 1040 1411 Domitiano
1054 1352 1140 1413 Titus
1152 1353 1278 1433 mitigat

177 1492 180 1499 ,
243 1432 293 1490 53.
308 1427 388 1487 Cura
399 1426 575 1489 restituendi
589 1428 720 1509 capitolii
734 1429 764 1489 in
778 1428 814 1492 L.
825 1428 979 1490 Vestinum
993 1430 1120 1492 conlata.

206 1507 208 1513 ’
282 1508 332 1566 54.
346 1504 461 1565 Audita
470 1526 549 1567 mors
558 1506 671 1568 Vitellii
682 1506 885 1587 duplicaverat
893 1508 1003 1569 bellum
1013 1528 1068 1589 per
1076 1509 1189 1571 Gallias
1198 1510 1277 1571 Ger·

204 1606 208 1613 ·
242 1582 421 1663 maniasque.
443 1584 1277 1668 Cumincendiocapitoliiflnislmperioadessecreditua.

242 1666 373 1725 55-58.
383 1664 546 1725 Interfecto
554 1664 740 1739 Hordeonio,
749 1666 994 1745 conspirantcum
1003 1666 1098 1729 Civile
1106 1678 1137 1727 et
1145 1668 1276 1728 Classico

242 1742 341 1804 Julius
349 1742 445 1802 Tutor
454 1754 485 1803 et
492 1742 589 1805 Julius
602 1744 745 1806 Sabinus:
760 1755 866 1805 numnt
875 1743 994 1825 reliquae
1004 1745 1116 1808 Galliae.
1136 1746 1278 1819 Romana

243 1839 363 1902 quoque
372 1821 505 1901 legiones
516 1834 678 1895 tentantur,
689 1822 799 1883 frustra
807 1823 955 1883 renitente
963 1825 1090 1896 Vocula,
1099 1845 1157 1905 quo
1167 1830 1217 1894 59.
1228 1831 1277 1888 60.

243 1920 331 1973 caeso,
341 1899 505 1981 vinctisque
515 1898 668 1963 Herennio
679 1912 709 1963 et
720 1900 855 1965 Numisio
863 1902 997 1983 Legatis,
1006 1903 1076 1964 istas
1086 1924 1139 1983 pro
1149 1905 1192 1966 lm
1214 1907 1275 1967 erio

205 1992 208 2003 ·
242 1979 406 2039 Galliarum
415 1993 601 2042 sacramento
608 1980 702 2061 adigit
713 1980 823 2051 Civilis,
834 1980 930 2041 Tutor
938 1982 1183 2064 Agrippinenses,
1193 1925 1275 2043 dlas-

244 2059 323 2120 s'icua
337 2060 472 2119 obsessos
486 2058 525 2121 ad
538 2060 659 2121 Vetera
688 2062 738 2122 61'.
752 2058 864 2133 Civilis,
877 2060 940 2120 voti
953 2080 1085 2141 compos,
1098 2063 1210 2123 crinem
1224 2063 1276 2123 de-

206 2134 208 2139 ’
242 2138 351 2217 posuit.
394 2136 472 2197 Tum
486 2143 622 2218 etmajor
636 2140 797 2201 auctoritas
811 2136 944 2203 Veledae.
986 2143 1034 2202 62.
1048 2142 1212 2221 Captarum
1228 2143 1274 2223 'le-

242 2216 511 2296 gionum'moestum
522 2218 796 2299 sileusque'agmen.
814 2218 871 2278 Ala
878 2218 1032 2279 Picentina
1040 2239 1144 2279 necem
1153 2219 1274 2281 Voculae

241 2295 383 2357 vindicat.
407 2300 537 2362 63-65.
550 2297 675 2359 Colonia
684 2296 918 2386 Agrippinensis,
933 2296 1163 2359 Transrhenanis
1177 2300 1273 2379 genti-

203 2398 205 2427 =
242 2376 298 2435 bus
311 2375 419 2449 invisa,
429 2375 459 2435 in
472 2384 618 2438 summurn
632 2376 790 2453 discrimen
803 2376 945 2448 adducta,
960 2396 1029 2439 cum
1039 2376 1133 2439 Civile
1146 2378 1272 2437 societa-

243 2466 304 2514 tem
326 2452 391 2527 init,
406 2449 528 2516 Veledae
547 2456 666 2518 Nume'n
688 2456 902 2549 donisplacat.
943 2459 992 2520 66.
1008 2456 1110 2518 Civilis
1129 2456 1273 2530 Betasios,

244 2533 389 2612 Tungros,
405 2531 530 2596 Nervios
545 2536 579 2597 -in
598 2533 688 2610 fidem
708 2536 828 2616 accipit.
865 2537 915 2600 67.
935 2535 1003 2595 Fusi
1017 2534 1168 2615 Lingones
1186 2537 1272 2596 060-

243 2611 365 2690 quanis5
389 2611 418 2672 J.
430 2613 555 2676 Sabinus
568 2615 664 2676 victus
677 2615 759 2675 latet.
788 2619 836 2676 68.
849 2614 1008 2686 Mucianus
1022 2633 1091 2674 cum
1101 2614 1272 2674 Domitiano

242 2691 281 2750 ad
294 2687 405 2750 bellum
419 2693 594 2772 accingitur.
634 2697 683 2756 69.
703 2693 791 2754 Remi
804 2692 917 2754 Gallias
936 2693 967 2752 in
981 2691 1041 2754 fide
1055 2690 1190 2752 Romana
1202 2713 1274 2754 con·

242 2781 370 2842 servant,
385 2773 520 2866 exceptis
533 2769 670 2834 Trereris
682 2785 772 2852 atque
787 2767 978 2851 Lingonibus.
1017 2775 1067 2837 70.
1089 2770 1151 2832 Sed
1166 2791 1224 2832 nec
1236 2773 1272 2832 iis

242 2869 299 2910 nec
312 2849 435 2932 reliquis
447 2852 624 2924 civitatibus,
637 2871 695 2912 nec
708 2851 779 2932 ipsis
789 2851 929 2913 Ducibus
942 2851 1013 2912 satis
1023 2850 1138 2912 consilii
1151 2870 1188 2910 ac
1201 2871 1272 2911 con-

198 2937 217 2958 *
242 2925 360 2988 cordiae.
401 2929 496 2990 Tutor
510 2930 548 2992 ud
561 2933 617 2994 Βῐο
640 2931 700 2990 ium
713 2931 819 2992 victus.
858 2935 905 2998 71.
925 2930 1049 2990 Petilius
1064 2929 1187 2990 Cerialis
1205 2931 1271 2990 Ma·

241 3009 412 3090 gontiacum
430 3011 520 3082 veuit,
540 3031 607 3090 spes
619 2953 821 3070 {omanorum
840 3009 936 3086 erigit,
951 3009 1139 3068 Valentinum
1152 3008 1272 3069 Ducem

241 3101 350 3167 magna
362 3099 460 3168 strage
474 3087 625 3166 adfectum
640 3089 729 3166 capit.
758 3090 808 3156 72.
827 3087 973 3169 Treveros
985 3088 1085 3148 intrat.
1114 3087 1271 3159 Militibus,

241 3166 365 3226 exitium
385 3167 465 3225 urbis
478 3166 680 3244 poscentibus,
694 3165 814 3229 resistit.
854 3167 957 3230 Victas
976 3166 1109 3247 legiones
1129 3167 1160 3226 in
1175 3179 1272 3228 castra

208 3255 212 3260 '
241 3243 356 3322 recipit·
397 3246 446 3307 73.
468 3238 515 3310 74.
535 3242 679 3309 Treveros
698 3257 730 3306 et
749 3245 900 3324 Lingonas
925 3245 1013 3306 officii
1036 3246 1184 3307 admonet.
1223 3249 1272 3308 75.

241 3325 340 3385 Civilis
363 3335 394 3382 et
408 3323 560 3384 Classicus
576 3323 614 3384 ad
629 3321 776 3398 Cerialem
796 3325 909 3386 litteras
929 3325 1060 3396 mittunt,
1075 3325 1114 3384 ad
1128 3343 1200 3402 quas
1219 3323 1271 3382 ille

240 3405 322 3467 nihil.
363 3403 531 3480 rottvila
551 3399 760 3474 cunctandum,
774 3402 869 3464 Tutor
883 3417 914 3464 et
927 3404 1075 3466 Classicus
1095 3403 1196 3461 statim
1214 3422 1271 3481 pu·

169 3525 173 3533 -
239 3486 400 3562 gnandum,
411 3494 553 3545 statuunt.
576 3485 623 3550 77.
637 3481 686 3546 78.
700 3483 799 3543 Atrox
813 3483 958 3563 proelium,
970 3503 1029 3562 quo
1041 3479 1172 3551 Cerialis,
1186 3479 1270 3538 initio

239 3563 345 3635 victus,
360 3583 430 3622 mox
442 3564 538 3622 victor
549 3574 646 3622 castra
658 3560 787 3621 hostiurn
798 3562 955 3622 exscindit.
974 3562 1023 3625 79.
1038 3559 1270 3643 Agrippinenses

238 3641 422 3718 aGsrmanis
437 3641 616 3704 desciscunt.
656 3644 704 3700 80.
720 3639 880 3701 Mucianus
891 3639 1002 3700 Vitellii
1015 3632 1108 3697 filium
1121 3637 1270 3698 interficit.

239 3721 385 3780 Antonius
399 3721 524 3792 Primus,
538 3721 577 3780 ad
592 3719 805 3808 Vespasianum
824 3719 1058 3798 profectusum
1078 3736 1200 3799 prospe
1214 3737 1269 3776 ex-

238 3800 356 3877 cipitur.
396 3803 444 3861 81.
464 3799 570 3860 Multis
587 3798 736 3861 miraculis
757 3799 886 3858 coelestis
907 3797 938 3855 in
952 3794 1166 3876 Vespasianum
1185 3795 1269 3855 favor

238 3889 382 3944 ostensus,
416 3879 484 3958 Ipse
498 3879 652 3940 oculorum
666 3877 736 3938 tabe
748 3891 862 3947 notum,
876 3876 966 3936 alium
979 3897 1069 3937 manu
1082 3897 1107 3935 ae
1144 3895 1204 3944 um,
1219 3895 1266 3932 sa-

236 3957 322 4016 nitati
344 3959 480 4023 restituit.
522 3963 570 4020 82.
591 3959 790 4020 Confirmatur
806 3955 910 4036 omine
924 3956 954 4015 in
974 3953 1086 4036 templo
1131 3952 1267 4042 erapidis‚

237 4040 321 4118 cujus
341 4041 390 4098 83.
405 4041 452 4098 84.
467 4037 550 4116 origo
566 4035 746 4117 Sinopensis
766 4037 910 4115 templum
925 4035 1118 4096 Alexandria
1135 4030 1268 4110 magnifi-

237 4135 314 4188 cum,
329 4136 447 4176 nomen.
488 4120 535 4178 85.
556 4117 729 4179 Valentinus
747 4117 893 4196 supplicio
907 4114 1053 4176 adfectus.
1092 4111 1266 4203 860110101-

234 4195 341 4264 tionus,
355 4197 464 4256 frustra
477 4206 592 4255 tentato
606 4195 731 4264 Ceriale,
746 4216 784 4254 an
797 4195 852 4254 sibi
866 4193 1031 4254 exercitum
1051 4193 1265 4281 imperiumque

235 4275 394 4335 traditurus
414 4275 502 4343 foret,
523 4273 685 4344 litterarum
705 4274 836 4351 studium
856 4284 888 4333 et
900 4278 1031 4351 amorem
1044 4290 1206 4332 carminum
1226 4288 1265 4325 sr-

208 4347 210 4354 ⁴
234 4353 334 4420 mulat.
376 4353 471 4414 Gesta
483 4353 546 4411 haec
560 4353 668 4430 partim
681 4352 789 4412 eodem
802 4345 890 4435 anno,
903 4352 1009 4438 partim
1113 4348 1116 4354 ’

365 4452 436 4497 rur.
452 4439 659 4505 vrsansmuo
675 4453 821 4516 rancun,
837 4453 915 4516 arro
932 4454 995 4499 rm.
1012 4454 1095 4498 coss.
1159 4507 1161 4511 ¹
1273 4481 1276 4486 .
