3059 4975
273 295 345 346 aa
361 284 426 360 aa]
661 283 738 343 ua.
755 282 795 343 11.
816 282 901 345 cnr.
923 287 970 345 cr.
1289 286 1340 342 151

268 446 370 535 plebis
391 468 560 527 rumorem,
577 448 610 511 in
633 446 754 511 theatro
772 460 809 511 ut
832 458 996 534 spectator,
1018 446 1051 509 in
1068 445 1149 511 circo
1165 456 1202 511 ut
1223 430 1339 524 fautor,

268 533 454 598 adfectavit:
478 556 561 621 quae,
577 546 667 620 grata
681 555 754 597 sane
769 544 800 597 et
814 532 989 631 popularia,
1006 530 1031 597 si
1052 555 1072 596 a
1086 532 1253 597 virtutibus
1265 552 1340 627 pro-

268 618 490 699 ficiscerentur,
512 618 661 683 memoria
674 618 748 684 vitae
769 623 889 705 priorrs,
909 618 1054 683 indecora
1072 630 1104 682 et
1118 616 1193 683 vilia
1212 615 1340 767 accipie-

266 704 391 770 bantur.
436 705 617 771 Ventitabat
629 704 663 769 in
680 708 848 780 Senatum3
873 703 966 769 etiam
985 727 1058 769 curn
1095 700 1176 769 arvis
1190 702 1230 767 de
1245 726 1278 767 re
1301 725 1339 766 us

266 788 377 855 Patres
397 790 643 856 consulerentur.
686 794 738 855 Ac
758 791 840 863 forte
860 790 987 854 Priscus
1009 727 1189 867 Heliiidius,
1213 791 1337 854 Praetor

265 873 330 939 desi
375 889 454 955 etue,
470 889 577 941 contra
591 876 731 941 studium
743 876 812 963 ejus
825 890 993 941 censuerat
1039 878 1221 940 Commotus
1234 872 1337 962 primo

265 960 337 1024 Vite
359 962 420 1040 ius,
435 984 499 1025 non
513 976 617 1026 tamen
632 962 725 1039 ultra,
740 984 837 1049 quam
861 969 883 1001 ‘⁴
900 962 1060 1026 Tribunos
1080 961 1180 1049 plebis
1198 961 1232 1024 in
1246 958 1335 1023 auxi-

262 1044 341 1111 lium
356 1060 468 1137 spretae
482 1048 665 1133 potestatis”
678 1048 850 1113 advocavit.
880 1048 974 1125 Mox,
990 1046 1203 1133 mitigantibus
1217 1043 1333 1125 amicis,

262 1130 318 1229 qui
343 1131 482 1197 altiorem
504 1132 697 1198 iracundiam
721 1134 791 1220 ejus
815 1133 1022 1212 verebantur,.
1041 1138 1061 1171 “
1084 1131 1160 1195 nihil
1189 1132 1263 1196 novi
1283 1152 1335 1195 ac·

263 1216 402 1298 cidisse,”
418 1218 588 1305 respondit,
613 1226 635 1257 “
650 1219 737 1306 quod
758 1218 824 1283 duo
845 1220 1007 1283 Senatores
1028 1216 1060 1281 in
1077 1216 1254 1333 Republica
1272 1214 1334 1280 dis·

261 1302 426 1369 sentirent:
450 1304 576 1369 solitum
594 1329 627 1369 se
641 1305 734 1370 etiam
749 1305 901 1369 Thraseae
915 1303 1134 1369 contradicere.
1198 1302 1332 1368 Inrisere

259 1388 401 1476 plerique
418 1390 635 1477 inpudentiam
653 1390 877 1455 aemulationis:
906 1390 974 1455 aliis
995 1389 1029 1455 id
1050 1390 1154 1476 ipsum
1175 1388 1329 1475 placebat,

260 1474 347 1560 quod
361 1476 516 1539 neminem
530 1498 570 1540 ex
583 1476 841 1565 praepotentibus,
856 1474 911 1541 sed
922 1476 1105 1555 Thraseam,
1118 1474 1159 1541 nd
1173 1472 1331 1563 exemplar

259 1581 343 1623 verae
379 1559 463 1626 loriae
477 1560 609 1648 legisset

310 1646 345 1711 X
377 1647 426 1711 ΙΙ.
455 1649 675 1734 Praeposuerat
696 1645 897 1713 Proetonanis
919 1649 956 1711 P.
982 1646 1144 1726 Sabinum,
1172 1642 1331 1712 aPraefe-

259 1848 378 1895 mantiles
389 1848 540 1897 ‘adversariis
558 1857 582 1898 et
599 1854 689 1913 majone
707 1858 780 1912 parte
804 1852 906 1915 juvence
916 1856 1007 1898 nostres
1021 1850 1157 1898 exhortatur
1172 1864 1204 1909 cr,
1216 1850 1330 1897 Senatum

260 1913 369 1972 Senem,
379 1914 514 1961 meminisse
521 1929 576 1961 eum
584 1916 663 1961 debere
666 1915 747 1975 ptiar,
755 1930 780 1961 re
811 1916 975 1973 circumirent,
988 1915 1088 1962 Senatui
1103 1915 1276 1976 supplicarentr
1294 1918 1330 1959 at-

261 1977 387 2024 CeneaIem
398 1979 488 2039 Populi
503 1980 575 2026 Rom.
589 1993 661 2039 qaam
670 1980 780 2041 fratrem
812 1993 856 2039 que
867 1980 901 2025 ita
913 1993 928 2024 a
939 1978 1054 2039 Principe
1062 1985 1183 2039 sperarent
1193 1978 1298 2033 bonores,
1307 1975 1330 2022 ri

260 2042 294 2087 P.
304 2042 469 2088 Claudiiencee
480 2044 538 2103 quin
546 2044 587 2090 iile
594 2044 673 2090 redens
678 2059 726 2104 pro
734 2046 780 2090 tri-
811 2057 826 2089 a
837 2044 927 2089 Senatu
932 2044 1053 2103 petierent.
1072 2042 1124 2099 Quo
1133 2042 1226 2104 quidem
1236 2044 1262 2088 in
1271 2042 1327 2101 nco,

258 2105 338 2152 tanati
349 2111 391 2152 ant
400 2107 519 2153 arbitrum
528 2114 571 2155 ant
581 2109 680 2155 tacitum
690 2114 780 2169 epecta-
810 2108 832 2153 ei
848 2108 930 2167 quidun
943 2120 1000 2167 epae
1014 2108 1127 2169 exemplo,
1137 2106 1251 2170 adjecisti,
1267 2112 1295 2154 ut
1305 2113 1329 2155 te

258 2171 529 2232 toremcomitiornmae
539 2174 662 2233 maderet,
677 2174 779 2219 coerceri
811 2172 972 2218 imitarentur.
983 2184 1033 2233 cap.
1045 2170 1085 2226 71.
1121 2172 1173 2228 Quo
1186 2172 1329 2231 gaudiacu-

258 2240 336 2281 tamcn
354 2235 382 2280 ab
399 2237 473 2295 effuso
491 2238 569 2284 stadio
587 2238 686 2299 nequiit.
719 2236 777 2285 Val.
809 2242 954 2298 septennem,
965 2250 1019 2281 cam
1030 2235 1170 2294 candidatis,
1180 2242 1207 2282 ut
1217 2248 1328 2297 quemque

257 2297 382 2346 Maximus
393 2301 418 2361 5,
430 2301 454 2348 2.
484 2302 779 2349 Metellaencndubitanit
809 2302 982 2357 aminneam,
1007 2302 1084 2346 cincla
1108 2301 1261 2347 occurrerer?
1288 2292 1329 2347 de‘-

259 2364 348 2411 Canai
358 2378 405 2425 pra
418 2366 448 2422 Q.
463 2366 556 2414 Calidio
567 2368 687 2413 Pnoetarae
697 2367 779 2413 candi-
794 2394 797 2403 ·
810 2380 882 2413 necne
893 2366 987 2427 quidem
998 2366 1025 2411 in
1036 2366 1145 2427 planam,
1156 2371 1179 2413 et
1190 2366 1257 2426 qnasi
1266 2380 1327 2413 unua

256 2428 561 2493 datacnppiicarepopu1a
577 2432 639 2492 quad
656 2432 777 2479 Tribunus
808 2443 838 2477 cn
851 2430 1037 2492 gratulantibus.
1069 2428 1104 2477 Et
1121 2444 1192 2477 mox:
1218 2431 1328 2492 Canetigit

252 2493 289 2554 pi.
306 2494 390 2554 legem,
407 2510 452 2556 qua
464 2502 536 2557 pater
549 2497 643 2558 eJ'anin
657 2498 777 2544 civitam
807 2495 944 2557 crgoocuiie
954 2495 1143 2543 nastrieinrolita
1152 2494 1239 2556 socier,
1250 2497 1327 2544 Prin-

256 2559 429 2619 remuneretur,
437 2561 531 2608 tulerat.
543 2560 776 2623 CiceroproPlaucio
806 2573 858 2622 cepe
881 2566 904 2608 et
924 2559 1070 2620 canditatus,
1092 2561 1190 2620 oequaIer
1213 2566 1236 2608 et
1253 2559 1327 2608 rinnai

256 2623 310 2670 cd.
336 2625 570 2686 Siquatiencunequc
580 2627 777 2687 proeuritueerit
805 2631 909 2672 atanteer
927 2625 1060 2684 intuerique
1066 2639 1151 2686 parem
1159 2625 1326 2688 accipientibus

256 2687 480 2748 nqatnenaetntc
487 2691 698 2753 praeuriQtotin
706 2705 775 2753 opor-
806 2689 924 2750 donarem,
941 2690 982 2750 qui
998 2690 1075 2736 dabat.
1110 2687 1233 2753 Denique:
1262 2691 1325 2739 Cum

257 2752 313 2799 tebit
327 2767 390 2812 cnm,
403 2756 445 2814 qai
453 2755 538 2816 factae
548 2757 603 2815 erit,
615 2755 774 2813 condemnari,
806 2755 908 2802 arationi
919 2755 1004 2812 neubi,
1017 2768 1103 2811 vocem,
1114 2769 1214 2802 manum
1222 2767 1324 2803 comme·

254 2817 318 2862 nitet
325 2819 429 2880 Μαι,
439 2820 500 2878 qaod
509 2821 598 2881 popula
607 2821 773 2880 applicem,-
805 2817 888 2866 darer:
907 2819 1119 2866 atriatinneedem
1127 2819 1173 2864 ieta
1181 2819 1323 2879 mandaerct,

254 2881 319 2926 ninii
325 2882 386 2941 quad
394 2883 507 2942 diribitio,
518 2885 581 2930 ninii
588 2885 649 2944 quad
655 2886 774 2945 suffraga-
805 2897 883 2929 amma
894 2883 1010 2930 connitaris
1021 2896 1130 2929 nnnwran
1141 2885 1234 2930 otilaes
1251 2889 1324 2945 atquc

255 2945 289 2992 tio
299 2947 494 3007 magistratuum,
505 2948 651 2996 renuntiatio
658 2949 774 3010 nqffragi-
798 2949 884 3006 ,etiam
892 2961 946 2994 cum
954 2949 1230 3008 suffragatoreanomina,
1238 2948 1324 2996 bmaare

256 3012 326 3055 oraim
336 3017 488 3072 exspectetar.
520 3011 630 3060 Sicenim
640 3012 773 3075 lcgmdum.
805 3026 851 3072 quo
861 3013 943 3070 colem,
954 3013 1102 3074 ecctperent:
1120 3017 1147 3058 tn
1159 3026 1248 3074 qnoque
1258 3014 1323 3062 inter

254 3071 289 3120 Iit
299 3072 324 3119 in
335 3073 415 3122 eadem
425 3089 446 3122 c
461 3076 499 3124 10.
509 3078 619 3138 preciim
629 3078 723 3139 aliquid
736 3085 773 3126 at·
803 3078 943 3138 accipientes
954 3090 1013 3135 eras,
1023 3082 1046 3123 et
1056 3090 1085 3123 en
1096 3089 1135 3122 ore
1144 3077 1270 3138 Principis
1281 3077 1322 3124 iile

253 3138 353 3186 tulimus
369 3140 441 3186 diam
455 3154 505 3199 nce,
520 3142 636 3203 appellavi
647 3144 771 3203 papiniani,
803 3142 941 3189 Senatorius
957 3155 1064 3198 serenans
1086 3140 1232 3188 audiebatur.
1266 3139 1321 3190 Hoc

252 3202 693 3266 tribubuaaubminimeetaapplicavi;
709 3207 773 3254 uitro
802 3213 845 3266 est,
853 3207 955 3253 civiliter
963 3220 1017 3252 cam
1026 3205 1157 3252 candidatis
1164 3205 1258 3252 comitia
1266 3207 1323 3254 ceie-

253 3266 582 3317 mclterculcuemiicietiam
594 3272 722 3331 efferentes,
734 3273 771 3317 ai-
802 3271 878 3318 branc.
911 3269 944 3317 Et
955 3269 988 3318 sic
998 3270 1097 3332 gratim
1108 3270 1225 3332 quaerebat
1237 3269 1261 3318 in
1276 3269 1321 3318 Se·

252 3332 529 3394 tropoliicentcerogavi.
554 3335 649 3383 Sueten.
658 3334 772 3397 nupta.
802 3342 867 3382 natu.
899 3333 971 3392 Quod
981 3334 1092 3398 sequitur,
1102 3333 1279 3382 delinimentum
1290 3333 1321 3384 ad

253 3397 350 3453 Quoties
357 3397 555 3458 Magistratnnm
562 3400 664 3446 comitiis
672 3401 771 3446 interes.
802 3397 894 3460 plebem
908 3405 951 3456 est,
969 3406 993 3446 et
1006 3414 1020 3446 a
1035 3397 1172 3461 precedenti
1182 3397 1258 3446 differt
1272 3406 1320 3446 toto

251 3467 294 3521 set,
306 3462 382 3509 tribua
393 3477 447 3508 cum
457 3463 589 3512 candidatis
602 3466 652 3512 ruis
667 3465 771 3510 cirmnn.
801 3477 892 3525 genere.
909 3462 1000 3510 Guou.

250 3525 308 3586 ibat,
314 3527 503 3589 supplicabatque
509 3543 573 3576 marc
580 3529 674 3576 roknni.
699 3529 770 3576 Pror·
837 3529 947 3575 Tiraeeoe
963 3527 1066 3575 contrad.
1110 3523 1149 3574 Oi.
1166 3525 1205 3585 lii,
1221 3527 1261 3574 21.
1276 3527 1318 3575 ubi

250 3605 290 3638 aua
305 3589 338 3640 aic
351 3598 432 3654 ponec
442 3591 553 3641 civiliores
564 3592 701 3656 Principum
714 3609 770 3655 age-
799 3592 867 3654 plura
879 3591 908 3639 de
920 3591 1030 3639 Thrasea.
1094 3605 1125 3638 ox
1136 3591 1252 3640 Fenettus
1266 3607 1319 3642 ma·

249 3653 373 3702 bantinter
383 3655 471 3704 Patres.
488 3657 581 3705 Plinius
591 3673 629 3720 cp.
639 3659 696 3706 320.
714 3660 769 3713 Earn
801 3656 864 3705 lebat
874 3657 1059 3718 inprudentiam.

249 3733 389 3768 oeneeremus
399 3736 455 3771 rane
464 3723 597 3786 manifestis
607 3723 657 3770 iilic
667 3724 769 3784 apertin-
834 3721 902 3777 Quod
913 3722 1066 3768 neminemne
1072 3719 1267 3785 praepotentibus]
1279 3721 1318 3770 Sic

248 3797 292 3844 qne
298 3785 423 3846 suffragiis
431 3787 550 3834 licentiam
557 3789 709 3835 concionnmr
721 3801 769 3838 nen
800 3785 884 3834 eFlor.
897 3785 963 3834 Pieh.
973 3787 1085 3847 proquad
1099 3799 1153 3832 nan.
1190 3784 1317 3834 Neminem
1379 3821 1381 3827 .

248 3854 340 3910 tempus
357 3849 472 3909 loquendi,
487 3866 533 3898 non
544 3853 636 3899 tacnrdi
646 3853 767 3912 modetia,
799 3849 869 3898 etiam
885 3849 921 3898 cd.
936 3866 972 3912 pr.
988 3850 1044 3898 MS.
1056 3849 1134 3898 Guelf.
1145 3849 1170 3898 in
1186 3864 1261 3914 marg.
1277 3851 1318 3900 aad

247 3913 401 3973 nondeniqne
410 3911 617 3977 sedendidignitae
625 3917 767 3964 macenia-
798 3914 895 3979 autiqua
911 3929 991 3975 manu,
1008 3929 1071 3962 craso
1089 3915 1125 3974 τῷ
1137 3928 1185 3962 nan
1200 3915 1226 3966 in
1243 3924 1318 3966 textu.

247 3982 296 4024 tur.
323 3978 417 4039 Magni
427 3979 765 4042 undiqucdieroniqneeiamo-
797 3978 871 4027 Eas.
903 3978 966 4026 Bud.
978 3993 1031 4026 non.

247 4055 302 4089 near
317 4043 490 4104 procurrebant
500 4058 641 4093 evanescam
652 4047 765 4092 ennean·
831 4047 862 4090 P.
870 4045 992 4102 Sabinum,
1000 4059 1029 4090 ac
1036 4043 1193 4106 Proeficturoe
1200 4045 1314 4108 cohortis]

247 4105 352 4154 didatiar
364 4108 440 4154 malta
505 4109 548 4155 ina
557 4111 583 4157 in
591 4111 675 4169 medio,
684 4111 764 4158 multi·
798 4108 864 4156 Bene
878 4107 1006 4168 Mercerus,
1020 4111 1052 4156 P.
1069 4111 1181 4158 Sabinum
1195 4124 1210 4155 a
1225 4110 1319 4173 Praejie·

247 4184 291 4230 que
299 4171 383 4218 circuli
395 4123 656 4236 ettnffii'iraconsnn.
680 4173 765 4222 Exhis
798 4173 991 4232 emmechonis,
1008 4175 1157 4222 etJulinmr
1174 4171 1199 4219 id
1214 4180 1256 4232 est,
1274 4170 1316 4236 qui

247 4233 377 4282 immodicis
387 4237 469 4284 surdiie
478 4237 569 4286 hombli
578 4237 688 4300 prudenti
697 4237 765 4287 facilc
797 4236 921 4286 dumtaxat
938 4237 1025 4286 cohorti
1046 4237 1178 4301 prefuerat,
1200 4244 1223 4283 et
1241 4235 1316 4294 docet,

247 4297 765 4416 &dimittimini
796 4297 1318 4427 itiittsiidiiiitdtttti

246 4426 339 4476 Plinius
355 4397 443 4492 Paneg.
454 4431 495 4479 69.
530 4433 586 4480 Nec
601 4433 652 4484 ideo
668 4434 765 4492 segniae
794 4441 862 4495 ptum
878 4447 893 4479 a
910 4431 1018 4479 Piclr'eui.
1052 4429 1099 4477 Sed
1115 4397 1264 4476 Florentium
1279 4427 1314 4477 nil
