3059 4975
263 254 303 312 co
531 290 543 298 .
647 246 950 309 uisionmnun
1160 247 1331 326 [nnsis.

262 412 442 493 Veturium,
462 414 492 479 Ο
516 400 632 477 tionem
652 411 834 492 eomndem,
857 412 1035 500 perductos,
1057 422 1224 511 postquam
1244 413 1330 478 vario

262 522 402 565 sermone
425 434 552 563 callidos
578 498 774 584 audacesque
801 498 957 585 cognovit,
986 510 1087 587 pretio
1113 512 1144 561 ct
1171 499 1330 585 promissis

261 597 380 663 onerat,
395 584 469 649 dats
481 584 614 671 pecunie
626 585 668 648 ed
688 584 909 671 pertentandos
928 583 1068 671 plurium
1082 583 1210 649 animos.
1255 586 1330 649 Sus·

260 693 369 756 cepere
378 669 444 734 duo
454 669 661 757 manipulares
672 670 847 757 Imperium
859 671 940 768 Pop.
952 671 1047 735 Rom.
1059 669 1307 745 transferendum
1317 692 1327 743 ;

260 771 293 821 et
306 754 541 821 transtulerunt.
573 758 614 821 In
627 756 845 821 conscientiam
858 754 1001 821 faernoris
1014 754 1106 843 pauci
1119 753 1246 819 adsciti:
1263 777 1330 820 sus-

259 864 371 927 pensos
383 853 557 907 ceterorum
569 841 690 907 animm
702 842 831 907 diversis
845 842 965 907 artibus
978 840 1154 907 stimulent:
1177 840 1330 927 primores

258 926 405 1007 militum,
418 950 476 1014 per
489 927 638 992 beneficis
650 926 840 1026 Nymphidii
854 942 892 993 ut
905 950 958 993 sus
1017 940 1080 993 tos:
1104 925 1219 1012 vulgus
1232 938 1265 991 et
1277 950 1328 991 ce

259 1024 349 1091 teros,
368 1013 417 1077 ire
436 1026 469 1078 et
486 1013 700 1101 desperatione
717 1013 806 1078 dilati
820 1012 933 1079 totiens
972 1012 1104 1079 onefivi:
1127 1024 1226 1091 mant,
1248 1034 1328 1099 quos

258 1098 406 1163 memoria
416 1097 551 1165 Neronis
563 1122 601 1164 cc
612 1098 800 1163 desiderium
814 1098 925 1186 prioris
939 1097 1071 1165 licentiae
1085 1097 1278 1163 accenderet:
1293 1097 1327 1170 in

256 1206 422 1249 commune
435 1206 542 1249 omnes
555 1198 642 1250 metu
655 1184 816 1249 mutcndae
830 1183 949 1249 militiae
962 1186 1169 1250 terrebantur.

299 1270 435 1335 XXVI.
458 1270 573 1335 Infecit
590 1293 629 1335 ee
647 1270 734 1336 tabes
756 1269 916 1357 legionum
939 1293 1066 1359 quoque
1085 1282 1117 1333 et
1137 1267 1325 1333 auxiliorum

256 1368 356 1419 motas
366 1355 433 1441 jam
447 1370 576 1435 mentes,
590 1369 757 1444 postquem
768 1354 933 1443 vulgatum
944 1368 1021 1436 erat,
1031 1355 1135 1422 labare
1147 1354 1326 1419 Germanici

255 1440 525 1506 exercitusfidem:
538 1442 579 1506 ad
638 1465 679 1507 ue
687 1452 798 1530 perata
806 1442 892 1529 apud
901 1443 997 1507 melos
1008 1441 1128 1521 seditio,
1138 1440 1230 1505 etiam
1238 1440 1325 1527 apud

254 1524 392 1612 integros
406 1526 609 1595 dissimulatio
638 1528 695 1608 uit,
711 1540 749 1593 ut
764 1540 889 1615 postero
904 1529 1024 1595 Iduum
1043 1527 1095 1593 die
1107 1526 1289 1593 redeuntem
1304 1548 1323 1589 a

290 1767 414 1829 Optimum
420 1764 556 1827 mmndtm]
568 1766 699 1814 Constituto
706 1765 774 1814 lectio
806 1768 946 1828 conjecturs.
980 1766 1028 1816 Hic
1039 1772 1131 1815 tmtcre
1140 1764 1275 1829 dmmidter
1284 1764 1325 1814 de-

255 1831 345 1893 pridem
363 1833 393 1879 ab
409 1830 496 1878 eximio
513 1830 618 1891 Cujccio,
636 1832 688 1879 loco
701 1846 774 1894 quem
806 1831 926 1893 dictatur,
943 1846 986 1895 pro
1003 1846 1052 1895 quo
1065 1838 1203 1893 pedester-c
1218 1846 1259 1893 ep.
1274 1830 1322 1879 Te·

252 1896 303 1956 jam
312 1896 377 1951 dixit
391 1895 437 1942 nisi
448 1894 521 1959 quod,
534 1897 669 1955 eorundem,
684 1894 773 1958 scripm',
805 1896 915 1955 mcum,
923 1896 1066 1956 Ciceronem,
1076 1894 1180 1953 Itirium,
1189 1894 1276 1943 etalios
1287 1894 1324 1941 di-

254 1960 644 2020 comcodemffidevetioanilibri.
660 1960 776 2023 Optiones
806 1960 873 2009 citur.
889 1960 962 2009 Eur.

255 2024 366 2072 Βοωαηα
378 2024 463 2071 militie
478 2033 544 2071 retus
560 2024 628 2083 dixit,
646 2025 687 2088 qui
703 2040 718 2071 s
733 2024 770 2071 di.
838 2027 890 2073 Per
901 2027 1007 2087 beneflcio
1016 2022 1176 2086 Nymphidii]
1192 2023 1223 2073 Id
1230 2031 1272 2084 cst,
1281 2024 1324 2087 qui

254 2088 436 2149 gnioribnscum
446 2088 520 2151 gradu
533 2088 647 2135 militibus
660 2088 771 2151 sdoptsti,
805 2089 904 2150 promoti
926 2096 1000 2137 essent
1018 2104 1060 2151 per
1077 2088 1262 2150 Nymphidium,
1284 2104 1322 2136 cos
1358 2139 1362 2147 ¹

256 2152 329 2200 vicem
344 2168 424 2200 corum
435 2153 550 2200 subibant
582 2152 698 2199 Posterior
707 2161 772 2210 etas,
804 2152 899 2199 incitare
914 2161 937 2199 et
946 2152 1043 2212 irritare,
1055 2160 1082 2199 ut
1093 2152 1176 2200 Galbae
1190 2160 1321 2215 suspectcs3

254 2217 299 2264 nisi
316 2217 394 2275 fallor,
407 2216 497 2265 diverso
578 2230 619 2262 um
636 2230 713 2276 sensu,
730 2216 773 2279 qui
804 2216 1041 2279 quisNymphidium
1052 2215 1322 2280 invisumipsesustule-

255 2282 320 2329 velut
336 2280 442 2329 custodes
462 2231 568 2342 quitffm,
586 2279 676 2339 arbitri,
696 2289 720 2327 et
734 2280 772 2327 in·
803 2289 847 2328 ret.
880 2280 1012 2328 Commune
1029 2289 1117 2339 sutem,
1135 2290 1163 2328 ut
1183 2280 1322 2329 beneficiarii

254 2354 373 2407 spectores.
391 2343 531 2391 Plutarchus
540 2343 713 2402 bchmipac
720 2359 771 2392 ver.
803 2344 941 2393 benefactori
952 2360 993 2393 suc
1004 2344 1149 2393 adhereant:
1169 2345 1322 2408 etqueitede

254 2409 297 2456 rit:
321 2418 345 2457 et
361 2409 387 2456 in
402 2407 483 2470 legum
501 2406 566 2455 libris
582 2407 657 2471 Optio
668 2408 770 2468 fabrice,
803 2410 895 2471 SeJano,
905 2410 1017 2458 Praeiecto
1026 2411 1083 2457 item
1093 2410 1206 2468 pistorii,
1215 2426 1285 2473 supra
1295 2412 1321 2469 4,

253 2473 325 2522 simili
342 2489 424 2521 sensu:
443 2472 469 2520 in
482 2472 616 2528 Ambrosio,
632 2471 706 2537 Optio
720 2489 771 2522 cer.
803 2476 827 2521 2.
848 2476 929 2523 Simul
939 2474 1091 2523 Centuriones
1102 2489 1130 2521 cc
1144 2476 1261 2522 Tribunos
1271 2477 1320 2538 ipse

252 2539 310 2586 ceris
319 2538 364 2586 scri
379 2545 447 2585 time
458 2537 566 2585 videntur
576 2539 601 2584 in
612 2552 705 2601 queque
715 2553 770 2586 ccn-
803 2541 920 2602 deligere.-
933 2547 964 2597 et,
973 2540 1036 2604 quod
1044 2539 1157 2604 sequitur,
1169 2539 1273 2588 beneficii
1283 2541 1320 2588 sui

252 2604 315 2650 turis
325 2603 352 2649 bi
392 2602 398 2612 '
455 2617 485 2649 ex
500 2601 578 2665 lepide
589 2601 631 2665 qui
646 2602 670 2648 in
682 2602 770 2652 Piceno
801 2603 882 2653 facem.
900 2604 976 2653 Iuro.

254 2669 305 2731 (up.
313 2668 414 2730 Grntp
426 2665 497 2726 551.)
509 2679 533 2714 c.
542 2667 688 2714 nucrnrus'.
706 2681 732 2715 c.
742 2681 769 2716 r.
833 2672 866 2718 In
877 2671 996 2717 communi
1007 2683 1086 2716 omnes
1095 2667 1172 2731 mnu]
1189 2667 1320 2718 Rhenanus

253 2745 320 2781 ver..
331 2743 454 2779 vrum.
466 2743 529 2779 111..
545 2744 611 2779 con.
624 2745 663 2779 vr.
678 2743 767 2781 eur.
802 2734 843 2798 (ex
854 2732 957 2794 ingenio)
970 2733 1067 2781 conexit
1078 2735 1135 2781 bene
1143 2735 1169 2780 in
1181 2747 1318 2782 commune.-

253 2811 313 2844 vrx.
327 2809 396 2844 suu.
412 2808 481 2843 xxx.
496 2808 664 2843 minervis.
676 2809 773 2849 sunus.
804 2806 832 2846 ut
840 2797 921 2862 paullo
931 2807 984 2862 post
994 2799 1148 2846 accmdendos
1160 2801 1319 2846 incommune

257 2875 313 2910 xri.
327 2873 520 2909 enrucrmrs.
535 2873 772 2913 suuerrcmuos.
803 2870 879 2911 ratur.
913 2861 979 2910 Libri
995 2877 1039 2911 scr.
1052 2871 1075 2910 et
1086 2862 1138 2910 edd.
1151 2865 1177 2908 tn
1190 2865 1317 2922 couniunt,

254 2938 687 2974 ruinnur.ns1unn.or110.1u.
699 2940 770 2976 cnu-
802 2928 871 2975 mele.
892 2927 1203 2974 Terrebanturomneslibri.
1216 2926 1322 2974 Pichens

253 3005 352 3054 uultu.
366 2990 423 3040 olibi
435 2999 561 3054 utrumque
573 2990 683 3051 junctum
696 2991 770 3056 leges,
802 2992 866 3040 velut
878 3007 891 3038 e
904 2991 954 3040 cod.
966 2991 1004 3039 Fi.
1014 2990 1077 3039 dedit
1087 2989 1248 3052 eastern-quod
1264 3005 1318 3053 pro·

251 3064 275 3104 st
287 3055 444 3105 umatum
454 3064 478 3103 et
488 3055 632 3119 Optionemr
649 3055 712 3103 utin
727 3057 769 3105 illo
800 3064 913 3118 pcgatum
924 3070 997 3118 usque
1008 3054 1173 3117 sdllyclrium.
1189 3055 1261 3102 Eun.
1279 3056 1317 3104 Ibi

250 3134 374 3179 marmore,
396 3132 512 3169 neuim.
534 3133 600 3168 coir.
622 3130 766 3171 urcem.
800 3119 849 3168 scii
861 3119 980 3168 recentiori
990 3133 1063 3167 manu
1073 3119 1098 3166 id
1109 3119 1295 3182 superscriptum.

252 3197 437 3234 rzsssnsmo.
450 3197 583 3233 oerrom.
599 3183 650 3248 (Cf.
662 3192 686 3232 et
695 3185 766 3234 θινὶ.
832 3186 934 3233 Postero
944 3185 1036 3233 Iduum
1047 3183 1095 3246 dtr]
1113 3183 1233 3248 Hispanus
1248 3183 1315 3243 liber,

292 3252 350 3311 tes,
365 3247 417 3310 10.)
435 3248 502 3297 Male
518 3257 597 3297 soteri
613 3247 724 3298 haetenus
741 3250 767 3298 in
800 3250 902 3297 dierum.
920 3249 973 3312 Ego
979 3248 1242 3312 utrumqu'esddititium
1249 3256 1315 3309 puto,

250 3265 335 3363 incito
354 3313 402 3370 hie,
424 3314 548 3373 oum,
568 3313 664 3373 lectum,
686 3323 766 3364 conns
798 3323 822 3362 et
833 3319 928 3378 postero
937 3315 1037 3374 Iduum,
1049 3313 1129 3360 scribo.
1147 3313 1223 3362 hirs.
1256 3313 1316 3360 Dic-

250 3379 355 3427 meliorct
368 3378 448 3439 libros,
458 3377 562 3442 itemque
572 3376 663 3439 Cujaeii
678 3379 767 3428 monite
799 3375 1127 3438 rumMs.r10r.(etuud.)
1142 3377 1178 3424 At
1189 3376 1268 3425 Guelf.
1281 3377 1316 3438 (et

250 3452 274 3490 et
285 3443 391 3492 Tumebi
400 3443 465 3492 Λᾶν.
476 3444 501 3501 l,
512 3443 536 3498 7.
547 3443 621 3492 Iam.
642 3445 767 3506 Optimam
798 3442 872 3507 Agr.)
884 3442 936 3492 edd.
948 3443 993 3490 dic.
1005 3441 1108 3489 Pithone
1122 3441 1258 3502 conjiciebat
1267 3444 1315 3490 Jc.

250 3507 327 3558 MSS.
333 3508 399 3556 rur.
407 3507 471 3556 Bud.
480 3506 519 3555 ed.
527 3524 563 3572 pr.
579 3507 705 3556 Arcucis.
712 3508 765 3557 edd.
798 3523 870 3556 noar.
884 3507 952 3572 (quia
967 3521 1024 3556 mox
1039 3505 1139 3554 occurrit
1151 3505 1244 3554 XVIII
1256 3505 1312 3553 Knl.

251 3572 344 3621 Puteol.
350 3588 400 3636 sqq.
406 3572 632 3636 usquecdlipsium
641 3573 765 3622 Othonem
798 3571 882 3632 Febr.)
895 3586 949 3618 uem
961 3571 1046 3619 mensis
1062 3584 1146 3618 nomen
1158 3569 1314 3630 adjiciendum

250 3637 327 3685 Iidem
336 3637 485 3684 libricodem.
517 3637 574 3684 Post
583 3637 711 3699 perductos
720 3637 764 3685 int.
797 3637 881 3687 fuisses
899 3635 962 3698 quod
978 3643 1038 3684 recte
1054 3643 1123 3696 negat
1133 3633 1159 3682 J.
1173 3633 1314 3692 Gronovius,

250 3701 281 3749 sd
296 3717 329 3761 se,
340 3701 481 3761 (Othonem)
492 3709 572 3765 estque
583 3701 610 3747 iu
625 3709 714 3763 partem
724 3701 765 3748 de.
798 3717 843 3751 non
855 3705 933 3748 temen
944 3715 972 3748 ec
982 3714 1070 3759 caussa,
1080 3713 1153 3762 quam
1164 3698 1238 3762 ponit,
1251 3699 1314 3761 quod

250 3766 356 3814 teriorcm
372 3765 470 3824 dictum,
490 3765 554 3830 turpi
572 3765 602 3813 de
619 3779 715 3823 caussa,
738 3774 766 3812 ut
798 3765 876 3816 stetim
887 3763 972 3812 mensis
982 3779 1010 3812 ec
1020 3763 1129 3826 temporis
1139 3762 1227 3810 notatio
1237 3763 1314 3826 sequi.

249 3830 343 3878 funins
362 3845 379 3878 t
398 3829 519 3878 lenonibus
539 3829 635 3894 pudici
650 3829 766 3878 dicimtur.
798 3839 851 3880 tur:
869 3828 909 3878 sed
919 3828 983 3892 quod
994 3827 1182 3892 precessitelsss
1217 3826 1264 3876 Sed
1274 3841 1315 3875 re-

249 3897 323 3945 Enit-
354 3893 418 3942 Bud.
434 3897 581 3942 Vestorium.
798 3909 856 3955 reor,
873 3906 906 3951 ne
917 3891 963 3940 stis
976 3893 1015 3942 hic
1026 3891 1155 3956 corniptelo
1166 3899 1243 3940 restet.
1274 3891 1316 3939 Ac

281 3958 462 4024 Mantpuum]
479 3959 766 4023 SunthiquosVegetius
798 3960 897 4008 fonnem
915 3957 1010 4021 quidem
1031 3957 1141 4020 loquendi
1157 3956 1247 4005 ierem:
1271 3955 1313 4004 etsi

250 4026 276 4083 2,
292 4025 316 4080 7.
329 4025 474 4085 principiale
491 4026 579 4071 militer
593 4025 631 4071 rel
643 4025 766 4086 principer
798 4024 854 4072 alies
866 4020 1083 4086 nonrcperi,ditn,
1094 4021 1136 4084 qui
1144 4020 1245 4069 Kalend.
1262 4021 1315 4068 No-

249 4089 359 4151 sdpellnt,
367 4103 467 4150 quorum
475 4087 582 4150 frequens
590 4088 653 4151 apud
660 4097 765 4136 nostrum
798 4103 849 4148 nes,
867 4096 908 4135 sut
921 4087 979 4135 Idus
996 4086 1108 4150 sequitur,
1125 4084 1157 4134 sic
1169 4099 1314 4148 expressum.

249 4154 343 4201 mentio.
360 4151 392 4199 V.
399 4152 432 4200 A.
446 4153 564 4211 1‚20,2l.
576 4153 615 4211 12,
622 4153 664 4199 38.
672 4155 711 4212 15,
720 4155 759 4200 12
798 4153 895 4201 Dictum
914 4150 945 4198 sit
955 4151 1037 4199 Graecc
1053 4165 1128 4208 more,
1142 4151 1222 4210 ὑστέρα
1237 4147 1313 4204 'uim

281 4215 509 4279 aspernatrices]
520 4217 661 4266 Iudicii.
671 4217 766 4280 Lipsius
799 4217 922 4264 Καλανδῶν.
945 4231 965 4263 c.
987 4216 1027 4270 57.
1048 4213 1152 4278 quidem,
1180 4212 1314 4260 memoratis

249 4283 343 4345 corrigit
356 4287 510 4344 praestare,
525 4281 564 4328 hic
575 4282 689 4328 intactum
705 4297 765 4344 prae.
797 4281 877 4345 paullo
886 4288 941 4328 ante
952 4279 1008 4327 nat.
1019 4278 1148 4338 ianuariis,
1160 4277 1264 4341 sequitur
1275 4278 1314 4324 dic

249 4346 362 4396 termittit.
395 4345 441 4396 Sed
458 4345 492 4395 ibi
508 4360 563 4397 sene
578 4346 718 4408 probabilior
731 4355 766 4396 cst
794 4353 893 4409 postero.
921 4345 976 4402 Sed,
986 4345 1007 4393 si
1017 4359 1052 4394 res
1062 4343 1123 4392 bete
1133 4343 1211 4394 sttfim
1220 4344 1252 4394 cb
1262 4341 1315 4390 Idi-
