3059 4975
211 198 266 263 120
591 204 896 267 HISTORIARUM
1103 208 1276 283 [mmm.

203 366 347 455 ,Experti
357 369 490 435 invicem
504 392 623 450 sumus,
638 395 699 458 ego
710 395 748 437 ac
761 372 924 451 Fortunae
942 394 999 437 nec
1011 383 1135 459 tempus
1146 384 1275 459 eompu-
1354 379 1358 388 '

211 454 364 522 taveritis:
379 455 541 522 ,difficilius
558 472 606 525 est
623 472 794 544 temperare
808 455 961 534 felicitati,
983 480 1048 543 qua
1061 471 1093 523 te
1106 480 1168 521 nou
1183 472 1274 543 putas

211 538 267 604 diu
283 564 421 605 usurum.
460 541 559 610 Civile
572 542 688 607 bellum
703 567 723 606 a
739 540 863 609 Vitellio
877 542 981 628 coepit,
996 557 1037 620 et,
1051 558 1088 607 ut
1101 544 1141 609 de
1157 542 1275 609 Princi-

206 639 287 712 patu
302 641 489 692 certaremus
503 628 606 705 armis,
625 628 753 703 initium
762 626 831 700 ,illic
848 626 925 705 futu
948 650 988 691 ne
1001 628 1166 715 plusquam
1181 628 1274 695 semel

209 725 373 791 certemus,
387 734 482 799 peaes
496 712 808 798 meexemplumerit
819 718 835 789 ς’
851 712 922 777 hinc
939 712 1095 790 Othonem
1108 713 1271 800 posteritas

205 796 352 876 ,aestimet
388 796 416 861 F
417 811 525 861 ruetur
540 797 687 863 Vitellius
700 799 807 876 fratre,
818 799 964 897 conjuge,
980 798 1099 864 liberis:
1121 800 1197 863 mihi
1212 822 1274 863 non

206 880 340 959 ultione,
367 905 469 969 neque
494 882 610 947 solatiis
636 906 716 969 opus
743 897 798 962 est.
846 882 923 961 ,Alii
952 884 1072 949 diutius
1102 884 1274 971 Imperium

203 968 382 1035 tenuerint:
413 990 503 1031 neruo
532 983 597 1034 tam
623 969 744 1037 fortiter
772 966 940 1055 reliquerit.
991 973 1049 1043 An
1069 994 1128 1057 ego
1152 982 1274 1036 tantum

210 1051 363 1118 fflmanae
378 1054 482 1139 pubis,
503 1068 550 1118 tot
563 1054 704 1140 egregios
716 1054 879 1131 exercitus,
901 1056 994 1119 sterni
1014 1078 1132 1135 rursus,
1154 1072 1186 1123 et
1200 1055 1275 1121 Rei·

209 1137 341 1223 public'ae
355 1138 433 1225 eripi
446 1140 569 1226 patiar?
593 1138 660 1217 Eat
673 1140 722 1217 hic
737 1162 859 1215 mecum
873 1140 1005 1217 animus,
1022 1154 1181 1227 tamquam
1195 1142 1275 1227 pert-
1352 1169 1356 1174 ·

207 1222 272 1309 'turi
286 1246 345 1321 pro
358 1247 408 1287 me
422 1223 558 1299 fueritis:
582 1224 636 1288 sed
655 1225 929 1310 estesuperstites:
954 1248 1008 1291 nec
1029 1226 1084 1301 diu
1105 1248 1272 1305 moremur,

208 1331 267 1393 ego
288 1308 530 1376 incolumitatem
556 1324 698 1387 vestram,
722 1333 777 1373 vos
798 1310 998 1385 constantiam
1022 1334 1131 1377 meam.
1175 1312 1274 1377 Plura

207 1394 248 1457 de
262 1394 407 1462 extremis
420 1393 517 1480 loqui,
531 1418 603 1481 pars
616 1395 749 1481 ignavia
762 1410 826 1459 est:
849 1395 1041 1482 praecipuum
1062 1396 1274 1463 destinationis

205 1501 287 1561 ¹meur
301 1479 523 1547 documentum
542 1480 663 1559 habete,
684 1480 771 1567 quod
790 1482 830 1545 de
850 1482 970 1545 nemine
983 1506 1114 1567 queror:
1142 1504 1214 1549 narn
1229 1483 1275 1547 iu.-

208 1587 316 1628 cusare
332 1564 418 1629 Deos
433 1564 481 1629 vel
495 1566 646 1645 homines,
661 1567 729 1653 ejus
742 1582 799 1642 est,
816 1566 870 1653 qui
887 1568 988 1631 rivere
1003 1568 1105 1631 velit.''

201 1693 215 1733 ,⁴
253 1649 418 1716 XLVIII.
441 1650 535 1715 Talia
548 1650 681 1731 locutus,
696 1663 733 1715 ut
742 1652 856 1738 cuique
867 1672 943 1717 aetas
953 1667 1008 1717 aut
1019 1652 1164 1752 dignitas,
1180 1653 1274 1718 uomi-

208 1747 255 1799 ter
275 1734 456 1822 adpellatos‚
479 1743 501 1776 “
512 1736 592 1801 irent
613 1736 755 1824 propere,
776 1760 838 1801 neu
856 1737 1043 1802 remanendo
1057 1759 1136 1803 iram
1150 1737 1274 1803 vicanis

208 1822 421 1907 asperarent:”
453 1822 584 1907 juvenes
613 1822 806 1903 auctoritate,
835 1844 921 1887 senes
942 1824 1086 1909 precibus
1108 1824 1270 1889 movebat:

208 1905 348 1993 placidus
362 1929 426 1985 ore,
440 1905 613 1995 intrepidus
626 1907 739 1986 verbis,
749 1908 980 1993 intempestivas
991 1931 1117 1973 suorum
1130 1907 1270 1973 lacrimas

203 2014 355 2062 coercens.
402 2000 423 2031 “
438 1992 517 2062 Dari
535 2016 629 2059 naves
647 2016 682 2059 uc
696 1994 865 2061 vehicula''
888 1994 1074 2061 abeuntibus
1091 1994 1202 2087 jubet:
1231 1992 1268 2057 li·

207 2260 250 2295 noe
272 2259 305 2298 est
327 2264 381 2297 sanc
401 2250 567 2299 necessarium:
592 2252 729 2300 mbaudiuu
757 2250 1278 2310 (lacrimandum.)eruderaverunt.

208 2313 270 2360 enim
285 2315 353 2361 etiam
368 2314 430 2362 alibi.
447 2315 520 2376 (Vide
530 2315 650 2377 iudicem.)
672 2317 728 2375 Sed,
757 2318 898 2378 Reuqaertt,
910 2316 972 2381 quod
980 2316 1049 2379 deleri
1057 2316 1107 2363 rult
1118 2316 1193 2366 Rhen·
1206 2312 1275 2367 (duce

209 2378 265 2439 quia
281 2389 314 2425 est
329 2377 354 2424 in
371 2378 408 2425 Fl.
425 2378 485 2441 Reg.
503 2378 556 2427 edd.
576 2390 630 2427 ante
649 2382 727 2429 Rhen.
756 2381 831 2440 Bud.)
847 2396 927 2429 omnes
941 2396 983 2428 sor.
1000 2392 1023 2427 et
1037 2380 1088 2428 edd.
1105 2387 1214 2434 tuentius
1231 2390 1273 2425 nec

207 2442 315 2491 omnibus
337 2456 391 2491 curn
413 2442 515 2492 Pithena
535 2452 559 2491 et
579 2446 727 2509 sequentibus
756 2445 835 2496 abesse
852 2454 927 2510 potest
943 2446 1006 2494 salva
1022 2444 1139 2494 sententia
1155 2442 1275 2507 elegantia.

199 2507 302 2571 ,senari
319 2508 392 2557 uns.
413 2507 514 2556 Pithena
530 2517 607 2557 tamen
622 2510 727 2560 onrhsio-
756 2511 839 2560 Eum*
862 2511 918 2572 Ipse
936 2525 1028 2574 quoque
1044 2510 1120 2559 Rhen.
1138 2507 1234 2558 serravit
1250 2508 1274 2555 in

207 2582 260 2618 uem
272 2573 361 2634 prohat.
393 2583 397 2593 ·
712 2618 716 2624 ,
755 2583 828 2623 textu.

126 2675 130 2684 .
197 2661 204 2697 g
238 2637 341 2699 Experti
356 2639 458 2685 inzrlcem
472 2653 562 2697 sumtu,
579 2654 622 2700 ego
637 2645 661 2686 et
669 2639 726 2703 sor·
751 2684 754 2693 ,
791 2641 870 2688 Plura
881 2640 910 2686 de
918 2641 1029 2686 extremis
1043 2639 1118 2702 loqu}
1137 2637 1215 2696 Quem
1228 2651 1273 2684 non

206 2701 278 2762 tuno]
306 2700 434 2749 Fortunam
457 2702 523 2750 Otho
544 2714 653 2766 expertus
668 2714 725 2765 erat,
756 2704 851 2768 capiunt
867 2703 916 2751 hoec
931 2703 984 2760 alia,
1004 2719 1032 2751 ex
1049 2703 1132 2750 intimo
1145 2702 1274 2751 animorum

198 2758 727 2826 scumlmpenumtarnbreviduratummae
757 2777 781 2815 et
796 2767 920 2816 affectuum
943 2767 1053 2830 penetrali
1073 2766 1227 2830 deprompta?
1252 2772 1276 2816 et

197 2827 316 2890 ,cepisseta
334 2829 540 2891 Othouemautem
552 2831 663 2892 Fortuna,
671 2848 726 2881 cum
758 2842 813 2880 sunt
827 2831 918 2880 assidua
932 2831 955 2878 in
973 2831 1174 2894 nostroscriptore.
1197 2829 1274 2888 Quin-

201 2891 226 2955 is
240 2901 300 2944 tecte
315 2894 463 2958 modesteque
473 2895 613 2958 imperasset,
628 2897 725 2945 fortiter-
757 2897 865 2945 atilianus
872 2891 954 2954 simile,
964 2895 1068 2944 Declam.
1076 2895 1132 2942 344.
1149 2897 1208 2943 Jom
1214 2896 1274 2944 mlld

197 2957 384 3022 ,queabdicares
409 2959 516 3008 SIobene
531 2959 639 3008 Pichena.
666 2962 727 3009 Mox
756 2960 1276 3022 aorraamoroaripramilludsecretumquae·

205 3021 559 3085 „communetotum
574 3025 651 3072 Rhen.
679 3026 727 3073 uic
756 3039 817 3084 rere,
829 3031 850 3072 et
858 3029 944 3086 putdrr
952 3027 1068 3083 litterasue,
1078 3025 1216 3085 adipemur,
1228 3038 1274 3070 non

207 3089 231 3139 (e
244 3085 318 3145 Bud.)
333 3087 406 3136 edidit
417 3104 453 3145 ne,
482 3087 545 3136 Illud
555 3088 646 3147 melius,
657 3091 727 3138 bene·
757 3095 792 3136 ert
808 3091 911 3138 ardenda
928 3091 954 3134 tn
969 3094 1068 3137 mortem
1084 3089 1189 3150 imperas.
1200 3133 1203 3138 .
1215 3089 1275 3138 Non

207 3152 395 3218 querestitutum
407 3152 539 3200 aPichena.
566 3152 637 3199 Eure.
749 3155 819 3212 fiunt
840 3156 895 3211 ura,
918 3155 965 3202 aaa
986 3154 1070 3207 suffito,
1093 3167 1136 3198 aec
1151 3154 1274 3214 quitquam

238 3215 369 3278 Dtjfflcr’liw
384 3223 418 3263 est
434 3217 574 3280 temperare]
597 3216 682 3278 Acuta,
699 3225 727 3265 ut
757 3216 1275 3278 (presertimnullograulproecodcrrtecorre.

207 3278 273 3338 solet,
282 3279 725 3344 StatiuahocexpressitTheh2,446.
756 3286 798 3346 aa)
814 3283 924 3346 spiritum
940 3284 1029 3329 rotrone
1043 3282 1157 3342 deposuit.
1195 3280 1274 3330 usam

208 3344 268 3392 Non
277 3346 359 3406 parcit
365 3346 461 3406 popialia
472 3347 584 3408 Regnum
597 3347 670 3394 breve.
693 3348 727 3394 Et
757 3347 823 3408 Ajax
834 3346 896 3410 apud
907 3345 1043 3409 Sophoclem
1049 3345 1100 3406 jam
1111 3361 1135 3392 se
1144 3345 1275 3394 interfecto.

206 3416 241 3456 est
256 3407 386 3456 hamanum
399 3409 519 3473 ingenium
532 3410 618 3458 seilicet
631 3410 726 3458 aridum
756 3426 797 3458 rus
808 3427 828 3459 v.
840 3413 895 3460 852.

208 3480 413 3537 tuncetptaeceps·
438 3471 512 3523 Ltus.
535 3477 659 3525 Felicitati
673 3477 727 3523 abe·
788 3475 853 3522 ’Ata'
870 3475 925 3523 aridi»
939 3473 993 3542 lpum
1007 3476 1079 3520 ταῦτα
1093 3475 1215 3538 θρηνεῖσθαι
1229 3473 1275 3534 μᾶ-

206 3549 242 3584 rat
252 3553 267 3584 a
278 3537 332 3584 MS.
344 3538 407 3586 Bud.
418 3537 478 3586 Mox
486 3554 528 3604 pro
539 3541 588 3586 tute
598 3539 727 3587 Rhenanus
853 3555 900 3592 rra·

207 3604 247 3661 (9¹
261 3601 364 3664 hugutio>
383 3603 484 3654 malebat
501 3605 574 3650 tutae.
610 3604 684 3661 Bene,
706 3603 726 3652 si
788 3599 851 3652 Ἀλλ’
862 3602 948 3670 densior
960 3602 986 3648 rh
996 3603 1086 3666 πρᾶγμα
1100 3601 1136 3650 σὺν
1148 3602 1213 3666 τάχει
1224 3602 1275 3649 rol.

205 3665 260 3712 libri
268 3666 382 3726 juvarent.
413 3667 530 3718 Aletium
540 3681 596 3714 mox
606 3682 726 3728 perresme
785 3663 817 3718 Ὠ
832 3669 926 3725 malaura,
945 3667 1041 3725 ellan,
1064 3670 1095 3712 νῦν
1111 3667 1135 3726 μ’
1155 3667 1274 3724 ἂπίσκιψαι

205 3731 726 3858 uutttlmlutdttnh
757 3795 831 3842 nie
852 3733 934 3792 Μ·

206 3857 244 3906 rel
252 3859 361 3907 subaudit
372 3862 423 3917 γεὸς
439 3859 526 3910 librarii
535 3859 625 3908 incuria
634 3859 725 3908 dativus
785 3861 846 3907 ·Neu
857 3860 995 3908 remorando
1004 3861 1068 3907 iram
1076 3860 1172 3908 uictoris
1182 3873 1275 3920 aspero-

205 3921 276 3970 deeat.
293 3923 356 3971 Bud.
373 3925 534 3987 intemperies
544 3939 588 3971 nte.
755 3924 821 3987 rent]
834 3923 1087 3976 RemoaerrdoFlor.A
1115 3923 1211 3972 .Gue1f.
1221 3922 1273 3970 edd.
1303 3953 1306 3960 ·

239 3987 726 4065 Mihinonultiorae,ete.]lleferadprae·
754 3997 809 4036 ante
821 3988 898 4036 Rhen.
927 3988 975 4035 Hic
991 3993 1016 4050 (e
1029 3988 1091 4036 Bur,
1122 3987 1185 4035 dedit
1199 4001 1274 4034 remo·

205 4053 324 4101 cedentia:
341 4053 396 4100 nolo
409 4053 488 4103 ulcisci
500 4054 624 4102 Vitellium
636 4053 724 4100 interfi-
755 4053 836 4100 raudo.
878 4053 943 4102 Illud
965 4054 1024 4100 bene
1047 4051 1144 4102 restituit
1164 4051 1273 4100 Pichena.

205 4117 292 4167 ciendis
302 4117 379 4176 tratre,
391 4118 495 4180 conjuge,
509 4119 595 4176 liberie,
609 4127 632 4166 et
642 4133 671 4166 ex
681 4118 725 4167 hac
755 4117 868 4165 Moretur
878 4131 945 4180 porro
955 4115 1017 4164 idem
1026 4117 1088 4166 Flor,
1099 4114 1183 4174 (Bud.)
1194 4113 1273 4162 Guelt‘.
1316 4147 1320 4157 ,

206 4181 293 4229 ultione
303 4181 385 4228 solatia
395 4182 452 4228 mali
462 4190 543 4244 petere.
560 4183 633 4233 Euat·
754 4181 825 4245 idque
843 4180 970 4231 auctoritati
989 4189 1020 4228 et
1033 4181 1137 4244 precibus
1158 4179 1274 4238 convenit,

237 4247 292 4294 Alit
298 4247 389 4292 diutius
395 4247 528 4308 Imperium
536 4247 668 4310 tenuerint]
685 4247 724 4295 Sic
755 4260 802 4292 non
813 4246 925 4304 monetat,
932 4244 995 4308 quod
1005 4246 1036 4308 (a
1044 4249 1103 4308 Agr.
1115 4243 1150 4300 etl
1160 4243 1211 4291 edd
1221 4253 1274 4291 ante

206 4310 268 4356 Flos.
285 4313 358 4367 bene;
383 4325 437 4358 nam
459 4311 570 4374 sequitur,
593 4314 722 4373 reliquerit.
755 4310 880 4358 Pichenanr
892 4323 971 4358 ornnes
982 4308 1074 4358 habent.
1091 4309 1161 4357 Enu.

195 4372 326 4435 ⁴consentit
350 4374 386 4423 ed.
402 4390 437 4440 pr.
460 4375 589 4440 recepimus
613 4376 721 4427 Pichena.
