<?xml version="1.0" encoding="UTF-8"?>
<!DOCTYPE html PUBLIC "-//W3C//DTD XHTML 1.0 Transitional//EN"
    "http://www.w3.org/TR/xhtml1/DTD/xhtml1-transitional.dtd">
<html xmlns="http://www.w3.org/1999/xhtml" xml:lang="en" lang="en">
 <head>
  <title>
</title>
<meta http-equiv="Content-Type" content="text/html;charset=utf-8" />
  <meta name='ocr-system' content='tesseract 3.04.00' />
  <meta name='ocr-capabilities' content='ocr_page ocr_carea ocr_par ocr_line ocrx_word'/>
</head>
<body>
  <div class='ocr_page' id='page_1' title='image "./ccorneliitaciti00grongoog/ccorneliitaciti00grongoog_0149.png"; bbox 0 0 3059 4975; ppageno 0'>
   <div class='ocr_carea' id='block_1_1' title="bbox 258 286 1313 367">
    <p class='ocr_par' dir='ltr' id='par_1_1' title="bbox 258 286 1313 367">
     <span class='ocr_line' id='line_1_1' title="bbox 258 286 1313 367; baseline 0 -20"><span class='ocrx_word' id='word_1_1' title='bbox 258 306 292 349; x_wconf 80' lang='lat' dir='ltr'>A.</span> <span class='ocrx_word' id='word_1_2' title='bbox 306 308 333 351; x_wconf 74' lang='grc' dir='ltr'>ο.</span> <span class='ocrx_word' id='word_1_3' title='bbox 346 293 409 367; x_wconf 80' lang='lat' dir='ltr'>rc]</span> <span class='ocrx_word' id='word_1_4' title='bbox 649 287 729 350; x_wconf 81' lang='lat' dir='ltr'>ura.</span> <span class='ocrx_word' id='word_1_5' title='bbox 749 290 790 351; x_wconf 92' lang='lat'>11.</span> <span class='ocrx_word' id='word_1_6' title='bbox 811 286 903 349; x_wconf 81' lang='lat' dir='ltr'>cnr.</span> <span class='ocrx_word' id='word_1_7' title='bbox 922 290 971 353; x_wconf 81' lang='lat' dir='ltr'>rs.</span> <span class='ocrx_word' id='word_1_8' title='bbox 1263 293 1313 350; x_wconf 78' lang='lat' dir='ltr'>nr</span> 
     </span>
    </p>
   </div>
   <div class='ocr_carea' id='block_1_2' title="bbox 202 452 1323 2177">
    <p class='ocr_par' dir='ltr' id='par_1_2' title="bbox 202 452 1323 1909">
     <span class='ocr_line' id='line_1_2' title="bbox 256 452 1323 542; baseline -0.002 -25"><span class='ocrx_word' id='word_1_9' title='bbox 256 476 420 540; x_wconf 75' lang='lat' dir='ltr'>cupressus</span> <span class='ocrx_word' id='word_1_10' title='bbox 440 456 533 520; x_wconf 92' lang='lat' dir='ltr'>arbor</span> <span class='ocrx_word' id='word_1_11' title='bbox 551 454 585 518; x_wconf 90' lang='lat' dir='ltr'>in</span> <span class='ocrx_word' id='word_1_12' title='bbox 602 455 686 541; x_wconf 86' lang='lat' dir='ltr'>agris</span> <span class='ocrx_word' id='word_1_13' title='bbox 709 456 790 542; x_wconf 88' lang='lat' dir='ltr'>ejus,</span> <span class='ocrx_word' id='word_1_14' title='bbox 812 454 979 539; x_wconf 88' lang='lat' dir='ltr'>conspicua</span> <span class='ocrx_word' id='word_1_15' title='bbox 996 452 1171 531; x_wconf 83' lang='lat' dir='ltr'>aln&#39;tudine,</span> <span class='ocrx_word' id='word_1_16' title='bbox 1192 466 1323 539; x_wconf 87' lang='lat' dir='ltr'>repente</span> 
     </span>
     <span class='ocr_line' id='line_1_3' title="bbox 257 538 1319 627; baseline -0.001 -25"><span class='ocrx_word' id='word_1_17' title='bbox 257 540 447 625; x_wconf 89' lang='lat' dir='ltr'>prociderat;</span> <span class='ocrx_word' id='word_1_18' title='bbox 470 564 506 605; x_wconf 87' lang='lat' dir='ltr'>ac</span> <span class='ocrx_word' id='word_1_19' title='bbox 520 553 642 627; x_wconf 87' lang='lat' dir='ltr'>postera</span> <span class='ocrx_word' id='word_1_20' title='bbox 656 540 717 619; x_wconf 90' lang='lat' dir='ltr'>die,</span> <span class='ocrx_word' id='word_1_21' title='bbox 736 540 844 605; x_wconf 86' lang='lat' dir='ltr'>eodem</span> <span class='ocrx_word' id='word_1_22' title='bbox 859 538 989 625; x_wconf 84' lang='lat' dir='ltr'>vestigio</span> <span class='ocrx_word' id='word_1_23' title='bbox 1003 560 1176 625; x_wconf 83' lang='lat' dir='ltr'>resurgens,</span> <span class='ocrx_word' id='word_1_24' title='bbox 1191 560 1319 625; x_wconf 87' lang='lat' dir='ltr'>procera</span> 
     </span>
     <span class='ocr_line' id='line_1_4' title="bbox 257 624 1320 726; baseline -0.001 -38"><span class='ocrx_word' id='word_1_25' title='bbox 257 638 290 689; x_wconf 88' lang='lat' dir='ltr'>et</span> <span class='ocrx_word' id='word_1_26' title='bbox 302 625 393 690; x_wconf 88' lang='lat' dir='ltr'>latior</span> <span class='ocrx_word' id='word_1_27' title='bbox 405 626 544 691; x_wconf 84' lang='lat' dir='ltr'>virebat:</span> <span class='ocrx_word' id='word_1_28' title='bbox 581 626 678 689; x_wconf 87' lang='lat' dir='ltr'>rande</span> <span class='ocrx_word' id='word_1_29' title='bbox 686 626 720 689; x_wconf 92' lang='lat' dir='ltr'>id</span> <span class='ocrx_word' id='word_1_30' title='bbox 726 648 989 726; x_wconf 86' lang='lat' dir='ltr'>prosperumque,</span> <span class='ocrx_word' id='word_1_31' title='bbox 1003 647 1153 689; x_wconf 88' lang='lat' dir='ltr'>consensu</span> <span class='ocrx_word' id='word_1_32' title='bbox 1165 624 1320 709; x_wconf 89' lang='lat' dir='ltr'>Haruspi-</span> 
     </span>
     <span class='ocr_line' id='line_1_5' title="bbox 256 650 1321 797; baseline 0.001 -25"><span class='ocrx_word' id='word_1_33' title='bbox 256 732 345 775; x_wconf 85' lang='lat' dir='ltr'>cum:</span> <span class='ocrx_word' id='word_1_34' title='bbox 369 725 401 776; x_wconf 93' lang='lat' dir='ltr'>et</span> <span class='ocrx_word' id='word_1_35' title='bbox 414 735 537 777; x_wconf 90' lang='lat' dir='ltr'>summa</span> <span class='ocrx_word' id='word_1_36' title='bbox 550 650 703 776; x_wconf 63' lang='lat' dir='ltr'>celantudo</span> <span class='ocrx_word' id='word_1_37' title='bbox 739 711 833 775; x_wconf 92' lang='lat' dir='ltr'>uveni</span> <span class='ocrx_word' id='word_1_38' title='bbox 851 710 1021 775; x_wconf 81' lang='lat' dir='ltr'>admodum</span> <span class='ocrx_word' id='word_1_39' title='bbox 1036 710 1228 797; x_wconf 82' lang='lat' dir='ltr'>Vespasiano</span> <span class='ocrx_word' id='word_1_40' title='bbox 1248 732 1321 795; x_wconf 89' lang='lat' dir='ltr'>pro·</span> 
     </span>
     <span class='ocr_line' id='line_1_6' title="bbox 255 736 1322 895; baseline -0.002 -36"><span class='ocrx_word' id='word_1_41' title='bbox 255 796 356 861; x_wconf 87' lang='lat' dir='ltr'>missa.</span> <span class='ocrx_word' id='word_1_42' title='bbox 409 798 472 862; x_wconf 88' lang='lat' dir='ltr'>Sed</span> <span class='ocrx_word' id='word_1_43' title='bbox 490 797 593 895; x_wconf 90' lang='lat' dir='ltr'>primo</span> <span class='ocrx_word' id='word_1_44' title='bbox 609 736 810 883; x_wconf 81' lang='lat' dir='ltr'>triumplialia</span> <span class='ocrx_word' id='word_1_45' title='bbox 823 807 854 858; x_wconf 89' lang='lat' dir='ltr'>et</span> <span class='ocrx_word' id='word_1_46' title='bbox 870 794 1058 860; x_wconf 78' lang='lat' dir='ltr'>Consulatus</span> <span class='ocrx_word' id='word_1_47' title='bbox 1072 810 1104 860; x_wconf 89' lang='lat' dir='ltr'>et</span> <span class='ocrx_word' id='word_1_48' title='bbox 1118 798 1141 858; x_wconf 83' lang='lat' dir='ltr'>J</span> <span class='ocrx_word' id='word_1_49' title='bbox 1143 794 1262 859; x_wconf 82' lang='lat' dir='ltr'>udaicae</span> <span class='ocrx_word' id='word_1_50' title='bbox 1275 794 1322 858; x_wconf 91' lang='lat' dir='ltr'>vi-</span> 
     </span>
     <span class='ocr_line' id='line_1_7' title="bbox 255 880 1320 961; baseline -0.001 -17"><span class='ocrx_word' id='word_1_51' title='bbox 255 882 361 946; x_wconf 81' lang='lat' dir='ltr'>etoriae</span> <span class='ocrx_word' id='word_1_52' title='bbox 374 882 480 961; x_wconf 89' lang='lat' dir='ltr'>decus,</span> <span class='ocrx_word' id='word_1_53' title='bbox 499 906 531 945; x_wconf 91' lang='lat' dir='ltr'>m</span> <span class='ocrx_word' id='word_1_54' title='bbox 554 882 631 945; x_wconf 89' lang='lat' dir='ltr'>lesse</span> <span class='ocrx_word' id='word_1_55' title='bbox 644 882 740 946; x_wconf 77' lang='lat' dir='ltr'>iidem</span> <span class='ocrx_word' id='word_1_56' title='bbox 753 880 865 946; x_wconf 90' lang='lat' dir='ltr'>ominis</span> <span class='ocrx_word' id='word_1_57' title='bbox 877 880 1081 945; x_wconf 87' lang='lat' dir='ltr'>videbantur:</span> <span class='ocrx_word' id='word_1_58' title='bbox 1106 895 1142 945; x_wconf 92' lang='lat' dir='ltr'>ut</span> <span class='ocrx_word' id='word_1_59' title='bbox 1159 880 1226 945; x_wconf 83' lang='lat' dir='ltr'>haee</span> <span class='ocrx_word' id='word_1_60' title='bbox 1248 881 1320 945; x_wconf 85' lang='lat' dir='ltr'>ade-</span> 
     </span>
     <span class='ocr_line' id='line_1_8' title="bbox 280 906 1321 1055; baseline -0.002 -24"><span class='ocrx_word' id='word_1_61' title='bbox 280 971 399 1048; x_wconf 83' lang='lat' dir='ltr'>tuaest,</span> <span class='ocrx_word' id='word_1_62' title='bbox 413 906 558 1055; x_wconf 87' lang='lat' dir='ltr'>portendi</span> <span class='ocrx_word' id='word_1_63' title='bbox 568 967 627 1032; x_wconf 83' lang='lat' dir='ltr'>sibi</span> <span class='ocrx_word' id='word_1_64' title='bbox 639 966 811 1055; x_wconf 82' lang='lat' dir='ltr'>Imperium</span> <span class='ocrx_word' id='word_1_65' title='bbox 821 964 975 1030; x_wconf 86' lang='lat' dir='ltr'>credebat.</span> <span class='ocrx_word' id='word_1_66' title='bbox 1007 966 1069 1031; x_wconf 90' lang='lat' dir='ltr'>Est</span> <span class='ocrx_word' id='word_1_67' title='bbox 1082 968 1105 1030; x_wconf 86' lang='lat' dir='ltr'><strong>J</strong></span> <span class='ocrx_word' id='word_1_68' title='bbox 1106 966 1229 1031; x_wconf 86' lang='lat' dir='ltr'>udaeem</span> <span class='ocrx_word' id='word_1_69' title='bbox 1240 966 1321 1031; x_wconf 88' lang='lat' dir='ltr'>inter</span> 
     </span>
     <span class='ocr_line' id='line_1_9' title="bbox 256 989 1321 1139; baseline -0.001 -23"><span class='ocrx_word' id='word_1_70' title='bbox 256 989 301 1139; x_wconf 54' lang='lat' dir='ltr'>gy</span> <span class='ocrx_word' id='word_1_71' title='bbox 319 1053 326 1065; x_wconf 80' lang='grc'><strong><em>’</em></strong></span> <span class='ocrx_word' id='word_1_72' title='bbox 402 1076 442 1117; x_wconf 88' lang='lat' dir='ltr'>ue</span> <span class='ocrx_word' id='word_1_73' title='bbox 452 1051 624 1131; x_wconf 89' lang='lat' dir='ltr'>Carmelus,</span> <span class='ocrx_word' id='word_1_74' title='bbox 632 1054 677 1117; x_wconf 90' lang='lat' dir='ltr'>ita</span> <span class='ocrx_word' id='word_1_75' title='bbox 684 1064 798 1117; x_wconf 88' lang='lat' dir='ltr'>vocant</span> <span class='ocrx_word' id='word_1_76' title='bbox 808 1054 1140 1137; x_wconf 84' lang='lat' dir='ltr'>montem-Deumque:</span> <span class='ocrx_word' id='word_1_77' title='bbox 1157 1074 1214 1115; x_wconf 90' lang='lat' dir='ltr'>nec</span> <span class='ocrx_word' id='word_1_78' title='bbox 1225 1052 1321 1115; x_wconf 86' lang='lat' dir='ltr'>sirnu-</span> 
     </span>
     <span class='ocr_line' id='line_1_10' title="bbox 255 1136 1319 1225; baseline 0 -24"><span class='ocrx_word' id='word_1_79' title='bbox 255 1136 379 1213; x_wconf 68' lang='lat' dir='ltr'>lacrum,</span> <span class='ocrx_word' id='word_1_80' title='bbox 425 1162 462 1203; x_wconf 90' lang='lat' dir='ltr'>eo</span> <span class='ocrx_word' id='word_1_81' title='bbox 472 1152 527 1204; x_wconf 91' lang='lat' dir='ltr'>aut</span> <span class='ocrx_word' id='word_1_82' title='bbox 541 1139 693 1225; x_wconf 88' lang='lat' dir='ltr'>templum</span> <span class='ocrx_word' id='word_1_83' title='bbox 707 1139 802 1202; x_wconf 85' lang='lat' dir='ltr'>situm</span> <span class='ocrx_word' id='word_1_84' title='bbox 817 1136 971 1201; x_wconf 80' lang='lat' dir='ltr'>tradidere</span> <span class='ocrx_word' id='word_1_85' title='bbox 985 1138 1135 1223; x_wconf 83' lang='lat' dir='ltr'>majores3</span> <span class='ocrx_word' id='word_1_86' title='bbox 1155 1159 1240 1201; x_wconf 88' lang='lat' dir='ltr'>aram</span> <span class='ocrx_word' id='word_1_87' title='bbox 1251 1148 1319 1201; x_wconf 87' lang='lat' dir='ltr'>tan·</span> 
     </span>
     <span class='ocr_line' id='line_1_11' title="bbox 257 1222 1319 1319; baseline -0.001 -33"><span class='ocrx_word' id='word_1_88' title='bbox 257 1237 325 1287; x_wconf 92' lang='lat' dir='ltr'>tum</span> <span class='ocrx_word' id='word_1_89' title='bbox 345 1239 377 1289; x_wconf 88' lang='lat' dir='ltr'>et</span> <span class='ocrx_word' id='word_1_90' title='bbox 395 1224 606 1290; x_wconf 88' lang='lat' dir='ltr'>reverentiam.</span> <span class='ocrx_word' id='word_1_91' title='bbox 650 1223 720 1288; x_wconf 92' lang='lat' dir='ltr'>Illic</span> <span class='ocrx_word' id='word_1_92' title='bbox 738 1222 919 1287; x_wconf 87' lang='lat' dir='ltr'>sacrificanti</span> <span class='ocrx_word' id='word_1_93' title='bbox 940 1222 1137 1319; x_wconf 84' lang='lat' dir='ltr'>Vespasiano,</span> <span class='ocrx_word' id='word_1_94' title='bbox 1158 1244 1228 1287; x_wconf 93' lang='lat' dir='ltr'>cum</span> <span class='ocrx_word' id='word_1_95' title='bbox 1249 1245 1263 1285; x_wconf 87' lang='lat' dir='ltr'>s</span> <span class='ocrx_word' id='word_1_96' title='bbox 1304 1246 1319 1285; x_wconf 88' lang='lat' dir='ltr'>s</span> 
     </span>
     <span class='ocr_line' id='line_1_12' title="bbox 255 1245 1319 1394; baseline 0.003 -22"><span class='ocrx_word' id='word_1_97' title='bbox 255 1309 390 1375; x_wconf 85' lang='lat' dir='ltr'>occultas</span> <span class='ocrx_word' id='word_1_98' title='bbox 399 1323 533 1375; x_wconf 86' lang='lat' dir='ltr'>versaret</span> <span class='ocrx_word' id='word_1_99' title='bbox 540 1309 655 1387; x_wconf 92' lang='lat' dir='ltr'>animo,</span> <span class='ocrx_word' id='word_1_100' title='bbox 667 1308 818 1374; x_wconf 85' lang='lat' dir='ltr'>Basilides</span> <span class='ocrx_word' id='word_1_101' title='bbox 829 1308 988 1386; x_wconf 81' lang='lat' dir='ltr'>Sacerdos,</span> <span class='ocrx_word' id='word_1_102' title='bbox 997 1308 1141 1394; x_wconf 88' lang='lat' dir='ltr'>1uspectis</span> <span class='ocrx_word' id='word_1_103' title='bbox 1150 1245 1319 1375; x_wconf 56' lang='lat' dir='ltr'>identidldin</span> 
     </span>
     <span class='ocr_line' id='line_1_13' title="bbox 255 1393 1317 1483; baseline 0 -26"><span class='ocrx_word' id='word_1_104' title='bbox 255 1396 344 1474; x_wconf 86' lang='lat' dir='ltr'>extis,</span> <span class='ocrx_word' id='word_1_105' title='bbox 366 1395 564 1483; x_wconf 82' lang='lat' dir='ltr'>“Quidquid</span> <span class='ocrx_word' id='word_1_106' title='bbox 578 1397 654 1474; x_wconf 83' lang='lat' dir='ltr'>est,&#39;&#39;</span> <span class='ocrx_word' id='word_1_107' title='bbox 672 1394 787 1482; x_wconf 89' lang='lat' dir='ltr'>inquit,</span> <span class='ocrx_word' id='word_1_108' title='bbox 803 1400 826 1433; x_wconf 89' lang='lat'><strong>“</strong></span> <span class='ocrx_word' id='word_1_109' title='bbox 836 1393 1029 1479; x_wconf 87' lang='lat' dir='ltr'>Vespasiane,</span> <span class='ocrx_word' id='word_1_110' title='bbox 1045 1393 1131 1480; x_wconf 93' lang='lat' dir='ltr'>quod</span> <span class='ocrx_word' id='word_1_111' title='bbox 1145 1414 1246 1479; x_wconf 87' lang='lat' dir='ltr'>paras,</span> <span class='ocrx_word' id='word_1_112' title='bbox 1262 1416 1317 1457; x_wconf 90' lang='lat' dir='ltr'>seu</span> 
     </span>
     <span class='ocr_line' id='line_1_14' title="bbox 255 1477 1317 1567; baseline -0.001 -26"><span class='ocrx_word' id='word_1_113' title='bbox 255 1478 384 1545; x_wconf 91' lang='lat' dir='ltr'>domum</span> <span class='ocrx_word' id='word_1_114' title='bbox 397 1494 566 1559; x_wconf 84' lang='lat' dir='ltr'>exstruere,</span> <span class='ocrx_word' id='word_1_115' title='bbox 581 1504 635 1559; x_wconf 86' lang='lat' dir='ltr'>seu</span> <span class='ocrx_word' id='word_1_116' title='bbox 648 1479 802 1567; x_wconf 86' lang='lat' dir='ltr'>prolatare</span> <span class='ocrx_word' id='word_1_117' title='bbox 816 1502 917 1565; x_wconf 87' lang='lat' dir='ltr'>agros,</span> <span class='ocrx_word' id='word_1_118' title='bbox 941 1479 1004 1542; x_wconf 88' lang='lat' dir='ltr'>sive</span> <span class='ocrx_word' id='word_1_119' title='bbox 1018 1478 1165 1565; x_wconf 85' lang='lat' dir='ltr'>ampliare</span> <span class='ocrx_word' id='word_1_120' title='bbox 1184 1477 1317 1554; x_wconf 87' lang='lat' dir='ltr'>servitia,</span> 
     </span>
     <span class='ocr_line' id='line_1_15' title="bbox 254 1563 1318 1653; baseline -0.001 -26"><span class='ocrx_word' id='word_1_121' title='bbox 254 1565 349 1629; x_wconf 89' lang='lat' dir='ltr'>datur</span> <span class='ocrx_word' id='word_1_122' title='bbox 363 1566 419 1631; x_wconf 90' lang='lat' dir='ltr'>tibi</span> <span class='ocrx_word' id='word_1_123' title='bbox 433 1590 547 1653; x_wconf 84' lang='lat' dir='ltr'>magna</span> <span class='ocrx_word' id='word_1_124' title='bbox 560 1565 658 1644; x_wconf 85' lang='lat' dir='ltr'>sedes,</span> <span class='ocrx_word' id='word_1_125' title='bbox 673 1565 813 1653; x_wconf 80' lang='lat' dir='ltr'>ingentes</span> <span class='ocrx_word' id='word_1_126' title='bbox 828 1564 962 1641; x_wconf 87' lang='lat' dir='ltr'>termini,</span> <span class='ocrx_word' id='word_1_127' title='bbox 978 1563 1113 1629; x_wconf 89' lang='lat' dir='ltr'>multum</span> <span class='ocrx_word' id='word_1_128' title='bbox 1127 1563 1318 1630; x_wconf 79' lang='lat' dir='ltr'>hominum.&#39;&#39;</span> 
     </span>
     <span class='ocr_line' id='line_1_16' title="bbox 202 1648 1318 1748; baseline -0.004 -34"><span class='ocrx_word' id='word_1_129' title='bbox 202 1680 209 1693; x_wconf 53' lang='lat' dir='ltr'>r</span> <span class='ocrx_word' id='word_1_130' title='bbox 255 1650 325 1715; x_wconf 88' lang='lat' dir='ltr'>Has</span> <span class='ocrx_word' id='word_1_131' title='bbox 339 1653 485 1739; x_wconf 85' lang='lat' dir='ltr'>ambages</span> <span class='ocrx_word' id='word_1_132' title='bbox 498 1666 530 1716; x_wconf 91' lang='lat' dir='ltr'>et</span> <span class='ocrx_word' id='word_1_133' title='bbox 544 1651 648 1716; x_wconf 89' lang='lat' dir='ltr'>statim</span> <span class='ocrx_word' id='word_1_134' title='bbox 662 1660 825 1737; x_wconf 85' lang='lat' dir='ltr'>exceperat</span> <span class='ocrx_word' id='word_1_135' title='bbox 836 1648 929 1727; x_wconf 89' lang='lat' dir='ltr'>fama,</span> <span class='ocrx_word' id='word_1_136' title='bbox 941 1664 973 1713; x_wconf 90' lang='lat' dir='ltr'>et</span> <span class='ocrx_word' id='word_1_137' title='bbox 984 1666 1059 1714; x_wconf 90' lang='lat' dir='ltr'>tunc</span> <span class='ocrx_word' id='word_1_138' title='bbox 1069 1649 1242 1748; x_wconf 87' lang='lat' dir='ltr'>aperiebat:</span> <span class='ocrx_word' id='word_1_139' title='bbox 1261 1672 1318 1711; x_wconf 90' lang='lat' dir='ltr'>nec</span> 
     </span>
     <span class='ocr_line' id='line_1_17' title="bbox 255 1734 1318 1825; baseline -0.001 -27"><span class='ocrx_word' id='word_1_140' title='bbox 255 1736 428 1824; x_wconf 89' lang='lat' dir='ltr'>quidquam</span> <span class='ocrx_word' id='word_1_141' title='bbox 445 1736 545 1825; x_wconf 85' lang='lat' dir='ltr'>magis</span> <span class='ocrx_word' id='word_1_142' title='bbox 562 1737 596 1801; x_wconf 92' lang='lat' dir='ltr'>in</span> <span class='ocrx_word' id='word_1_143' title='bbox 612 1760 665 1801; x_wconf 89' lang='lat' dir='ltr'>ore</span> <span class='ocrx_word' id='word_1_144' title='bbox 679 1734 783 1822; x_wconf 85' lang='lat' dir='ltr'>vulgi:</span> <span class='ocrx_word' id='word_1_145' title='bbox 806 1734 973 1799; x_wconf 85' lang='lat' dir='ltr'>crebriores</span> <span class='ocrx_word' id='word_1_146' title='bbox 988 1734 1074 1823; x_wconf 91' lang='lat' dir='ltr'>apud</span> <span class='ocrx_word' id='word_1_147' title='bbox 1088 1756 1191 1822; x_wconf 88' lang='lat' dir='ltr'>rpsum</span> <span class='ocrx_word' id='word_1_148' title='bbox 1206 1756 1318 1798; x_wconf 84' lang='lat' dir='ltr'>sermo-</span> 
     </span>
     <span class='ocr_line' id='line_1_18' title="bbox 256 1820 957 1909; baseline 0.001 -25"><span class='ocrx_word' id='word_1_149' title='bbox 256 1843 328 1896; x_wconf 89' lang='lat' dir='ltr'>nes;</span> <span class='ocrx_word' id='word_1_150' title='bbox 353 1836 471 1909; x_wconf 89' lang='lat' dir='ltr'>quanto</span> <span class='ocrx_word' id='word_1_151' title='bbox 484 1846 499 1887; x_wconf 90' lang='lat' dir='ltr'>s</span> <span class='ocrx_word' id='word_1_152' title='bbox 538 1822 679 1887; x_wconf 87' lang='lat' dir='ltr'>rantibus</span> <span class='ocrx_word' id='word_1_153' title='bbox 692 1821 785 1909; x_wconf 90' lang='lat' dir='ltr'>plura</span> <span class='ocrx_word' id='word_1_154' title='bbox 798 1820 957 1885; x_wconf 91' lang='lat' dir='ltr'>dicuntur.</span> 
     </span>
    </p>

    <p class='ocr_par' dir='ltr' id='par_1_3' title="bbox 255 1905 1320 2177">
     <span class='ocr_line' id='line_1_19' title="bbox 299 1905 1320 1972; baseline -0.001 -2"><span class='ocrx_word' id='word_1_155' title='bbox 299 1907 474 1972; x_wconf 87' lang='lat' dir='ltr'>LXXIX.</span> <span class='ocrx_word' id='word_1_156' title='bbox 535 1907 599 1971; x_wconf 89' lang='lat' dir='ltr'>aud</span> <span class='ocrx_word' id='word_1_157' title='bbox 612 1906 709 1972; x_wconf 91' lang='lat' dir='ltr'>dubia</span> <span class='ocrx_word' id='word_1_158' title='bbox 727 1906 932 1970; x_wconf 86' lang='lat' dir='ltr'>destinatione</span> <span class='ocrx_word' id='word_1_159' title='bbox 946 1905 1126 1970; x_wconf 87' lang='lat' dir='ltr'>discessere:</span> <span class='ocrx_word' id='word_1_160' title='bbox 1150 1905 1320 1969; x_wconf 86' lang='lat' dir='ltr'>Mucianus</span> 
     </span>
     <span class='ocr_line' id='line_1_20' title="bbox 255 1987 1319 2079; baseline 0.001 -25"><span class='ocrx_word' id='word_1_161' title='bbox 255 1992 469 2070; x_wconf 85' lang='lat' dir='ltr'>Antiochiam,</span> <span class='ocrx_word' id='word_1_162' title='bbox 485 1992 696 2079; x_wconf 82' lang='lat' dir='ltr'>Vespasianus</span> <span class='ocrx_word' id='word_1_163' title='bbox 710 1993 902 2055; x_wconf 78' lang='lat' dir='ltr'>Caesaream:</span> <span class='ocrx_word' id='word_1_164' title='bbox 923 1990 976 2054; x_wconf 88' lang='lat' dir='ltr'>illa</span> <span class='ocrx_word' id='word_1_165' title='bbox 992 1990 1101 2077; x_wconf 86' lang='lat' dir='ltr'>Syriae,</span> <span class='ocrx_word' id='word_1_166' title='bbox 1115 1991 1183 2055; x_wconf 89' lang='lat' dir='ltr'>haec</span> <span class='ocrx_word' id='word_1_167' title='bbox 1194 1993 1217 2053; x_wconf 83' lang='lat' dir='ltr'>J</span> <span class='ocrx_word' id='word_1_168' title='bbox 1219 1987 1319 2055; x_wconf 88' lang='lat' dir='ltr'>udaeae</span> 
     </span>
     <span class='ocr_line' id='line_1_21' title="bbox 255 2074 1320 2177; baseline -0.001 -37"><span class='ocrx_word' id='word_1_169' title='bbox 255 2089 350 2177; x_wconf 90' lang='lat' dir='ltr'>caput</span> <span class='ocrx_word' id='word_1_170' title='bbox 364 2091 420 2144; x_wconf 90' lang='lat' dir='ltr'>est.</span> <span class='ocrx_word' id='word_1_171' title='bbox 455 2076 584 2142; x_wconf 89' lang='lat' dir='ltr'>Initium</span> <span class='ocrx_word' id='word_1_172' title='bbox 603 2076 724 2141; x_wconf 86' lang='lat' dir='ltr'>ferendi</span> <span class='ocrx_word' id='word_1_173' title='bbox 742 2074 783 2141; x_wconf 94' lang='lat' dir='ltr'>ad</span> <span class='ocrx_word' id='word_1_174' title='bbox 798 2075 1025 2162; x_wconf 87' lang='lat' dir='ltr'>Vespasianum</span> <span class='ocrx_word' id='word_1_175' title='bbox 1040 2075 1166 2162; x_wconf 87' lang='lat' dir='ltr'>Imperii</span> <span class='ocrx_word' id='word_1_176' title='bbox 1182 2075 1320 2140; x_wconf 87' lang='lat' dir='ltr'>Alexan-</span> 
     </span>
    </p>
   </div>
   <div class='ocr_carea' id='block_1_3' title="bbox 146 2160 1319 2251">
    <p class='ocr_par' dir='ltr' id='par_1_4' title="bbox 146 2160 1319 2251">
     <span class='ocr_line' id='line_1_22' title="bbox 146 2160 1319 2251; baseline 0 -25"><span class='ocrx_word' id='word_1_177' title='bbox 146 2164 151 2170; x_wconf 78' lang='grc'><strong>’</strong></span> <span class='ocrx_word' id='word_1_178' title='bbox 255 2162 338 2233; x_wconf 83' lang='lat' dir='ltr'>dnae</span> <span class='ocrx_word' id='word_1_179' title='bbox 355 2175 506 2251; x_wconf 87' lang='lat' dir='ltr'>coeptum,</span> <span class='ocrx_word' id='word_1_180' title='bbox 525 2162 689 2229; x_wconf 78' lang='lat' dir='ltr'>iesdnante</span> <span class='ocrx_word' id='word_1_181' title='bbox 710 2160 843 2226; x_wconf 90' lang='lat' dir='ltr'>Tiberio</span> <span class='ocrx_word' id='word_1_182' title='bbox 864 2160 1057 2241; x_wconf 89' lang='lat' dir='ltr'>Alexandro,</span> <span class='ocrx_word' id='word_1_183' title='bbox 1079 2161 1136 2249; x_wconf 92' lang='lat' dir='ltr'>qui</span> <span class='ocrx_word' id='word_1_184' title='bbox 1158 2160 1228 2226; x_wconf 88' lang='lat' dir='ltr'>Kal</span> <span class='ocrx_word' id='word_1_185' title='bbox 1249 2164 1273 2225; x_wconf 87' lang='lat' dir='ltr'><strong>J</strong></span> <span class='ocrx_word' id='word_1_186' title='bbox 1276 2160 1319 2227; x_wconf 91' lang='lat' dir='ltr'>ul.</span> 
     </span>
    </p>
   </div>
   <div class='ocr_carea' id='block_1_4' title="bbox 251 2447 1320 3032">
    <p class='ocr_par' dir='ltr' id='par_1_5' title="bbox 253 2447 1320 2644">
     <span class='ocr_line' id='line_1_23' title="bbox 287 2447 1320 2519; baseline -0.003 -18"><span class='ocrx_word' id='word_1_187' title='bbox 287 2448 429 2514; x_wconf 71' lang='lat' dir='ltr'>Capreatas]</span> <span class='ocrx_word' id='word_1_188' title='bbox 439 2450 523 2501; x_wconf 83' lang='lat' dir='ltr'>Inbue</span> <span class='ocrx_word' id='word_1_189' title='bbox 532 2450 710 2516; x_wconf 74' lang='lat' dir='ltr'>portentosam</span> <span class='ocrx_word' id='word_1_190' title='bbox 720 2465 767 2502; x_wconf 88' lang='lat' dir='ltr'>nen</span> <span class='ocrx_word' id='word_1_191' title='bbox 801 2450 855 2501; x_wconf 89' lang='lat' dir='ltr'>libri</span> <span class='ocrx_word' id='word_1_192' title='bbox 872 2450 989 2500; x_wconf 85' lang='lat' dir='ltr'>haberent.</span> <span class='ocrx_word' id='word_1_193' title='bbox 1019 2448 1214 2519; x_wconf 28' lang='lat' dir='ltr'>Nunelcorreetio</span> <span class='ocrx_word' id='word_1_194' title='bbox 1232 2447 1320 2500; x_wconf 86' lang='lat' dir='ltr'>librarii</span> 
     </span>
     <span class='ocr_line' id='line_1_24' title="bbox 253 2515 1320 2578; baseline -0.002 -15"><span class='ocrx_word' id='word_1_195' title='bbox 253 2515 297 2565; x_wconf 88' lang='lat' dir='ltr'>sibi</span> <span class='ocrx_word' id='word_1_196' title='bbox 315 2525 409 2565; x_wconf 79' lang='lat' dir='ltr'>comest.</span> <span class='ocrx_word' id='word_1_197' title='bbox 434 2517 473 2566; x_wconf 83' lang='lat' dir='ltr'>Cf.</span> <span class='ocrx_word' id='word_1_198' title='bbox 489 2517 538 2566; x_wconf 88' lang='lat' dir='ltr'>Dio</span> <span class='ocrx_word' id='word_1_199' title='bbox 553 2518 594 2577; x_wconf 86' lang='grc'>66,</span> <span class='ocrx_word' id='word_1_200' title='bbox 619 2518 639 2564; x_wconf 89' lang='grc'>1.</span> <span class='ocrx_word' id='word_1_201' title='bbox 664 2526 688 2566; x_wconf 86' lang='lat' dir='ltr'>et</span> <span class='ocrx_word' id='word_1_202' title='bbox 703 2517 768 2566; x_wconf 84' lang='lat' dir='ltr'>Suet.</span> <span class='ocrx_word' id='word_1_203' title='bbox 801 2516 893 2565; x_wconf 85' lang='lat' dir='ltr'>videtur</span> <span class='ocrx_word' id='word_1_204' title='bbox 924 2516 1045 2578; x_wconf 77' lang='lat' dir='ltr'>vulgatum</span> <span class='ocrx_word' id='word_1_205' title='bbox 1073 2530 1119 2563; x_wconf 91' lang='lat' dir='ltr'>non</span> <span class='ocrx_word' id='word_1_206' title='bbox 1149 2515 1320 2578; x_wconf 88' lang='lat' dir='ltr'>concoquentis.</span> 
     </span>
     <span class='ocr_line' id='line_1_25' title="bbox 253 2579 1320 2644; baseline -0.001 -17"><span class='ocrx_word' id='word_1_207' title='bbox 253 2579 323 2642; x_wconf 80' lang='lat' dir='ltr'>vesp</span> <span class='ocrx_word' id='word_1_208' title='bbox 335 2583 359 2628; x_wconf 99' lang='grc'>5.</span> <span class='ocrx_word' id='word_1_209' title='bbox 802 2581 873 2630; x_wconf 78' lang='lat' dir='ltr'>Ean.</span> <span class='ocrx_word' id='word_1_210' title='bbox 895 2581 961 2628; x_wconf 90' lang='lat' dir='ltr'>Bene</span> <span class='ocrx_word' id='word_1_211' title='bbox 971 2580 1025 2644; x_wconf 84' lang='lat' dir='ltr'>Bip</span> <span class='ocrx_word' id='word_1_212' title='bbox 1037 2595 1067 2628; x_wconf 90' lang='lat' dir='ltr'>ex</span> <span class='ocrx_word' id='word_1_213' title='bbox 1077 2581 1141 2644; x_wconf 74' lang='lat' dir='ltr'>vulg.</span> <span class='ocrx_word' id='word_1_214' title='bbox 1152 2581 1273 2642; x_wconf 63' lang='lat' dir='ltr'>demtum,</span> <span class='ocrx_word' id='word_1_215' title='bbox 1284 2583 1320 2626; x_wconf 77' lang='lat' dir='ltr'>etc</span> 
     </span>
    </p>

    <p class='ocr_par' dir='ltr' id='par_1_6' title="bbox 251 2643 1320 3032">
     <span class='ocr_line' id='line_1_26' title="bbox 289 2643 1318 2711; baseline 0 -19"><span class='ocrx_word' id='word_1_216' title='bbox 289 2643 445 2711; x_wconf 78' lang='lat' dir='ltr'>Videbcnler]</span> <span class='ocrx_word' id='word_1_217' title='bbox 463 2646 526 2694; x_wconf 84' lang='lat' dir='ltr'>Flor.</span> <span class='ocrx_word' id='word_1_218' title='bbox 535 2646 595 2710; x_wconf 74' lang='lat' dir='ltr'>Agr.</span> <span class='ocrx_word' id='word_1_219' title='bbox 606 2645 670 2696; x_wconf 89' lang='lat' dir='ltr'>Bud</span> <span class='ocrx_word' id='word_1_220' title='bbox 684 2647 721 2694; x_wconf 89' lang='lat' dir='ltr'>ed.</span> <span class='ocrx_word' id='word_1_221' title='bbox 732 2661 768 2709; x_wconf 76' lang='lat' dir='ltr'>pr.</span> <span class='ocrx_word' id='word_1_222' title='bbox 802 2645 874 2694; x_wconf 84' lang='lat' dir='ltr'>fecere</span> <span class='ocrx_word' id='word_1_223' title='bbox 887 2647 997 2707; x_wconf 66' lang='lat' dir='ltr'>tenplum</span> <span class='ocrx_word' id='word_1_224' title='bbox 1009 2647 1091 2704; x_wconf 73' lang='lat' dir='ltr'>ritem,</span> <span class='ocrx_word' id='word_1_225' title='bbox 1103 2656 1130 2692; x_wconf 91' lang='lat' dir='ltr'>ut</span> <span class='ocrx_word' id='word_1_226' title='bbox 1138 2645 1170 2692; x_wconf 89' lang='grc' dir='ltr'>Α.</span> <span class='ocrx_word' id='word_1_227' title='bbox 1180 2646 1204 2704; x_wconf 80' lang='grc'>2,</span> <span class='ocrx_word' id='word_1_228' title='bbox 1215 2645 1238 2699; x_wconf 84' lang='grc'>7.</span> <span class='ocrx_word' id='word_1_229' title='bbox 1249 2660 1318 2692; x_wconf 82' lang='lat' dir='ltr'>crem</span> 
     </span>
     <span class='ocr_line' id='line_1_27' title="bbox 252 2709 1320 2775; baseline -0.002 -17"><span class='ocrx_word' id='word_1_230' title='bbox 252 2711 382 2769; x_wconf 77' lang='lat' dir='ltr'>videbatur,</span> <span class='ocrx_word' id='word_1_231' title='bbox 399 2711 580 2774; x_wconf 81' lang='lat' dir='ltr'>impersonaliter</span> <span class='ocrx_word' id='word_1_232' title='bbox 598 2710 689 2775; x_wconf 74' lang='lat' dir='ltr'>(Judioc</span> <span class='ocrx_word' id='word_1_233' title='bbox 703 2711 770 2760; x_wconf 85' lang='lat' dir='ltr'>Rhe·</span> <span class='ocrx_word' id='word_1_234' title='bbox 802 2712 884 2758; x_wconf 79' lang='lat' dir='ltr'>Druso</span> <span class='ocrx_word' id='word_1_235' title='bbox 898 2712 977 2758; x_wconf 75' lang='lat' dir='ltr'>sitam.</span> <span class='ocrx_word' id='word_1_236' title='bbox 1004 2709 1076 2757; x_wconf 83' lang='lat' dir='ltr'>Addo</span> <span class='ocrx_word' id='word_1_237' title='bbox 1093 2725 1157 2758; x_wconf 87' lang='lat' dir='ltr'>aram</span> <span class='ocrx_word' id='word_1_238' title='bbox 1174 2714 1197 2756; x_wconf 84' lang='lat' dir='ltr'>et</span> <span class='ocrx_word' id='word_1_239' title='bbox 1212 2724 1320 2767; x_wconf 73' lang='lat' dir='ltr'>reperen-</span> 
     </span>
     <span class='ocr_line' id='line_1_28' title="bbox 252 2772 1319 2835; baseline -0.001 -15"><span class='ocrx_word' id='word_1_240' title='bbox 252 2772 341 2835; x_wconf 80' lang='lat' dir='ltr'>nano)=</span> <span class='ocrx_word' id='word_1_241' title='bbox 358 2790 421 2834; x_wconf 84' lang='lat' dir='ltr'>nam,</span> <span class='ocrx_word' id='word_1_242' title='bbox 439 2784 466 2822; x_wconf 92' lang='lat' dir='ltr'>ut</span> <span class='ocrx_word' id='word_1_243' title='bbox 476 2775 506 2822; x_wconf 87' lang='lat' dir='ltr'>ad</span> <span class='ocrx_word' id='word_1_244' title='bbox 517 2777 586 2823; x_wconf 65' lang='lat' dir='ltr'>&amp;aar</span> <span class='ocrx_word' id='word_1_245' title='bbox 595 2775 705 2824; x_wconf 80' lang='lat' dir='ltr'>referatur</span> <span class='ocrx_word' id='word_1_246' title='bbox 718 2791 770 2824; x_wconf 83' lang='lat' dir='ltr'>ver-</span> <span class='ocrx_word' id='word_1_247' title='bbox 801 2777 862 2822; x_wconf 78' lang='lat' dir='ltr'>esem</span> <span class='ocrx_word' id='word_1_248' title='bbox 872 2774 887 2821; x_wconf 88' lang='lat' dir='ltr'>i.</span> <span class='ocrx_word' id='word_1_249' title='bbox 899 2789 994 2824; x_wconf 75' lang='lat' dir='ltr'>earam</span> <span class='ocrx_word' id='word_1_250' title='bbox 1004 2783 1131 2823; x_wconf 78' lang='lat' dir='ltr'>reverenter</span> <span class='ocrx_word' id='word_1_251' title='bbox 1141 2773 1253 2832; x_wconf 78' lang='lat' dir='ltr'>hstium,</span> <span class='ocrx_word' id='word_1_252' title='bbox 1269 2772 1319 2820; x_wconf 83' lang='lat' dir='ltr'>eul-</span> 
     </span>
     <span class='ocr_line' id='line_1_29' title="bbox 251 2838 858 2913; baseline -0.002 -28"><span class='ocrx_word' id='word_1_253' title='bbox 251 2838 309 2885; x_wconf 90' lang='lat' dir='ltr'>bum</span> <span class='ocrx_word' id='word_1_254' title='bbox 318 2853 416 2886; x_wconf 88' lang='lat' dir='ltr'>numero</span> <span class='ocrx_word' id='word_1_255' title='bbox 425 2839 511 2902; x_wconf 87' lang='lat' dir='ltr'>potius,</span> <span class='ocrx_word' id='word_1_256' title='bbox 519 2854 592 2913; x_wconf 87' lang='lat' dir='ltr'>quam</span> <span class='ocrx_word' id='word_1_257' title='bbox 599 2839 630 2886; x_wconf 87' lang='lat' dir='ltr'>ad</span> <span class='ocrx_word' id='word_1_258' title='bbox 639 2839 770 2902; x_wconf 72' lang='lat' dir='ltr'>praeceden-</span> <span class='ocrx_word' id='word_1_259' title='bbox 801 2846 858 2886; x_wconf 86' lang='lat' dir='ltr'>tam.</span> 
     </span>
     <span class='ocr_line' id='line_1_30' title="bbox 252 2901 1319 2966; baseline 0 -17"><span class='ocrx_word' id='word_1_260' title='bbox 252 2901 285 2949; x_wconf 89' lang='lat' dir='ltr'>tia</span> <span class='ocrx_word' id='word_1_261' title='bbox 297 2903 377 2962; x_wconf 89' lang='lat' dir='ltr'>simul,</span> <span class='ocrx_word' id='word_1_262' title='bbox 391 2903 454 2966; x_wconf 89' lang='lat' dir='ltr'>quod</span> <span class='ocrx_word' id='word_1_263' title='bbox 464 2903 520 2950; x_wconf 83' lang='lat' dir='ltr'>alibi</span> <span class='ocrx_word' id='word_1_264' title='bbox 529 2917 555 2950; x_wconf 88' lang='lat' dir='ltr'>rn</span> <span class='ocrx_word' id='word_1_265' title='bbox 565 2903 649 2950; x_wconf 82' lang='lat' dir='ltr'>Tacito</span> <span class='ocrx_word' id='word_1_266' title='bbox 654 2903 768 2963; x_wconf 72' lang='lat' dir='ltr'>uidimus,</span> <span class='ocrx_word' id='word_1_267' title='bbox 834 2903 896 2951; x_wconf 84' lang='lat' dir='ltr'>Hoec</span> <span class='ocrx_word' id='word_1_268' title='bbox 903 2903 995 2950; x_wconf 81' lang='lat' dir='ltr'>Judaece</span> <span class='ocrx_word' id='word_1_269' title='bbox 1003 2903 1084 2966; x_wconf 78' lang='lat' dir='ltr'>ceput]</span> <span class='ocrx_word' id='word_1_270' title='bbox 1097 2901 1161 2952; x_wconf 88' lang='lat' dir='ltr'>Hine</span> <span class='ocrx_word' id='word_1_271' title='bbox 1169 2902 1193 2950; x_wconf 91' lang='lat' dir='ltr'>in</span> <span class='ocrx_word' id='word_1_272' title='bbox 1202 2903 1227 2950; x_wconf 94' lang='lat' dir='ltr'>N</span> <span class='ocrx_word' id='word_1_273' title='bbox 1229 2901 1261 2950; x_wconf 85' lang='lat' dir='ltr'>N.</span> <span class='ocrx_word' id='word_1_274' title='bbox 1271 2901 1319 2966; x_wconf 88' lang='lat' dir='ltr'>pri-</span> 
     </span>
     <span class='ocr_line' id='line_1_31' title="bbox 251 2966 1319 3032; baseline 0.002 -20"><span class='ocrx_word' id='word_1_275' title='bbox 251 2979 298 3012; x_wconf 91' lang='lat' dir='ltr'>non</span> <span class='ocrx_word' id='word_1_276' title='bbox 311 2966 375 3028; x_wconf 82' lang='lat' dir='ltr'>sinit,</span> <span class='ocrx_word' id='word_1_277' title='bbox 392 2976 420 3014; x_wconf 88' lang='lat' dir='ltr'>ut</span> <span class='ocrx_word' id='word_1_278' title='bbox 433 2967 523 3030; x_wconf 88' lang='lat' dir='ltr'>opinor,</span> <span class='ocrx_word' id='word_1_279' title='bbox 535 2981 592 3015; x_wconf 89' lang='lat' dir='ltr'>mox</span> <span class='ocrx_word' id='word_1_280' title='bbox 604 2981 701 3030; x_wconf 87' lang='lat' dir='ltr'>sequens</span> <span class='ocrx_word' id='word_1_281' title='bbox 711 2969 770 3016; x_wconf 80' lang='lat' dir='ltr'>lraee.</span> <span class='ocrx_word' id='word_1_282' title='bbox 801 2982 849 3025; x_wconf 85' lang='lat' dir='ltr'>ma,</span> <span class='ocrx_word' id='word_1_283' title='bbox 864 2967 920 3014; x_wconf 86' lang='lat' dir='ltr'>item</span> <span class='ocrx_word' id='word_1_284' title='bbox 930 2966 1009 3028; x_wconf 86' lang='lat' dir='ltr'>paullo</span> <span class='ocrx_word' id='word_1_285' title='bbox 1019 2975 1073 3029; x_wconf 87' lang='lat' dir='ltr'>post</span> <span class='ocrx_word' id='word_1_286' title='bbox 1082 2967 1221 3032; x_wconf 87' lang='lat' dir='ltr'>metropolis,</span> <span class='ocrx_word' id='word_1_287' title='bbox 1233 2966 1319 3015; x_wconf 71' lang='lat' dir='ltr'>salun-</span> 
     </span>
    </p>
   </div>
   <div class='ocr_carea' id='block_1_5' title="bbox 146 3029 1318 3094">
    <p class='ocr_par' dir='ltr' id='par_1_7' title="bbox 146 3029 1318 3094">
     <span class='ocr_line' id='line_1_32' title="bbox 146 3029 1318 3094; baseline 0.006 -22"><span class='ocrx_word' id='word_1_288' title='bbox 146 3067 148 3071; x_wconf 90' lang='lat'>.</span> <span class='ocrx_word' id='word_1_289' title='bbox 252 3029 324 3078; x_wconf 72' lang='lat' dir='ltr'>aas.</span> <span class='ocrx_word' id='word_1_290' title='bbox 801 3030 1318 3094; x_wconf 61' lang='lat' dir='ltr'>deviaveranrnnnooeea.pne.</span> 
     </span>
    </p>
   </div>
   <div class='ocr_carea' id='block_1_6' title="bbox 249 3094 1319 3546">
    <p class='ocr_par' dir='ltr' id='par_1_8' title="bbox 249 3094 1319 3418">
     <span class='ocr_line' id='line_1_33' title="bbox 286 3094 1317 3160; baseline 0.002 -19"><span class='ocrx_word' id='word_1_291' title='bbox 286 3097 422 3160; x_wconf 71' lang='lat' dir='ltr'>Carnutes]</span> <span class='ocrx_word' id='word_1_292' title='bbox 432 3094 471 3142; x_wconf 89' lang='lat' dir='ltr'>De</span> <span class='ocrx_word' id='word_1_293' title='bbox 479 3094 524 3143; x_wconf 91' lang='lat' dir='ltr'>hoc</span> <span class='ocrx_word' id='word_1_294' title='bbox 533 3104 612 3144; x_wconf 89' lang='lat' dir='ltr'>monte</span> <span class='ocrx_word' id='word_1_295' title='bbox 622 3095 702 3146; x_wconf 74' lang='lat' dir='ltr'>estu</span> <span class='ocrx_word' id='word_1_296' title='bbox 709 3097 769 3146; x_wconf 88' lang='lat' dir='ltr'>duc·</span> <span class='ocrx_word' id='word_1_297' title='bbox 801 3098 845 3144; x_wconf 91' lang='lat' dir='ltr'>sub</span> <span class='ocrx_word' id='word_1_298' title='bbox 855 3095 926 3144; x_wconf 85' lang='lat' dir='ltr'>Alex.</span> <span class='ocrx_word' id='word_1_299' title='bbox 938 3098 1026 3153; x_wconf 54' lang='lat' dir='ltr'>Ser-‚et</span> <span class='ocrx_word' id='word_1_300' title='bbox 1035 3111 1058 3158; x_wconf 85' lang='lat' dir='ltr'>p.</span> <span class='ocrx_word' id='word_1_301' title='bbox 1065 3149 1067 3154; x_wconf 28' lang='lat'><strong>¹</strong></span> <span class='ocrx_word' id='word_1_302' title='bbox 1074 3095 1128 3144; x_wconf 87' lang='grc'><strong>195.</strong></span> <span class='ocrx_word' id='word_1_303' title='bbox 1138 3097 1182 3144; x_wconf 90' lang='lat' dir='ltr'>sub</span> <span class='ocrx_word' id='word_1_304' title='bbox 1191 3094 1271 3143; x_wconf 88' lang='lat' dir='ltr'>Decio.</span> <span class='ocrx_word' id='word_1_305' title='bbox 1280 3094 1317 3143; x_wconf 82' lang='lat' dir='ltr'>ef.</span> 
     </span>
     <span class='ocr_line' id='line_1_34' title="bbox 251 3158 1317 3226; baseline 0.001 -21"><span class='ocrx_word' id='word_1_306' title='bbox 251 3159 296 3206; x_wconf 91' lang='lat' dir='ltr'>bus</span> <span class='ocrx_word' id='word_1_307' title='bbox 310 3160 413 3220; x_wconf 84' lang='lat' dir='ltr'>ejusdem</span> <span class='ocrx_word' id='word_1_308' title='bbox 426 3159 526 3207; x_wconf 81' lang='lat' dir='ltr'>numinis</span> <span class='ocrx_word' id='word_1_309' title='bbox 538 3161 564 3206; x_wconf 89' lang='lat' dir='ltr'>in</span> <span class='ocrx_word' id='word_1_310' title='bbox 575 3159 707 3221; x_wconf 69' lang='lat' dir='ltr'>rucuma,</span> <span class='ocrx_word' id='word_1_311' title='bbox 721 3176 768 3209; x_wconf 91' lang='lat' dir='ltr'>non</span> <span class='ocrx_word' id='word_1_312' title='bbox 801 3160 927 3226; x_wconf 84' lang='lat' dir='ltr'>Spanhem.</span> <span class='ocrx_word' id='word_1_313' title='bbox 944 3159 973 3208; x_wconf 91' lang='lat' dir='ltr'>de</span> <span class='ocrx_word' id='word_1_314' title='bbox 990 3159 1071 3208; x_wconf 80' lang='lat' dir='ltr'>Praest</span> <span class='ocrx_word' id='word_1_315' title='bbox 1089 3159 1147 3206; x_wconf 88' lang='lat' dir='ltr'>NN.</span> <span class='ocrx_word' id='word_1_316' title='bbox 1162 3168 1179 3207; x_wconf 90' lang='lat' dir='ltr'>t.</span> <span class='ocrx_word' id='word_1_317' title='bbox 1193 3158 1214 3204; x_wconf 92' lang='lat' dir='ltr'>l.</span> <span class='ocrx_word' id='word_1_318' title='bbox 1225 3172 1250 3221; x_wconf 91' lang='lat' dir='ltr'>p.</span> <span class='ocrx_word' id='word_1_319' title='bbox 1262 3161 1317 3208; x_wconf 85' lang='grc'><strong>595.</strong></span> 
     </span>
     <span class='ocr_line' id='line_1_35' title="bbox 251 3223 1319 3282; baseline 0.003 -12"><span class='ocrx_word' id='word_1_320' title='bbox 251 3223 417 3278; x_wconf 77' lang='lat' dir='ltr'>mnfundurdis</span> <span class='ocrx_word' id='word_1_321' title='bbox 439 3238 494 3270; x_wconf 88' lang='lat' dir='ltr'>cum</span> <span class='ocrx_word' id='word_1_322' title='bbox 518 3223 562 3272; x_wconf 89' lang='lat' dir='ltr'>boc</span> <span class='ocrx_word' id='word_1_323' title='bbox 580 3239 602 3272; x_wconf 86' lang='lat' dir='ltr'>v.</span> <span class='ocrx_word' id='word_1_324' title='bbox 619 3224 650 3271; x_wconf 90' lang='lat' dir='ltr'>ad</span> <span class='ocrx_word' id='word_1_325' title='bbox 671 3225 767 3274; x_wconf 83' lang='lat' dir='ltr'>Sueten.</span> <span class='ocrx_word' id='word_1_326' title='bbox 801 3223 1319 3282; x_wconf 69' lang='lat' dir='ltr'>Diua.;ceetnuhe1noce.nn.vee</span> 
     </span>
     <span class='ocr_line' id='line_1_36' title="bbox 252 3286 987 3353; baseline 0.001 -19"><span class='ocrx_word' id='word_1_327' title='bbox 252 3286 323 3351; x_wconf 84' lang='lat' dir='ltr'>Vesp.</span> <span class='ocrx_word' id='word_1_328' title='bbox 337 3304 357 3336; x_wconf 77' lang='lat' dir='ltr'>c.</span> <span class='ocrx_word' id='word_1_329' title='bbox 370 3291 394 3338; x_wconf 81' lang='grc'>5.</span> <span class='ocrx_word' id='word_1_330' title='bbox 410 3289 483 3337; x_wconf 68' lang='lat' dir='ltr'>Eme·</span> <span class='ocrx_word' id='word_1_331' title='bbox 502 3286 540 3336; x_wconf 78' lang='lat' dir='ltr'>(if.</span> <span class='ocrx_word' id='word_1_332' title='bbox 555 3297 579 3337; x_wconf 89' lang='lat' dir='ltr'>et</span> <span class='ocrx_word' id='word_1_333' title='bbox 589 3288 687 3338; x_wconf 82' lang='lat' dir='ltr'>Orosius</span> <span class='ocrx_word' id='word_1_334' title='bbox 704 3290 728 3349; x_wconf 85' lang='lat'>7,</span> <span class='ocrx_word' id='word_1_335' title='bbox 743 3292 769 3339; x_wconf 88' lang='grc'>9.</span> <span class='ocrx_word' id='word_1_336' title='bbox 800 3291 846 3338; x_wconf 78' lang='lat' dir='ltr'>vol.</span> <span class='ocrx_word' id='word_1_337' title='bbox 859 3291 884 3338; x_wconf 83' lang='grc'>3.</span> <span class='ocrx_word' id='word_1_338' title='bbox 896 3305 921 3353; x_wconf 88' lang='lat' dir='ltr'>p.</span> <span class='ocrx_word' id='word_1_339' title='bbox 931 3290 987 3338; x_wconf 76' lang='grc'><strong>«133.</strong></span> 
     </span>
     <span class='ocr_line' id='line_1_37' title="bbox 249 3351 1318 3418; baseline 0.005 -20"><span class='ocrx_word' id='word_1_340' title='bbox 249 3353 291 3399; x_wconf 90' lang='lat' dir='ltr'>ubi</span> <span class='ocrx_word' id='word_1_341' title='bbox 301 3354 402 3412; x_wconf 77' lang='lat' dir='ltr'>sortium</span> <span class='ocrx_word' id='word_1_342' title='bbox 411 3352 526 3401; x_wconf 85' lang='lat' dir='ltr'>meminit.</span> <span class='ocrx_word' id='word_1_343' title='bbox 833 3355 939 3412; x_wconf 68' lang='lat' dir='ltr'>Initium</span> <span class='ocrx_word' id='word_1_344' title='bbox 948 3353 1058 3418; x_wconf 78' lang='lat' dir='ltr'>serendi]</span> <span class='ocrx_word' id='word_1_345' title='bbox 1073 3352 1168 3416; x_wconf 83' lang='lat' dir='ltr'>Vereor,</span> <span class='ocrx_word' id='word_1_346' title='bbox 1181 3368 1212 3401; x_wconf 90' lang='lat' dir='ltr'>ne</span> <span class='ocrx_word' id='word_1_347' title='bbox 1221 3351 1318 3403; x_wconf 84' lang='lat' dir='ltr'>Tacitus</span> 
     </span>
    </p>

    <p class='ocr_par' dir='ltr' id='par_1_9' title="bbox 249 3416 1318 3546">
     <span class='ocr_line' id='line_1_38' title="bbox 283 3416 1318 3482; baseline 0.001 -17"><span class='ocrx_word' id='word_1_348' title='bbox 283 3419 338 3465; x_wconf 89' lang='lat' dir='ltr'>Nec</span> <span class='ocrx_word' id='word_1_349' title='bbox 347 3419 516 3481; x_wconf 72' lang='lat' dir='ltr'>rimaberum]</span> <span class='ocrx_word' id='word_1_350' title='bbox 534 3417 687 3466; x_wconf 86' lang='lat' dir='ltr'>Parissimnm</span> <span class='ocrx_word' id='word_1_351' title='bbox 697 3416 766 3480; x_wconf 82' lang='lat' dir='ltr'>illud,</span> <span class='ocrx_word' id='word_1_352' title='bbox 799 3416 888 3466; x_wconf 81' lang='lat' dir='ltr'>dederit</span> <span class='ocrx_word' id='word_1_353' title='bbox 899 3418 1018 3481; x_wconf 73' lang='lat' dir='ltr'>defirendi</span> <span class='ocrx_word' id='word_1_354' title='bbox 1028 3421 1148 3480; x_wconf 76' lang='lat' dir='ltr'>Impertt‚·</span> <span class='ocrx_word' id='word_1_355' title='bbox 1166 3417 1229 3482; x_wconf 89' lang='lat' dir='ltr'>quod</span> <span class='ocrx_word' id='word_1_356' title='bbox 1240 3426 1274 3465; x_wconf 85' lang='lat' dir='ltr'>est</span> <span class='ocrx_word' id='word_1_357' title='bbox 1283 3418 1318 3466; x_wconf 90' lang='lat' dir='ltr'>le-</span> 
     </span>
     <span class='ocr_line' id='line_1_39' title="bbox 249 3481 1318 3546; baseline 0.002 -18"><span class='ocrx_word' id='word_1_358' title='bbox 249 3482 312 3544; x_wconf 91' lang='lat' dir='ltr'>quod</span> <span class='ocrx_word' id='word_1_359' title='bbox 323 3482 353 3530; x_wconf 88' lang='lat' dir='ltr'>de</span> <span class='ocrx_word' id='word_1_360' title='bbox 365 3481 479 3534; x_wconf 88' lang='lat' dir='ltr'>Herculeo</span> <span class='ocrx_word' id='word_1_361' title='bbox 493 3482 548 3530; x_wconf 80' lang='lat' dir='ltr'>sano</span> <span class='ocrx_word' id='word_1_362' title='bbox 562 3481 593 3530; x_wconf 88' lang='lat' dir='ltr'>ad</span> <span class='ocrx_word' id='word_1_363' title='bbox 603 3481 682 3531; x_wconf 81' lang='lat' dir='ltr'>Gades</span> <span class='ocrx_word' id='word_1_364' title='bbox 697 3481 767 3532; x_wconf 80' lang='lat' dir='ltr'>tradit</span> <span class='ocrx_word' id='word_1_365' title='bbox 800 3481 910 3546; x_wconf 74' lang='lat' dir='ltr'>gitimum</span> <span class='ocrx_word' id='word_1_366' title='bbox 931 3482 1036 3530; x_wconf 80' lang='lat' dir='ltr'>verbum.</span> <span class='ocrx_word' id='word_1_367' title='bbox 1077 3484 1154 3530; x_wconf 83' lang='lat' dir='ltr'>Ferre</span> <span class='ocrx_word' id='word_1_368' title='bbox 1169 3483 1201 3529; x_wconf 82' lang='lat' dir='ltr'>ed</span> <span class='ocrx_word' id='word_1_369' title='bbox 1215 3484 1318 3542; x_wconf 67' lang='lat' dir='ltr'>diesem</span> 
     </span>
    </p>
   </div>
   <div class='ocr_carea' id='block_1_7' title="bbox 250 3545 1418 3610">
    <p class='ocr_par' dir='ltr' id='par_1_10' title="bbox 250 3545 1418 3610">
     <span class='ocr_line' id='line_1_40' title="bbox 250 3545 1418 3610; baseline 0 -16"><span class='ocrx_word' id='word_1_370' title='bbox 250 3547 321 3594; x_wconf 87' lang='lat' dir='ltr'>Silius</span> <span class='ocrx_word' id='word_1_371' title='bbox 331 3547 356 3608; x_wconf 83' lang='lat'>3,</span> <span class='ocrx_word' id='word_1_372' title='bbox 368 3549 407 3596; x_wconf 82' lang='lat'>³0.</span> <span class='ocrx_word' id='word_1_373' title='bbox 432 3548 479 3596; x_wconf 86' lang='lat' dir='ltr'>Sed</span> <span class='ocrx_word' id='word_1_374' title='bbox 491 3549 558 3594; x_wconf 70' lang='lat' dir='ltr'>autb</span> <span class='ocrx_word' id='word_1_375' title='bbox 569 3548 768 3609; x_wconf 54' lang='lat' dir='ltr'>waimalc-</span> <span class='ocrx_word' id='word_1_376' title='bbox 800 3548 1066 3610; x_wconf 73' lang='lat' dir='ltr'>Impertrrrnnunquam</span> <span class='ocrx_word' id='word_1_377' title='bbox 1077 3545 1159 3610; x_wconf 86' lang='lat' dir='ltr'>reperi.</span> <span class='ocrx_word' id='word_1_378' title='bbox 1184 3545 1218 3594; x_wconf 84' lang='lat' dir='ltr'>Et</span> <span class='ocrx_word' id='word_1_379' title='bbox 1231 3546 1331 3595; x_wconf 88' lang='lat' dir='ltr'>substi-·</span> <span class='ocrx_word' id='word_1_380' title='bbox 1416 3565 1418 3570; x_wconf 87' lang='lat'><em>·</em></span> 
     </span>
    </p>
   </div>
   <div class='ocr_carea' id='block_1_8' title="bbox 247 3610 1318 4194">
    <p class='ocr_par' dir='ltr' id='par_1_11' title="bbox 247 3610 1318 4194">
     <span class='ocr_line' id='line_1_41' title="bbox 250 3610 1317 3675; baseline 0.002 -18"><span class='ocrx_word' id='word_1_381' title='bbox 250 3625 335 3672; x_wconf 73' lang='lat' dir='ltr'>eraque</span> <span class='ocrx_word' id='word_1_382' title='bbox 352 3619 407 3660; x_wconf 77' lang='lat' dir='ltr'>aete</span> <span class='ocrx_word' id='word_1_383' title='bbox 423 3615 533 3660; x_wconf 79' lang='lat' dir='ltr'>Deorum</span> <span class='ocrx_word' id='word_1_384' title='bbox 547 3614 676 3675; x_wconf 80' lang='lat' dir='ltr'>Mejestete</span> <span class='ocrx_word' id='word_1_385' title='bbox 690 3613 767 3660; x_wconf 81' lang='lat' dir='ltr'>lecum</span> <span class='ocrx_word' id='word_1_386' title='bbox 800 3610 836 3658; x_wconf 89' lang='lat' dir='ltr'>tui</span> <span class='ocrx_word' id='word_1_387' title='bbox 852 3610 966 3675; x_wconf 83' lang='lat' dir='ltr'>simplicia</span> <span class='ocrx_word' id='word_1_388' title='bbox 981 3611 1112 3675; x_wconf 86' lang='lat' dir='ltr'>compositis</span> <span class='ocrx_word' id='word_1_389' title='bbox 1128 3626 1201 3658; x_wconf 86' lang='lat' dir='ltr'>errore</span> <span class='ocrx_word' id='word_1_390' title='bbox 1213 3610 1317 3659; x_wconf 89' lang='lat' dir='ltr'>librario·</span> 
     </span>
     <span class='ocr_line' id='line_1_42' title="bbox 250 3675 1318 3740; baseline 0.004 -19"><span class='ocrx_word' id='word_1_391' title='bbox 250 3678 586 3740; x_wconf 77' lang='lat' dir='ltr'>etraerotmpleverettmere</span> <span class='ocrx_word' id='word_1_392' title='bbox 613 3675 688 3724; x_wconf 81' lang='lat' dir='ltr'>ers.</span> <span class='ocrx_word' id='word_1_393' title='bbox 800 3690 861 3736; x_wconf 89' lang='lat' dir='ltr'>rum,</span> <span class='ocrx_word' id='word_1_394' title='bbox 878 3691 949 3740; x_wconf 87' lang='lat' dir='ltr'>supra</span> <span class='ocrx_word' id='word_1_395' title='bbox 964 3675 1065 3725; x_wconf 84' lang='lat' dir='ltr'>vidimus</span> <span class='ocrx_word' id='word_1_396' title='bbox 1081 3691 1100 3723; x_wconf 87' lang='lat' dir='ltr'>c.</span> <span class='ocrx_word' id='word_1_397' title='bbox 1113 3675 1152 3734; x_wconf 83' lang='lat'>67.</span> <span class='ocrx_word' id='word_1_398' title='bbox 1185 3675 1236 3724; x_wconf 87' lang='lat' dir='ltr'>Nee</span> <span class='ocrx_word' id='word_1_399' title='bbox 1250 3675 1318 3735; x_wconf 84' lang='lat' dir='ltr'>valde</span> 
     </span>
     <span class='ocr_line' id='line_1_43' title="bbox 281 3739 1317 3816; baseline 0.002 -30"><span class='ocrx_word' id='word_1_400' title='bbox 281 3740 715 3816; x_wconf 78' lang='lat' dir='ltr'>AremtaatumetreuereatiamJSie</span> <span class='ocrx_word' id='word_1_401' title='bbox 723 3756 768 3791; x_wconf 82' lang='lat' dir='ltr'>ser.</span> <span class='ocrx_word' id='word_1_402' title='bbox 800 3739 876 3804; x_wconf 81' lang='lat' dir='ltr'>placet</span> <span class='ocrx_word' id='word_1_403' title='bbox 896 3743 994 3788; x_wconf 73' lang='lat' dir='ltr'>initium</span> <span class='ocrx_word' id='word_1_404' title='bbox 1015 3747 1124 3802; x_wconf 78' lang='lat' dir='ltr'>creptum.</span> <span class='ocrx_word' id='word_1_405' title='bbox 1158 3739 1200 3788; x_wconf 89' lang='lat' dir='ltr'>An</span> <span class='ocrx_word' id='word_1_406' title='bbox 1222 3747 1317 3802; x_wconf 77' lang='lat' dir='ltr'>ceptum</span> 
     </span>
     <span class='ocr_line' id='line_1_44' title="bbox 248 3803 1318 3869; baseline 0.004 -19"><span class='ocrx_word' id='word_1_407' title='bbox 248 3803 767 3869; x_wconf 81' lang='lat' dir='ltr'>eteddomnes,praeterRyek.qu1edidite</span> <span class='ocrx_word' id='word_1_408' title='bbox 800 3805 964 3854; x_wconf 78' lang='lat' dir='ltr'>scribendum?</span> <span class='ocrx_word' id='word_1_409' title='bbox 996 3806 1063 3866; x_wconf 76' lang='lat' dir='ltr'>Cupi</span> <span class='ocrx_word' id='word_1_410' title='bbox 1094 3804 1173 3854; x_wconf 87' lang='lat' dir='ltr'>uidem</span> <span class='ocrx_word' id='word_1_411' title='bbox 1188 3813 1211 3853; x_wconf 91' lang='lat' dir='ltr'>et</span> <span class='ocrx_word' id='word_1_412' title='bbox 1227 3808 1278 3868; x_wconf 74' lang='lat' dir='ltr'>cepi</span> <span class='ocrx_word' id='word_1_413' title='bbox 1295 3817 1318 3854; x_wconf 88' lang='lat' dir='ltr'>et</span> 
     </span>
     <span class='ocr_line' id='line_1_45' title="bbox 248 3865 1317 3932; baseline 0.003 -18"><span class='ocrx_word' id='word_1_414' title='bbox 248 3865 305 3915; x_wconf 87' lang='lat' dir='ltr'>MS.</span> <span class='ocrx_word' id='word_1_415' title='bbox 313 3868 373 3932; x_wconf 77' lang='lat' dir='ltr'>Agr.</span> <span class='ocrx_word' id='word_1_416' title='bbox 385 3885 429 3916; x_wconf 84' lang='lat' dir='ltr'>cre</span> <span class='ocrx_word' id='word_1_417' title='bbox 438 3875 461 3916; x_wconf 76' lang='lat' dir='ltr'>et</span> <span class='ocrx_word' id='word_1_418' title='bbox 469 3871 608 3929; x_wconf 75' lang='lat' dir='ltr'>reverentie,</span> <span class='ocrx_word' id='word_1_419' title='bbox 617 3877 644 3916; x_wconf 91' lang='lat' dir='ltr'>ut</span> <span class='ocrx_word' id='word_1_420' title='bbox 652 3869 767 3918; x_wconf 83' lang='lat' dir='ltr'>Rhenano</span> <span class='ocrx_word' id='word_1_421' title='bbox 800 3869 1001 3930; x_wconf 64' lang='lat' dir='ltr'>alibieonfirsac.</span> <span class='ocrx_word' id='word_1_422' title='bbox 1013 3871 1053 3926; x_wconf 84' lang='lat'>97.</span> <span class='ocrx_word' id='word_1_423' title='bbox 1099 3869 1280 3918; x_wconf 86' lang='lat' dir='ltr'>ddictaadA.</span> <span class='ocrx_word' id='word_1_424' title='bbox 1291 3870 1317 3930; x_wconf 87' lang='lat'>6,</span> 
     </span>
     <span class='ocr_line' id='line_1_46' title="bbox 248 3932 1317 3999; baseline 0.002 -20"><span class='ocrx_word' id='word_1_425' title='bbox 248 3940 272 3979; x_wconf 90' lang='lat' dir='ltr'>et</span> <span class='ocrx_word' id='word_1_426' title='bbox 293 3933 375 3980; x_wconf 86' lang='lat' dir='ltr'>Grotio</span> <span class='ocrx_word' id='word_1_427' title='bbox 395 3933 488 3995; x_wconf 85' lang='lat' dir='ltr'>placuit.</span> <span class='ocrx_word' id='word_1_428' title='bbox 521 3932 665 3994; x_wconf 72' lang='lat' dir='ltr'>¹Defenditur</span> <span class='ocrx_word' id='word_1_429' title='bbox 684 3936 767 3999; x_wconf 68' lang='lat' dir='ltr'>vulga,</span> <span class='ocrx_word' id='word_1_430' title='bbox 802 3935 839 3980; x_wconf 91' lang='grc'>15.</span> <span class='ocrx_word' id='word_1_431' title='bbox 856 3933 918 3983; x_wconf 87' lang='lat' dir='ltr'>Mox</span> <span class='ocrx_word' id='word_1_432' title='bbox 929 3937 1108 3983; x_wconf 66' lang='lat' dir='ltr'>iuramento</span> <span class='ocrx_word' id='word_1_433' title='bbox 1119 3935 1173 3984; x_wconf 86' lang='lat' dir='ltr'>Ms.</span> <span class='ocrx_word' id='word_1_434' title='bbox 1191 3934 1254 3984; x_wconf 86' lang='lat' dir='ltr'>Flcr.</span> <span class='ocrx_word' id='word_1_435' title='bbox 1270 3934 1317 3984; x_wconf 83' lang='lat' dir='ltr'>vid</span> 
     </span>
     <span class='ocr_line' id='line_1_47' title="bbox 248 3997 1318 4064; baseline 0.004 -21"><span class='ocrx_word' id='word_1_436' title='bbox 248 4004 299 4044; x_wconf 89' lang='lat' dir='ltr'>tum</span> <span class='ocrx_word' id='word_1_437' title='bbox 310 4013 325 4044; x_wconf 91' lang='lat' dir='ltr'>a</span> <span class='ocrx_word' id='word_1_438' title='bbox 336 3997 437 4046; x_wconf 82' lang='lat' dir='ltr'>Grutere</span> <span class='ocrx_word' id='word_1_439' title='bbox 446 3997 477 4045; x_wconf 88' lang='lat' dir='ltr'>ad</span> <span class='ocrx_word' id='word_1_440' title='bbox 490 3999 516 4055; x_wconf 76' lang='grc'>8,</span> <span class='ocrx_word' id='word_1_441' title='bbox 533 3997 572 4044; x_wconf 86' lang='grc'>61.</span> <span class='ocrx_word' id='word_1_442' title='bbox 590 3999 630 4046; x_wconf 88' lang='lat' dir='ltr'>sed</span> <span class='ocrx_word' id='word_1_443' title='bbox 644 4013 691 4047; x_wconf 90' lang='lat' dir='ltr'>uon</span> <span class='ocrx_word' id='word_1_444' title='bbox 702 4000 767 4056; x_wconf 56' lang='lat' dir='ltr'>simi,</span> <span class='ocrx_word' id='word_1_445' title='bbox 800 3997 857 4048; x_wconf 76' lang='lat' dir='ltr'>sde-</span> <span class='ocrx_word' id='word_1_446' title='bbox 867 4001 906 4047; x_wconf 84' lang='grc'>55.</span> <span class='ocrx_word' id='word_1_447' title='bbox 917 3999 990 4048; x_wconf 79' lang='lat' dir='ltr'>Ean.</span> <span class='ocrx_word' id='word_1_448' title='bbox 1004 3999 1069 4048; x_wconf 89' lang='lat' dir='ltr'>Bud.</span> <span class='ocrx_word' id='word_1_449' title='bbox 1077 4007 1222 4048; x_wconf 65' lang='lat' dir='ltr'>tenemento</span> <span class='ocrx_word' id='word_1_450' title='bbox 1231 4002 1318 4064; x_wconf 87' lang='lat' dir='ltr'>absque</span> 
     </span>
     <span class='ocr_line' id='line_1_48' title="bbox 247 4060 1250 4126; baseline 0.007 -19"><span class='ocrx_word' id='word_1_451' title='bbox 247 4060 765 4126; x_wconf 64' lang='lat' dir='ltr'>libueratisexempliaitemamronorio.</span> <span class='ocrx_word' id='word_1_452' title='bbox 801 4065 834 4110; x_wconf 79' lang='lat' dir='ltr'>ir.</span> <span class='ocrx_word' id='word_1_453' title='bbox 855 4063 893 4112; x_wconf 86' lang='lat' dir='ltr'>Sic</span> <span class='ocrx_word' id='word_1_454' title='bbox 902 4072 927 4112; x_wconf 89' lang='lat' dir='ltr'>et</span> <span class='ocrx_word' id='word_1_455' title='bbox 938 4064 992 4112; x_wconf 77' lang='lat' dir='ltr'>Pur„</span> <span class='ocrx_word' id='word_1_456' title='bbox 1003 4063 1060 4113; x_wconf 87' lang='lat' dir='ltr'>Alc.</span> <span class='ocrx_word' id='word_1_457' title='bbox 1071 4065 1149 4114; x_wconf 90' lang='lat' dir='ltr'>Rhen.</span> <span class='ocrx_word' id='word_1_458' title='bbox 1247 4115 1250 4120; x_wconf 73' lang='grc'>,</span> 
     </span>
     <span class='ocr_line' id='line_1_49' title="bbox 247 4123 1317 4194; baseline 0.003 -23"><span class='ocrx_word' id='word_1_459' title='bbox 247 4123 281 4172; x_wconf 86' lang='lat' dir='ltr'>Et</span> <span class='ocrx_word' id='word_1_460' title='bbox 303 4135 378 4188; x_wconf 85' lang='lat' dir='ltr'>potest</span> <span class='ocrx_word' id='word_1_461' title='bbox 399 4142 453 4176; x_wconf 87' lang='lat' dir='ltr'>sane</span> <span class='ocrx_word' id='word_1_462' title='bbox 473 4126 573 4190; x_wconf 80' lang='lat' dir='ltr'>pmdere</span> <span class='ocrx_word' id='word_1_463' title='bbox 593 4142 608 4173; x_wconf 87' lang='lat' dir='ltr'>a</span> <span class='ocrx_word' id='word_1_464' title='bbox 629 4129 764 4176; x_wconf 76' lang='lat' dir='ltr'>tradidere:</span> <span class='ocrx_word' id='word_1_465' title='bbox 832 4130 971 4176; x_wconf 76' lang='lat' dir='ltr'>Festinaate</span> <span class='ocrx_word' id='word_1_466' title='bbox 993 4131 1099 4194; x_wconf 74' lang='lat' dir='ltr'>Tiberio]</span> <span class='ocrx_word' id='word_1_467' title='bbox 1121 4128 1207 4178; x_wconf 81' lang='lat' dir='ltr'>Contra</span> <span class='ocrx_word' id='word_1_468' title='bbox 1223 4128 1274 4177; x_wconf 85' lang='lat' dir='ltr'>Jos.</span> <span class='ocrx_word' id='word_1_469' title='bbox 1291 4129 1317 4186; x_wconf 84' lang='lat'>4,</span> 
     </span>
    </p>
   </div>
   <div class='ocr_carea' id='block_1_9' title="bbox 247 4191 1318 4303">
    <p class='ocr_par' dir='ltr' id='par_1_12' title="bbox 247 4191 1318 4303">
     <span class='ocr_line' id='line_1_50' title="bbox 247 4191 1318 4303; baseline 0.001 -68"><span class='ocrx_word' id='word_1_470' title='bbox 247 4203 316 4236; x_wconf 84' lang='lat' dir='ltr'>arem</span> <span class='ocrx_word' id='word_1_471' title='bbox 330 4198 424 4239; x_wconf 79' lang='lat' dir='ltr'>tartum</span> <span class='ocrx_word' id='word_1_472' title='bbox 436 4199 460 4240; x_wconf 83' lang='lat' dir='ltr'>et</span> <span class='ocrx_word' id='word_1_473' title='bbox 474 4193 629 4239; x_wconf 75' lang='lat' dir='ltr'>reverentiam</span> <span class='ocrx_word' id='word_1_474' title='bbox 640 4194 766 4241; x_wconf 75' lang='lat' dir='ltr'>tradidere.</span> <span class='ocrx_word' id='word_1_475' title='bbox 802 4192 841 4251; x_wconf 88' lang='grc'>19,</span> <span class='ocrx_word' id='word_1_476' title='bbox 853 4193 876 4240; x_wconf 87' lang='grc'>6.</span> <span class='ocrx_word' id='word_1_477' title='bbox 895 4192 949 4241; x_wconf 79' lang='lat' dir='ltr'>Tib.</span> <span class='ocrx_word' id='word_1_478' title='bbox 963 4193 1126 4242; x_wconf 85' lang='lat' dir='ltr'>Alexandrum</span> <span class='ocrx_word' id='word_1_479' title='bbox 1137 4193 1203 4303; x_wconf 65' lang='lat' dir='ltr'>prius</span> <span class='ocrx_word' id='word_1_480' title='bbox 1215 4208 1259 4255; x_wconf 86' lang='lat' dir='ltr'>per</span> <span class='ocrx_word' id='word_1_481' title='bbox 1269 4191 1318 4252; x_wconf 87' lang='lat' dir='ltr'>epi.</span> 
     </span>
    </p>
   </div>
   <div class='ocr_carea' id='block_1_10' title="bbox 247 4252 1318 4385">
    <p class='ocr_par' dir='ltr' id='par_1_13' title="bbox 247 4252 1318 4385">
     <span class='ocr_line' id='line_1_51' title="bbox 247 4252 1318 4322; baseline 0.003 -23"><span class='ocrx_word' id='word_1_482' title='bbox 247 4252 295 4300; x_wconf 83' lang='lat' dir='ltr'>Sed</span> <span class='ocrx_word' id='word_1_483' title='bbox 304 4253 364 4302; x_wconf 90' lang='lat' dir='ltr'>illud</span> <span class='ocrx_word' id='word_1_484' title='bbox 373 4255 477 4316; x_wconf 85' lang='lat' dir='ltr'>mallem,</span> <span class='ocrx_word' id='word_1_485' title='bbox 494 4257 514 4304; x_wconf 89' lang='lat' dir='ltr'>si</span> <span class='ocrx_word' id='word_1_486' title='bbox 527 4255 581 4305; x_wconf 88' lang='lat' dir='ltr'>libri</span> <span class='ocrx_word' id='word_1_487' title='bbox 591 4256 645 4304; x_wconf 89' lang='lat' dir='ltr'>boni</span> <span class='ocrx_word' id='word_1_488' title='bbox 655 4255 765 4306; x_wconf 80' lang='lat' dir='ltr'>faverent.</span> <span class='ocrx_word' id='word_1_489' title='bbox 801 4257 883 4314; x_wconf 83' lang='lat' dir='ltr'>stolam</span> <span class='ocrx_word' id='word_1_490' title='bbox 894 4274 909 4306; x_wconf 85' lang='lat' dir='ltr'>e</span> <span class='ocrx_word' id='word_1_491' title='bbox 920 4258 1062 4322; x_wconf 86' lang='lat' dir='ltr'>Vespasiano</span> <span class='ocrx_word' id='word_1_492' title='bbox 1070 4261 1121 4320; x_wconf 86' lang='lat' dir='ltr'>jam</span> <span class='ocrx_word' id='word_1_493' title='bbox 1159 4257 1244 4320; x_wconf 89' lang='lat' dir='ltr'>rincipe</span> <span class='ocrx_word' id='word_1_494' title='bbox 1254 4253 1318 4302; x_wconf 81' lang='lat' dir='ltr'>salu-</span> 
     </span>
     <span class='ocr_line' id='line_1_52' title="bbox 248 4316 1161 4385; baseline 0.007 -21"><span class='ocrx_word' id='word_1_495' title='bbox 248 4316 327 4364; x_wconf 70' lang='lat' dir='ltr'>Gueli</span> <span class='ocrx_word' id='word_1_496' title='bbox 338 4335 353 4366; x_wconf 87' lang='lat' dir='ltr'>a</span> <span class='ocrx_word' id='word_1_497' title='bbox 363 4334 436 4369; x_wconf 86' lang='lat' dir='ltr'>manu</span> <span class='ocrx_word' id='word_1_498' title='bbox 461 4336 480 4368; x_wconf 90' lang='lat' dir='ltr'>r.</span> <span class='ocrx_word' id='word_1_499' title='bbox 490 4321 530 4368; x_wconf 83' lang='lat' dir='ltr'>red</span> <span class='ocrx_word' id='word_1_500' title='bbox 538 4321 657 4369; x_wconf 78' lang='lat' dir='ltr'>tradidere</span> <span class='ocrx_word' id='word_1_501' title='bbox 666 4325 767 4385; x_wconf 83' lang='lat' dir='ltr'>mej0res</span> <span class='ocrx_word' id='word_1_502' title='bbox 800 4329 849 4372; x_wconf 83' lang='lat' dir='ltr'>tato</span> <span class='ocrx_word' id='word_1_503' title='bbox 859 4336 908 4372; x_wconf 84' lang='lat' dir='ltr'>csse</span> <span class='ocrx_word' id='word_1_504' title='bbox 918 4323 1063 4372; x_wconf 89' lang='lat' dir='ltr'>admonitum</span> <span class='ocrx_word' id='word_1_505' title='bbox 1074 4321 1161 4370; x_wconf 87' lang='lat' dir='ltr'>scribit.</span> 
     </span>
    </p>
   </div>
   <div class='ocr_carea' id='block_1_11' title="bbox 247 4337 767 4454">
    <p class='ocr_par' dir='ltr' id='par_1_14' title="bbox 247 4337 767 4454">
     <span class='ocr_line' id='line_1_53' title="bbox 247 4337 767 4454; baseline 0.019 -28"><span class='ocrx_word' id='word_1_506' title='bbox 247 4395 316 4428; x_wconf 82' lang='lat' dir='ltr'>aram</span> <span class='ocrx_word' id='word_1_507' title='bbox 329 4389 346 4430; x_wconf 84' lang='lat' dir='ltr'>t.</span> <span class='ocrx_word' id='word_1_508' title='bbox 360 4398 380 4430; x_wconf 85' lang='lat' dir='ltr'>e.</span> <span class='ocrx_word' id='word_1_509' title='bbox 393 4400 414 4431; x_wconf 87' lang='lat' dir='ltr'>r.</span> <span class='ocrx_word' id='word_1_510' title='bbox 442 4337 514 4444; x_wconf 52' lang='lat' dir='ltr'>duod</span> <span class='ocrx_word' id='word_1_511' title='bbox 529 4385 637 4454; x_wconf 73' lang='lat' dir='ltr'>placeret,</span> <span class='ocrx_word' id='word_1_512' title='bbox 653 4386 673 4432; x_wconf 90' lang='lat' dir='ltr'>si</span> <span class='ocrx_word' id='word_1_513' title='bbox 688 4387 767 4449; x_wconf 84' lang='lat' dir='ltr'>plures</span> 
     </span>
    </p>
   </div>
   <div class='ocr_carea' id='block_1_12' title="bbox 0 0 1534 4975">
    <p class='ocr_par' dir='ltr' id='par_1_15' title="bbox 0 0 1534 4975">
     <span class='ocr_line' id='line_1_54' title="bbox 0 0 1534 4975; baseline 0 2"><span class='ocrx_word' id='word_1_514' title='bbox 0 0 1534 4975; x_wconf 95' lang='lat' dir='ltr'> </span> 
     </span>
    </p>
   </div>
  </div>
 </body>
</html>
