3059 4975
203 296 260 354 150
584 290 889 353 HISTORIARUM
921 348 925 355 ,
1095 294 1148 373 [Α.
1163 300 1277 359 υ.823.

204 480 271 556 quo
283 457 397 537 minus,
419 470 457 523 ut
475 469 610 543 captam,
633 457 743 522 urbem
764 455 992 543 ingrederetur,
1012 457 1184 524 amicorum
1206 484 1275 526 cona

205 543 272 608 silio
282 543 459 623 deterritus,
474 555 601 630 sumpta
610 556 761 642 proetexta
772 556 804 607 et
817 543 988 630 composito
997 545 1131 630 agmine,
1144 546 1276 613 incessit.
1315 560 1323 583 ·

206 632 351 708 Quatuor
371 629 529 718 legionum
554 629 668 716 aqurlae
690 628 916 715 perstantem,
939 629 1131 718 totidemque
1154 632 1235 697 circa
1260 656 1278 697 e

206 715 382 803 legionibus
400 716 467 781 aliis
481 714 605 794 vexilla,
619 738 695 779 mox
709 716 785 779 XII
801 714 922 779 alarum
944 715 1043 801 signa,
1059 729 1090 781 et
1103 731 1175 805 post
1189 718 1277 805 pedi-

207 817 276 866 tum
300 802 435 882 ordines,
459 824 573 889 eques:
606 802 678 866 dein
703 814 841 887 quatuor
863 814 894 865 et
917 803 1031 865 XXX
1058 803 1209 882 cohortes,
1240 818 1278 869 ut

206 888 333 953 nomina
346 889 498 976 gentium,
513 900 571 951 aut
584 888 700 975 species
714 910 873 951 armorum
888 887 1001 967 forent,
1016 888 1165 953 discrete.
1188 892 1277 954 Ante

207 973 345 1060 aquilam
368 974 514 1039 Praefecti
535 988 706 1038 castrorum
732 972 932 1061 Tribunique
953 987 985 1038 et
1005 973 1097 1061 primi
1114 976 1278 1039 Centurio-

207 1082 296 1138 num,
316 1060 450 1125 candida
468 1072 570 1124 veste:
597 1058 690 1125 ceteri
711 1059 807 1145 juxta
829 1083 917 1125 suam
962 1060 1073 1147 uisque
1094 1061 1277 1141 centuriam,

207 1147 301 1211 armis
325 1146 476 1233 donisque
495 1144 660 1230 fulgentes.
705 1145 752 1209 Et
773 1143 906 1209 militum
976 1144 1067 1209 alerae
1090 1160 1278 1234 torquesque
1368 1176 1371 1195 ›

209 1230 429 1319 splendebant:
452 1230 565 1295 decora
586 1231 690 1308 facies,
712 1243 744 1294 et
762 1252 824 1293 non
845 1168 973 1295 Vitellio
996 1230 1141 1319 Principe
1163 1233 1279 1320 dignus

206 1318 369 1384 exercitus.
414 1318 465 1382 Sic
480 1316 670 1402 Capitolium
691 1315 859 1402 ingressus,
874 1331 969 1403 atque
982 1316 1026 1381 ibi
1048 1332 1179 1383 matrem
1193 1342 1278 1383 com·

207 1404 331 1493 plexus,
345 1405 504 1491 Augrrstae
517 1403 641 1466 nomine
654 1401 829 1468 honoravit.

250 1489 323 1553 XC.
347 1492 478 1555 Postera
490 1488 552 1568 die,
566 1499 728 1574 tamquam
741 1489 828 1575 apud
842 1488 968 1553 alterius
982 1488 1113 1556 civitatis
1127 1490 1279 1555 Senatum

208 1579 256 1641 Po
279 1573 441 1662 ulumque,
463 1576 659 1659 magnificam
679 1575 848 1640 orationem
871 1575 911 1639 de
932 1574 1038 1638 semeti
1062 1599 1096 1639 so
1113 1577 1277 1665 prompsit,

206 1598 392 1725 indirstriam
414 1651 713 1748 temperantiamque
735 1684 824 1725 suam
847 1659 993 1725 laudibus
1055 1661 1181 1726 tollens:
1207 1686 1279 1727 con-

207 1747 276 1812 sciis
289 1747 480 1833 flagitiorum
501 1746 588 1834 ipsis,
603 1747 659 1833 qui
672 1746 812 1822 aderant,
827 1746 911 1809 omni
935 1768 975 1809 ue
989 1746 1090 1826 Italia,
1110 1770 1166 1834 per
1181 1770 1277 1835 quam

206 1856 316 1899 somno
328 1846 361 1897 et
374 1833 453 1898 luxu
495 1832 642 1898 udendus
658 1832 831 1898 incesserat.
876 1770 1000 1918 Vitlgus
1013 1846 1128 1912 tamen,
1142 1854 1278 1898 vacuum

206 1918 300 2000 curis,
314 1932 347 1985 et
366 1919 463 1984 sinef
505 1919 512 1931 ’
529 1918 657 2005 verique
671 1918 846 1983 discrimine
868 1917 972 1982 solitas
994 1916 1187 1985 adulationes
1205 1920 1279 1989 ed0÷

206 2019 304 2087 ctum,
328 2004 461 2071 clamore
482 2016 514 2069 et
531 2004 659 2070 vocibus
680 2004 895 2092 adstrepebat:
928 2004 1140 2092 abnuentique
1164 2028 1278 2071 nomen

206 2093 362 2180 Augusti,
381 2114 569 2180 expressere,
590 2105 626 2155 ut
649 2090 843 2156 adsumeret:
877 2104 942 2155 tam
964 2090 1091 2171 frustra,
1112 2114 1208 2179 quam
1230 2114 1279 2156 rea

205 2190 375 2243 cusaverat.
794 2195 797 2201 '
836 2230 838 2237 .

252 2264 345 2328 XCI.
368 2264 470 2349 Apud
485 2264 652 2341 civitatem,
666 2275 779 2326 cuncta
792 2261 1056 2347 interpretantem,
1071 2262 1187 2327 funesti
1200 2262 1278 2325 omi.

207 2350 256 2413 nis
269 2349 338 2412 loco
351 2350 515 2435 acceptum
530 2363 587 2427 est,
598 2347 696 2435 quod,
712 2348 886 2413 maximum
897 2347 1119 2413 Pontificatum
1133 2346 1275 2435 adeptus,

207 2434 357 2500 Vitellius
371 2434 411 2498 de
425 2435 615 2501 caeremoniis
636 2433 769 2522 publicis
785 2436 850 2500 XV
868 2434 939 2499 Kal.
952 2437 1039 2522 Aug.
1052 2433 1208 2514 edixisset,
1223 2456 1277 2498 an-

207 2520 340 2607 tiquitus
361 2520 498 2586 infausto
517 2522 567 2586 die
589 2520 783 2586 Cremerensi
799 2520 994 2607 Alliensique
1014 2519 1171 2585 cladibus:
1199 2520 1278 2584 adeo

207 2606 308 2672 omnis
329 2606 457 2672 humani
470 2607 630 2693 divinique
646 2607 728 2693 juris
741 2629 862 2692 expers,
877 2606 946 2691 pari
964 2605 1144 2672 libertorum
1166 2605 1278 2670 amico-

206 2715 378 2780 corumque
392 2692 541 2772 socordia,
554 2691 640 2756 velut
652 2693 734 2755 inter
743 2690 928 2755 temulentos
939 2692 1060 2778 agebat.
1106 2690 1169 2755 Sed
1183 2691 1278 2756 comi-

207 2778 251 2844 tia
261 2779 434 2844 Consulum
444 2802 517 2843 cum
526 2777 699 2844 candidatis
709 2776 838 2843 civiliter
847 2776 1015 2858 celebrans,
1026 2799 1150 2842 omnem
1160 2777 1277 2842 infimae

207 3041 262 3076 men
278 3026 349 3077 tradit
362 3029 484 3078 sicfaciue
494 3045 546 3093 cap.
560 3029 600 3077 11.
638 3030 726 3079 Urbem
758 3029 790 3075 ad
804 3029 965 3092 prestatura:
988 3028 1052 3092 quod
1071 3027 1176 3076 similiter
1191 3026 1277 3075 flustra

206 3094 239 3140 aa
249 3093 474 3143 chedwmintrctit
480 3095 727 3157 puerorumque
759 3093 863 3142 Pichene
879 3103 946 3156 putat
964 3093 1056 3141 firmare
1072 3092 1148 3156 lipsii
1164 3093 1280 3152 conjectu·-

205 3159 339 3205 eeccioctue
349 3162 413 3205 tour
423 3161 494 3221 signa
505 3166 574 3219 atquc
583 3161 678 3217 vexilla,
688 3173 726 3207 aa·
758 3173 818 3206 ram.
852 3159 954 3222 virgula
963 3159 1049 3207 omissa
1063 3167 1097 3207 est
1107 3173 1149 3221 per
1158 3156 1277 3220 negligen-

203 3223 296 3283 gulare
307 3225 436 3281 corruitur,
446 3239 474 3270 ac
484 3224 578 3271 detectis
588 3225 727 3270 commutro-
759 3223 817 3270 tiam
831 3224 866 3273 H.
880 3225 905 3284 3,
923 3225 947 3272 2.
961 3231 1066 3272 reserata
1082 3237 1125 3287 pro
1139 3228 1276 3270 reseratam.

207 3301 267 3332 num
284 3288 366 3333 amir.
399 3287 446 3334 Sed
466 3287 565 3335 Tacitus
586 3287 725 3336 andiendus.
756 3288 830 3336 nar.

207 3349 281 3398 Ean.
298 3349 638 3412 HucfacitnummusVitdlii,
647 3353 727 3417 inquo
790 3355 884 3400 Decore
898 3354 977 3416 ficies
994 3359 1018 3401 et
1031 3369 1078 3400 non
1093 3351 1187 3400 Vitellio
1199 3351 1276 3397 Pria-

207 3421 300 3478 wgatus
316 3431 332 3463 a
347 3415 425 3464 &ma
443 3416 534 3480 galeata
547 3418 667 3482 excipitur,
684 3417 727 3465 ad.
757 3419 1038 3480 etpedlgnuseaercitur]
1051 3417 1110 3465 Huc
1118 3423 1166 3462 tota
1174 3413 1277 3461 clausula

207 3480 601 3544 scriptosovsnrussnoosrr.
618 3482 726 3531 Eandem
757 3497 804 3530 non
822 3483 916 3531 eratin
935 3483 992 3531 MS.
1012 3481 1075 3530 Bud.
1110 3478 1276 3542 Suspicabatur

208 3544 348 3607 epigraphen
365 3545 425 3593 alius
439 3546 516 3609 habet,
530 3546 572 3611 qui
588 3546 726 3622 paludatum
758 3547 837 3595 Rhea.
851 3548 978 3612 emargine
991 3547 1016 3594 in
1030 3553 1165 3594 contextum
1180 3542 1277 3590 relatam

207 3607 571 3674 Imperatoremeteqnovectum
579 3611 646 3658 sistit
664 3611 728 3660 Vide
758 3614 846 3675 (servm
860 3613 959 3674 umen).
992 3613 1028 3659 ut
1042 3611 1118 3674 accipe
1128 3608 1218 3655 dictum
1234 3621 1280 3671 pro

207 3671 360 3721 Oiseliithes.
373 3675 415 3721 sel.
428 3675 488 3723 NN.
502 3677 550 3724 tab.
562 3677 604 3724 90.
621 3676 727 3740 Uterque
758 3679 805 3734 sed,
822 3683 849 3724 ut
859 3677 943 3726 centies
956 3675 1020 3724 alibi.
1054 3675 1200 3732 Honoravit,
1229 3670 1277 3719 uod

205 3749 236 3782 ex
254 3735 332 3784 Taciti
350 3737 394 3785 hoc
410 3739 461 3787 loco
480 3739 571 3804 egregie
588 3739 725 3803 explicatur,
758 3741 838 3791 Rhea.
863 3743 888 3806 (e
909 3740 987 3804 Bud.)
1010 3739 1090 3797 edidit,
1118 3737 1188 3786 etiam
1240 3751 1274 3783 or.

205 3813 316 3862 necopus
327 3803 723 3861 matutaGrainvillioinMem.
758 3805 839 3854 Guelf.
862 3813 886 3853 et
907 3805 954 3853 alii.
987 3805 1025 3853 At
1045 3803 1098 3853 cdd.
1121 3810 1175 3851 aute
1196 3800 1275 3849 Rhen-

206 3877 267 3926 pour
273 3865 345 3912 l’bist.
355 3865 396 3914 des
406 3868 504 3916 scientes
515 3877 538 3916 et
545 3868 586 3916 des
595 3869 672 3916 beaux
680 3879 727 3918 arts
758 3885 838 3918 omnes
847 3871 974 3919 decoravit.
991 3871 1064 3920 Eun.

205 3941 229 3974 a.
243 3928 314 3983 17⁰3.
326 3931 436 3994 posterior
446 3932 554 3981 adversm
564 3933 674 3982 Tacimm
685 3934 726 3983 ad·
793 3937 897 3984 Comitia
916 3937 1045 3985 Consulum
1067 3949 1121 3982 cam
1144 3929 1276 3979 candidatis

205 3991 329 4056 legaretur.
348 3994 387 4042 Cf.
400 3996 529 4046 Brotsrins.
758 4001 861 4049 civiliter
878 4001 1006 4067 eckberto]
1031 4001 1156 4064 Nusquam
1172 3994 1276 4068 jejunius

238 4058 303 4106 Ante
318 4059 445 4125 Aquilam]
472 4061 567 4128 Accipe,
585 4071 639 4112 ante
657 4079 725 4113 suam
756 4073 780 4112 et
795 4064 908 4113 infelicius
924 4067 935 4112 ὅ
953 4067 1007 4114 πάνυ
1023 4064 1130 4121 Saralius,
1147 4059 1188 4123 qui
1203 4067 1275 4105 mter·

205 4137 323 4187 quemque
330 4123 442 4188 aquilam.
460 4126 560 4191 Alioqui
570 4129 645 4177 verius
656 4131 724 4191 aqui-
755 4138 867 4192 pretatur,
875 4127 1126 4179 muneraacandidstis
1135 4121 1276 4196 consalutat

204 4189 255 4234 lar:
272 4198 373 4252 quatuor
385 4203 440 4238 nam
460 4200 525 4238 crant
541 4191 621 4240 amul.
646 4193 721 4243 lars.
756 4193 818 4243 edita
829 4195 925 4243 uiriliter
935 4195 1057 4244 celebrans.
1091 4193 1211 4239 Imocum
1227 4201 1276 4235 aurs
1341 4191 1344 4202 ’

203 4251 311 4325 ¹Ryclrius
321 4262 389 4331 putat
397 4255 583 4317 aquilnefinnari
591 4257 648 4330 ΜΒ.
657 4259 720 4307 Flor·
755 4258 882 4308 candidatis
893 4259 1028 4308 drmmiem
1035 4266 1058 4305 et
1066 4268 1176 4332 prepsans
1185 4252 1275 4328 Patres,

202 4319 404 4430 'dmidiuiqiielia
425 4319 725 4451 ῗοῗιὶέοιῗδᾞ
754 4318 1276 4447 ἕῧῗῗὲῦῗωῗῆῗωθῗῗξεῗῖᾞὶεοιᾞ

203 4457 275 4504 supra
285 4447 393 4496 numam
404 4448 503 4498 literam.
533 4450 722 4502 semorum.
755 4465 809 4501 cum
825 4453 908 4517 fratre
927 4460 974 4502 toto
991 4454 1051 4516 soro
1075 4450 1204 4507 volitando,
1225 4447 1277 4493 cla·
