3059 4975
224 268 294 326 aa
310 270 371 343 rr]
581 268 661 326 irs.
685 266 738 325 iv.
760 266 849 325 cnr.
872 269 919 325 a.
1233 264 1307 326 ars·

221 432 307 495 bant.
337 434 449 518 anue
458 431 543 496 velut
554 454 684 497 censura
694 431 726 493 in
742 431 935 495 Sariolenum
946 429 1096 494 Voculam
1107 427 1290 491 etNonium

222 516 394 581 Aelianum
405 529 436 581 et
446 517 583 582 Cestium
598 520 744 582 Severum
757 516 904 581 acerrime
914 516 1067 591 incubuit,
1078 512 1193 578 crebris
1203 515 1290 599 apud

223 602 380 667 Neronem
396 602 602 667 delationibus
615 606 758 667 famosos.
805 602 998 667 Sariolenum
1015 617 1046 665 et
1057 621 1161 664 reeens
1174 599 1291 663 crimen

221 689 364 772 urgebat,
375 687 461 774 quod
470 689 557 787 apud
568 688 725 754 Vitellium
735 689 862 752 molitus
871 689 979 752 eadem
991 689 1088 751 soret:
1104 708 1161 748 nec
1171 683 1291 749 destitit

224 774 355 839 Senatus
368 796 479 838 manus
495 786 647 838 intentare
657 773 793 849 Voculae,
808 773 906 837 donec
920 774 1006 838 curia
1019 772 1191 837 excederet.
1231 771 1290 835 Ad

222 858 366 924 Pactium
390 859 579 923 Africanum
608 859 800 944 transgressi,
826 881 898 922 eum
926 882 1062 957 quoque·
1081 856 1287 947 proturhant;

222 955 383 1031 tamquam
399 946 518 1009 Neroni
539 944 715 1009 Scribonios
735 944 857 1023 fratres,
872 945 1036 1009 eoncordia
1048 944 1224 1029 opibusque
1245 944 1291 1005 in-

221 1030 334 1115 signes,
363 1030 404 1095 ad
431 1030 563 1095 cnidum
590 1029 831 1095 monstravisset.
874 1028 1046 1095 Africanus
1072 1050 1175 1114 neque
1198 1028 1289 1092 fateri

221 1115 369 1195 audebat,
391 1138 493 1213 neque
506 1116 642 1181 abnuere
662 1128 802 1203 potetate
824 1115 857 1180 in
873 1116 1001 1181 Vibium
1022 1113 1181 1200 Crispum,
1197 1115 1290 1201 cujus

220 1200 513 1288 interrogationibus
531 1202 732 1290 fatigabatur,
754 1200 839 1265 ultro
851 1224 1027 1279 conversus,
1047 1197 1204 1264 miscendo
1218 1222 1290 1286 quae

220 1286 386 1351 defendere
399 1288 559 1374 nequibat,
574 1289 718 1354 societate
731 1288 833 1374 culpae
847 1286 996 1353 invidiam
1010 1285 1184 1352 declinavit.

276 1372 394 1439 XLII.
427 1376 581 1459 Magnam
610 1398 647 1437 eo
670 1374 720 1439 die
748 1373 873 1461 pietatis
901 1372 1148 1461 eloquentiaeque
1172 1370 1289 1435 lamam

222 1458 392 1544 Vipstanus
420 1458 557 1523 Messala
581 1459 713 1546 adeptus
740 1474 798 1538 est,
826 1460 966 1523 nondum
996 1457 1158 1524 Senatorio
1185 1467 1288 1533 aetate,

221 1564 317 1607 attsus
329 1566 388 1630 pro
402 1542 508 1622 fratre,
524 1543 656 1631 Aquilio
670 1544 808 1631 Regulo,
823 1545 990 1633 deprecari.
1035 1542 1198 1629 Regulum
1217 1542 1290 1607 sula

222 1652 311 1694 versa
331 1630 515 1694 Crassorum
538 1644 569 1694 et
589 1631 715 1719 Orphiti
737 1631 851 1695 domus
872 1632 906 1695 in
928 1651 1085 1694 summurn
1107 1628 1218 1693 odium
1237 1650 1292 1692 ex-
1369 1618 1376 1638 ¹

221 1714 345 1781 tulerat.
390 1718 508 1803 Sponte
531 1738 570 1781 ex
595 1718 656 1782 SC.
679 1717 910 1782 adcusationem
940 1716 1058 1781 subisse
1085 1713 1212 1801 juvenis
1235 1712 1291 1776 ad-

222 1947 267 2011 boc
288 1947 400 2012 expressit
422 1948 548 1997 Dotteville
574 1951 599 1997 in
626 1950 736 2012 versione.
770 1946 1291 2025 accipiendssuntsdumiis,queinvibium

222 2013 311 2060 Contra
326 2013 382 2076 Bip.
399 2015 538 2076 religionem
558 2012 693 2077 intelligunt
710 2014 739 2062 de
772 2014 882 2076 Crispum
900 2014 1039 2071 mnferebat,
1055 2012 1168 2063 admacet
1184 2029 1220 2070 ea,
1237 2028 1292 2076 qna

221 2092 303 2125 verum
311 2078 451 2140 innantibus.
772 2080 874 2126 abnuere
889 2079 939 2141 ipse
954 2094 981 2127 ae
992 2078 1115 2126 defendere
1130 2092 1177 2124 nou
1193 2085 1291 2139 poterat,

255 2144 405 2191 Sariolenum
421 2144 485 2207 Van]
513 2144 672 2191 Sannolenum
684 2142 739 2191 MS.
773 2158 846 2206 eaque
859 2158 913 2191 aum
926 2143 997 2191 Vibio
1007 2142 1172 2200 communicat,
1188 2141 1292 2203 impuni-

220 2206 281 2317 Αἰ.
292 2207 742 2271 ed.pr.quatsmenm015arloleaam
772 2207 1182 2256 tatemabtinaitsocietataaltsrius.
1204 2205 1292 2254 SicOr.

221 2288 251 2319 ex
270 2272 322 2319 bet.
355 2271 417 2319 Mox
428 2270 508 2321 Guelf.
520 2272 556 2320 ed
567 2289 602 2337 pr.
613 2274 740 2321 Nauium.-
773 2274 798 2319 b.
808 2286 855 2319 non
862 2274 953 2335 potirer,
965 2274 1108 2320 Maternum
1117 2274 1225 2319 mutate
1235 2272 1293 2333 pla·

221 2336 441 2385 edd-Puteollier.
454 2336 509 2385 alc.
521 2339 648 2385 Nomium.
668 2336 740 2385 Ean.
774 2338 950 2401 riamdesmdi·
968 2337 1039 2385 Eun.

195 2400 285 2448 ›Buu
297 2402 454 2449 Sariolenum.
473 2401 540 2450 Idem
548 2402 741 2463 Nasamonas
811 2402 939 2463 Vipstanus
949 2402 1039 2465 illesa]
1071 2401 1178 2450 Siccam
1190 2398 1291 2463 Rycltia,

181 2509 183 2512 .
222 2464 416 2515 unanimitate
773 2474 801 2515 ut
814 2465 879 2524 alibi,
894 2466 1009 2516 edidimus
1025 2464 1195 2515 nissetedu
1209 2463 1293 2513 indes

260 2533 424 2580 Scribonianus
443 2531 549 2598 fraires]
575 2532 682 2582 Junctim
702 2545 741 2581 eos
774 2531 865 2580 Puteal.
878 2547 951 2596 usque
967 2532 997 2579 ad
1014 2531 1079 2594 lips
1101 2533 1227 2592 Vipsanas.
1259 2529 1293 2577 At

220 2595 305 2644 iterum
322 2596 426 2645 nontinat
441 2598 474 2646 A.
488 2598 526 2657 13,
544 2597 583 2645 tu
617 2598 658 2646 Ad
674 2599 741 2646 Sert-
773 2595 1037 2660 ed.pr.(etcod.Bud.)
1059 2597 1181 2658 Vipianus.
1198 2593 1293 2653 Quibus

221 2659 396 2722 baniossratrer
406 2677 433 2710 ea
444 2678 502 2709 cora
513 2664 665 2726 montferrat.
689 2661 741 2710 Nec
771 2661 907 2709 lectionibus
915 2661 1059 2725 comparatis,
1071 2675 1163 2722 prorsus
1171 2659 1294 2707 conflrma-

221 2726 645 2789 temereautjuugit‚auteoncordism
653 2726 740 2774 laudm
773 2735 811 2773 tur
818 2725 927 2774 correctio
935 2726 1147 2789 Ryekimaquam
1156 2724 1294 2786 bpidestc·

170 2812 174 2816 ·
221 2789 289 2834 Audi
297 2787 740 2854 Xiplrilinum,quiunushaeoilluatrat,
772 2798 833 2837 teres
847 2791 917 2837 etiam
932 2789 1075 2838 desiderant:
1100 2789 1141 2837 sed
1156 2789 1207 2849 jam
1224 2803 1295 2850 supra

222 2853 405 2912 irrNeronebil,
419 2854 456 2909 17.
491 2853 594 2914 Ἀδελφοί
604 2873 639 2910 τι,
655 2854 739 2917 inquit,
773 2854 879 2916 pluribus
890 2854 946 2902 loeis
956 2854 989 2901 sie
998 2862 1177 2902 mmcctumest
1205 2852 1294 2900 Cetera

224 2917 260 2962 rai
271 2919 389 2970 ἡλικιῶται
400 2920 478 2980 τρόπον
489 2915 538 2962 τινὰ
550 2917 617 2975 ὄντες,
630 2918 665 2964 nod
676 2917 753 2976 prbis‘
773 2917 825 2966 cdd.
842 2920 968 2979 Vipsanius
979 2918 1033 2964 inde
1043 2931 1058 2963 a
1068 2917 1157 2981 Lipsio.
1173 2917 1245 2964 ERN.

223 2977 335 3037 trudineis
352 2978 399 3027 ainau
414 2981 520 3036 ἀλλήλων
539 2982 668 3046 πςὶξαντες,
686 2979 740 3028 itn’
806 2983 905 3043 Aquilio
913 2983 1018 3046 Regulo]
1036 2981 1081 3027 Est
1089 2982 1184 3029 omnino
1195 2981 1235 3028 ille
1246 2981 1294 3028 Re-

224 3042 343 3106 aiantprqi
349 3044 414 3105 γένει,
426 3045 483 3092 οὕτω
493 3045 528 3092 nal
539 3049 570 3112 τῇ
580 3047 702 3108 renargias
712 3047 742 3114 τῇ
774 3046 852 3109 gidus,
865 3045 942 3094 Plinio
951 3048 977 3093 in
989 3045 1100 3110 Epistolis
1112 3047 1135 3104 l,
1146 3048 1169 3091 ὅ.
1181 3045 1207 3103 2,
1218 3047 1258 3092 20.
1268 3045 1293 3099 i,

223 3126 248 3154 rs
265 3109 522 3172 turbaenascuntur.
554 3108 631 3158 Addit
642 3109 740 3158 deindet
774 3113 797 3158 2
808 3111 834 3170 6,
850 3112 874 3158 2.
887 3111 1034 3159 meritissimo
1105 3109 1184 3168 ssatus,
1201 3118 1224 3155 el
1238 3107 1294 3155 alibi

222 3173 380 3234 cmnnirique
389 3173 524 3222 Germania
530 3175 689 3236 praefuissent,
702 3189 742 3221 va·
775 3175 883 3236 bipedum
901 3177 1058 3237 nequissimus
1091 3175 1097 3185 '
1189 3172 1295 3221 Observa

223 3239 461 3289 carasaNeroaan
474 3240 601 3297 Gratiam,
614 3240 690 3300 ibique
704 3243 742 3286 tn·
776 3255 831 3303 ergo
852 3241 882 3288 de
909 3239 1013 3289 Messala
1036 3239 1190 3287 diversissimo
1217 3237 1294 3286 fratre.

223 3303 279 3348 cisia
289 3307 370 3363 sponte
380 3305 446 3350 uenis
457 3303 564 3366 periisse.
598 3303 644 3351 Sed
654 3312 743 3352 rectene
775 3303 852 3351 Istra.
885 3303 946 3352 Mox
963 3305 1018 3353 MS.
1035 3303 1143 3366 Agned.
1160 3318 1196 3366 pr.
1210 3303 1294 3364 Orfita.

223 3367 387 3414 Scribonianus
403 3367 441 3415 hie
456 3367 575 3430 legimus?
592 3379 638 3415 uon
654 3369 742 3432 opinor.
775 3368 830 3417 its.
844 3367 923 3417 (intell.
942 3370 1033 3431 Orstcii.
1058 3370 1131 3417 ΕΠ.
1165 3367 1228 3416 Bud.
1247 3368 1294 3414 Or·

222 3429 299 3478 'raas
310 3431 361 3480 loco
370 3431 432 3480 dicto
443 3434 575 3480 Scribonios
585 3430 671 3480 habes:
684 3441 707 3480 et
717 3433 742 3481 in
771 3435 846 3496 pbici.

222 3494 494 3562 Xiphiliuoznpiarias.
511 3498 586 3545 hirs.
610 3499 744 3546 Scribonios
808 3497 1010 3563 aprutiense]
1043 3498 1100 3546 Non
1114 3498 1145 3545 de
1158 3496 1232 3544 nihilo
1244 3509 1295 3542 sm·

222 3559 292 3621 plane
308 3561 381 3610 MSS.
399 3561 461 3609 Flor.
478 3560 567 3624 (liud.)
579 3562 640 3625 Agr.
656 3562 691 3610 ed
706 3578 743 3626 pr.
775 3563 834 3625 bigit
845 3563 981 3611 Rhenanus.
1008 3562 1034 3610 Si
1044 3562 1107 3609 enim
1118 3577 1147 3610 er
1159 3561 1206 3610 SC.
1214 3558 1294 3617 subiit,

223 3625 308 3688 Itaque
318 3627 376 3674 bene
386 3641 489 3738 reagere
500 3626 605 3690 Ryckius
615 3634 638 3674 et
649 3627 675 3675 J.
683 3628 744 3674 (ir'o-
775 3628 892 3690 quomodo
902 3626 1001 3690 sponte?
1025 3626 1123 3674 Divinat
1134 3633 1253 3688 spontem
1264 3639 1294 3671 se.

222 3703 278 3736 nov.
312 3689 415 3752 Moxqu
458 3689 587 3740 Rhenanus
596 3691 708 3753 corrigere
719 3707 744 3740 se
776 3691 850 3738 Haud
861 3692 946 3754 inepte.
978 3690 1044 3751 Quid
1056 3692 1083 3749 si,
1093 3698 1181 3753 sponte,
1192 3705 1234 3738 ner
1245 3693 1294 3739 SC.

222 3752 280 3802 dett
295 3755 390 3801 Vibium
407 3755 531 3818 Crispum,
548 3757 573 3803 id
587 3763 610 3804 et
624 3755 676 3802 aliae
690 3765 744 3804 ante
776 3757 851 3803 Inrs.
885 3757 928 3804 En
945 3771 969 3803 se
987 3756 1057 3820 plane
1073 3756 1127 3804 MS
1139 3756 1198 3817 Agr.
1213 3756 1253 3802 sed
1269 3771 1296 3804 ea

223 3819 314 3866 habent
329 3817 380 3865 edd
392 3833 448 3867 nam
464 3819 488 3867 in
504 3819 540 3868 ed.
551 3821 607 3868 Alc.
620 3821 744 3882 Crispinum
775 3820 842 3868 lectio
860 3821 1002 3877 sacratorios
1018 3821 1132 3884 ineptam,
1148 3835 1202 3868 meo
1218 3835 1295 3880 sensa,

223 3881 346 3945 manifeste
356 3883 480 3932 mutium
491 3899 621 3948 operarum
653 3884 699 3932 Ed.
707 3900 743 3948 pr.
775 3885 853 3932 habet.
877 3885 989 3948 Lipsians
998 3885 1057 3937 ratio
1067 3886 1156 3942 melior,
1165 3887 1296 3947 probatact

222 3947 741 4012 dubiuminversa,utsepe,primasyllaba.
777 3949 901 3997 Pichents:
930 3964 972 3996 uec
993 3957 1071 3996 amen
1093 3950 1153 3998 milti
1176 3951 1293 3998 satisfacit.

224 4013 296 4061 aaa.
329 4011 393 4060 Bud
410 4012 473 4060 male
494 4015 590 4061 orbium
608 4016 743 4076 scripum.-
777 4015 893 4061 Gruterus
914 4012 1038 4061 insititiam
1059 4023 1143 4078 putat:
1167 4014 1231 4077 quod
1249 4028 1296 4061 non

224 4085 248 4124 et
264 4078 344 4140 paullo
362 4085 416 4125 snte
434 4079 583 4138 perturbant.
616 4078 745 4126 Santonica
777 4078 834 4124 adeo
850 4077 962 4142 displicet.
995 4077 1041 4127 Sed
1062 4093 1109 4127 nan
1126 4095 1155 4126 ex
1171 4095 1199 4126 eo
1214 4087 1295 4123 natum

223 4141 321 4192 istosRs
359 4151 418 4189 met
431 4143 562 4190 Proculum
572 4142 744 4205 mgrrominatos
776 4142 934 4203 beatudines
948 4151 1030 4206 putem
1045 4158 1099 4191 cam
1111 4144 1219 4199 Grutero,
1233 4142 1296 4204 quod

225 4205 304 4265 fuisse,
332 4207 527 4270 ocatXiph.l.c.
777 4206 861 4270 aliquis
877 4206 1221 4271 sponleintarpretatuseratiu
1239 4207 1298 4252 libro

258 4272 433 4337 Fatigabainr]
463 4271 610 4336 solsadpr.
623 4273 746 4334 fatigare·
779 4271 863 4335 scripto
881 4287 911 4319 cn
932 4289 963 4319 se.
996 4273 1098 4320 Facilius
1119 4271 1145 4316 ri
1165 4284 1195 4316 aa·
1213 4284 1237 4314 se
1257 4285 1298 4331 per

226 4335 588 4398 tnrrquadnonspernendum.
605 4337 665 4384 Mox
678 4339 748 4385 verba
779 4344 859 4398 sponte
891 4338 987 4384 lassator
1003 4335 1145 4398 explicuerit,
1162 4347 1235 4396 quam
1254 4333 1297 4380 hae

226 4399 351 4464 miscendo,
369 4415 422 4464 orte
439 4401 560 4466 defendere
579 4403 695 4465 neqniibot,
716 4402 748 4450 sie
780 4354 902 4465 perillud:
914 4397 1298 4523 ssdpotuitalipuiiadenplican-
