3059 4975
164 4285 167 4294 Ι
271 4225 393 4273 viceversa.
815 4227 857 4274 bat
868 4225 930 4290 sorr.

382 140 389 167 t

233 298 331 343 nc.
348 284 409 359 ru]
613 259 711 343 'nra
732 287 771 344 ιι.
793 286 881 346 cae.
903 257 949 345 ιι.
1267 282 1322 342 ιιι

235 458 242 491 ‘
258 447 360 533 prima
368 446 538 545 ‘Adjutrirn
554 450 615 511 non
631 463 704 512 ante
717 449 749 512 in
765 448 860 511 acicni
876 448 1019 526 deducta,
1036 446 1088 510 scd
1103 446 1191 510 ferox
1199 436 1234 508 'et
1249 443 1321 506 novi
1346 486 1348 491 ,

259 532 379 612 decoris
391 533 492 598 avida.
516 534 666 611 Primani,
679 535 781 600 stratis
792 528 1139 599 unaetvicesimanorum
1151 528 1319 616 principiis,

234 636 240 649 ¹
259 617 395 703 aquilam
415 618 588 682 abstulere:
612 642 676 705 quo
695 618 801 683 d'olore
817 642 943 683 accensa
964 617 1055 705 legio,
1075 629 1109 680 et
1125 616 1239 703 inpulit
1253 636 1321 678 rur-

260 724 313 765 sus
330 702 497 789 primanos,¹
518 704 682 767 interfecto
703 704 861 791 Orphidio
883 702 1024 791 Benigno
1047 702 1178 789 Legato,
1201 716 1233 765 et
1252 698 1321 786 plu-

236 818 240 825 ·
259 787 338 851 rima
351 788 440 873 signa
453 788 681 875 vexillaqueex
695 789 836 853 hostibus
849 790 963 875 rapuit.
1009 792 1041 853 A
1058 802 1145 875 parte
1165 786 1234 863 alia,
1249 806 1321 873 pro-

239 872 351 958 'pulsa
374 873 596 958 quintanorum
620 875 729 961 inpetu
756 872 967 941 tertiadecima
989 872 1088 971 legio:
1120 872 1320 935 circumventi

259 958 397 1043 plurium
411 959 546 1023 adcursu
583 959 841 1023 nartadecimani.'
869 962 929 1037 Et,
946 960 1088 1023 Ducibus
1103 956 1235 1021 Othonis
1252 958 1317 1042 jam

237 1074 245 1081 ·
260 1044 380 1132 pridem
396 1043 549 1130 profugis,
597 1044 694 1108 aeeina
712 1068 748 1109 ac
763 1045 875 1109 Valens
895 1043 1039 1108 subsidiis
1058 1066 1129 1107 suos
1146 1042 1320 1105 finnabant.

242 1166 245 1174 ·
260 1130 402 1192 Accessit
416 1152 520 1193 recens
534 1130 705 1209 auxilium,
714 1132 816 1195 Varus
831 1130 995 1217 Alphenns
1009 1150 1080 1193 cum
1099 1126 1234 1203 llatavis,
1250 1126 1321 1191 lusa

260 1214 467 1298 gladiatorum
494 1236 601 1293 manu,
630 1238 736 1303 quam,
764 1214 897 1281 navibus
924 1226 1137 1289 transvectam,
1172 1212 1321 1299 oppositae

242 1342 245 1347 -
261 1298 401 1363 cohortes
418 1301 452 1363 in
470 1300 539 1387 ipso
555 1301 683 1365 flumine
700 1302 949 1365 trucidaverant:
972 1300 1159 1363 ita-victores
1173 1297 1255 1361 latus
1267 1296 1323 1360 ho-

260 1398 354 1447 stium
369 1386 491 1449 invecti.
996 1408 999 1425 ’
1150 1403 1153 1411 ’

240 1502 245 1508 ·
306 1470 431 1534 thv.
454 1474 509 1548 Et,
525 1472 626 1535 media
639 1472 703 1537 acie
717 1486 877 1559 perrupta,
890 1474 1000 1559 fugere
1014 1471 1125 1559 passim
1141 1467 1321 1544 Othoniani,

243 1594 247 1602 ι
267 1555 449 1618 Bedriacum
461 1570 608 1653 petentes.
634 1558 822 1622 'inmensum
835 1557 866 1621 id
877 1558 1008 1645 spatium
1021 1580 1028 1621 :
1043 1558 1209 1622 obstructae
1220 1567 1322 1641 strage

244 1655 279 1702 'c
357 1662 426 1703 rum
448 1650 525 1719 v1ae3
549 1664 613 1729 quo
633 1643 705 1729 plus
725 1642 818 1707 caedis
840 1642 917 1707 suit:
945 1642 1158 1741 nequeenim,
1180 1640 1322 1705 civilibus

245 1725 302 1788 'be
323 1726 360 1805 is,
371 1728 454 1813 capti
463 1727 495 1789 in
511 1727 648 1815 praedam
662 1742 836 1794 vertuntur.
874 1730 1040 1793 Suetonius
1052 1724 1214 1792 Paullinus
1224 1738 1256 1789 et
1267 1722 1322 1787 Li-

242 1810 362 1874 'cinius
376 1812 530 1875 Proculus
550 1813 680 1877 diversis
699 1812 861 1879 itineribus
879 1829 979 1879 castra
999 1814 1142 1877 vitavere.
1189 1810 1322 1875 Vedium

243 1922 250 1933 ·
266 1895 424 1981 Aquilam,
437 1897 664 1961 tertiaedecimae
676 1898 805 1985 legionis
820 1900 987 1985 Legatum,
1001 1898 1056 1962 irae
1069 1898 1322 1983 milituminoon-

263 1982 364 2045 sultus
377 2004 476 2067 pavor
488 1982 620 2047 obtulit:
642 1985 742 2048 multo
758 1982 862 2047 adhuc
880 1984 931 2047 die
945 1983 1060 2047 vallum
1078 1984 1244 2068 ingressus,
1263 1978 1323 2043 cla

244 2088 249 2099 ¹
263 2085 350 2129 more
363 2066 576 2131 seditiosorum
590 2078 622 2131 et
635 2068 796 2155 fugacium
809 2066 1090 2155 circumstrepitur:
1114 2088 1175 2131 non
1189 2066 1321 2179 probris,

263 2174 326 2214 non
341 2151 484 2217 manibus
504 2153 677 2219 abstinentt
701 2153 927 2218 “desertorem
947 2153 1198 2240 proditoremque
1228 2152 1324 2215 incre-

246 2251 358 2323 pant:
382 2237 469 2301 nullo
481 2240 609 2337 proprio
618 2238 746 2304 crimine
758 2240 838 2327 ejus,
853 2240 906 2303 sed
922 2262 1007 2302 more
1018 2239 1116 2324 vulgi,
1133 2258 1224 2323 suum
1239 2237 1324 2323 quis·

244 2354 254 2363 ·
287 2331 329 2386 ue'
337 2322 489 2408 flagitium
499 2323 566 2388 alirs
575 2326 775 2425 objectantes.
808 2324 971 2389 Titianum
979 2337 1011 2388 et
1022 2324 1149 2388 Celsum
1159 2322 1222 2387 nox
1227 2321 1323 2410 juvit,

246 2346 314 2471 dis
370 2406 420 2485 'tis
431 2409 498 2496 jam
512 2410 661 2487 excubiis,
676 2410 918 2500 compressisque
931 2408 1090 2486 militibus,
1105 2432 1185 2496 quos
1199 2406 1325 2471 Annius

246 2432 380 2561 (iulans
389 2495 547 2581 precihus,
562 2497 698 2574 oonsilio,
713 2495 895 2562 auctoritate
909 2495 1047 2573 flexerat,
1063 2503 1085 2534 “
1100 2518 1138 2558 ne
1153 2517 1246 2592 super
1264 2491 1325 2557 cla-

249 2581 335 2644 ³dem
349 2580 487 2645 adversae
500 2603 615 2668 pugnae
628 2583 757 2647 suismet
770 2581 829 2670 ipsi
843 2580 981 2646 caedibus
995 2580 1154 2646 saevirent:
1178 2603 1241 2644 srve
1255 2579 1326 2643 finis

264 2665 346 2730 bello
356 2665 498 2744 venisset,
507 2690 561 2732 seu
573 2691 728 2732 resumere
737 2690 824 2732 arma
832 2666 968 2745 mallent,
979 2665 1105 2732 unicum
1116 2665 1204 2752 victis
1212 2666 1243 2728 in
1255 2665 1326 2728 cori-

248 2765 252 2790 ³
265 2773 356 2815 sensu
365 2751 601 2816 levamentum.”
611 2754 730 2818 Ceteris
737 2753 855 2817 fractus
863 2752 992 2816 animus.
1009 2746 1219 2816 Praetorianus
1227 2749 1325 2826 miles,

266 2845 289 2875 ‘⁴
304 2858 366 2899 non
380 2836 496 2900 virtute
510 2859 553 2915 se3
568 2837 621 2900 sed
635 2837 810 2925 proditione
820 2837 967 2914 victum,”
980 2836 1142 2902 fremebat.
1175 2845 1197 2876 ‘⁶
1207 2838 1257 2900 Ne
1268 2836 1323 2900 Vi·

256 2919 532 3008 .tellianisquidem
540 2921 830 2988 incruentamfuisse
838 2922 1008 3000 victoriam,
1017 2920 1108 3008 pulso
1116 2920 1327 3007 equite‚rapta

248 3006 396 3094 jlegiouis
404 3008 520 3094 aquila:
537 3031 696 3095 superesse
709 3029 780 3073 cum
791 3007 860 3094 ipso
869 3007 993 3072 Othone
1003 3007 1135 3070 militnm
1147 3007 1233 3092 q'uod
1244 3021 1328 3071 trans

268 3093 392 3157 Padum
414 3093 526 3178 luerit:
549 3093 654 3157 venire
676 3093 823 3158 Moesicas
844 3091 991 3180 legiones:
1008 3103 1152 3179 magnam
1174 3092 1327 3160 exercitus

250 3191 386 3278 partem
407 3177 549 3242 Bedriaci
564 3179 759 3244 remansisse:
783 3178 839 3244 hos
855 3192 936 3243 certe
953 3177 1093 3242 nondum
1108 3177 1220 3242 victos:
1244 3189 1286 3256 et,
1302 3178 1328 3242 si

251 3279 311 3366 ,tta
333 3265 438 3344 ferret,
463 3261 623 3328 honestius
642 3263 675 3329 in
695 3263 760 3329 acie
780 3263 961 3352 perituros.”
1006 3263 1068 3330 His
1091 3263 1328 3351 cogitationibus

304 3440 719 3517 namvaaimaaumpraetpta]
731 3450 786 3501 Ali-
806 3445 904 3516 'corrigit
914 3455 1109 3510 trucidaveruata
1129 3454 1197 3501 mab.
1214 3423 1285 3502 nau.

257 3525 325 3582 'quot
334 3517 396 3575 libri,
404 3519 651 3582 prutdpibacplaoet.
662 3517 737 3566 larrs.
750 3517 786 3568 Ut
802 3572 806 3578 Ι
846 3519 1039 3569 craticulatus
1069 3518 1179 3566 Siclllor.
1195 3518 1329 3582 (liud-ted·
1427 3559 1428 3564 ,

255 3582 319 3629 'edd
332 3581 421 3630 Puteal.
434 3583 539 3630 aaran
553 3583 630 3647 (Ata)
643 3581 718 3630 ldale.
748 3581 785 3648 At
812 3596 847 3646 pr.
864 3582 976 3646 Ryckius.
994 3581 1021 3632 J.
1083 3582 1169 3630 n0Alii
1181 3591 1261 3632 sca-'at
1276 3583 1328 3632 edd·

268 3647 331 3694 Flor.
340 3646 402 3694 Bud.
408 3646 467 3710 Agr.
477 3646 555 3695 duat
563 3646 664 3709 Regcd.
672 3661 709 3709 pr.
712 3648 786 3708 priu-
803 3646 895 3710 latiam
912 3648 1000 3706 Rhan.)
1013 3649 1113 3709 preliis.
1145 3647 1232 3696 Contra
1247 3649 1274 3709 3,
1292 3649 1330 3700 la.

253 3712 345 3772 opific,
356 3711 420 3774 quod
434 3722 494 3759 recte
504 3711 605 3762 mtiudt
621 3710 786 3769 Rhemum&
813 3711 897 3758 auam
908 3727 949 3774 pro
956 3712 1057 3774 proeliu'
1121 3711 1145 3760 ’1.
1162 3711 1233 3767 linat.

255 3775 332 3822 ‘Bud
343 3774 482 3837 principis).
515 3777 644 3838 Principia
654 3775 726 3823 intell.
738 3775 786 3837 pri-
806 3801 815 3814 ν
848 3777 934 3824 cantra
945 3727 1172 3839 allevaremur.
1184 3780 1331 3842 cartmpcti-

253 3843 332 3886 'mam
347 3839 437 3887 aciem:
455 3840 579 3902 προμάχους
594 3839 732 3888 Plutarchus
748 3838 786 3902 (in
814 3854 886 3896 verer
908 3839 972 3888 falso.
1017 3841 1081 3888 Nam
1098 3841 1236 3900 Plutarchus
1254 3851 1332 3909 aperte

269 3903 360 3968 Pyrrho
370 3904 409 3959 7.)
419 3909 498 3950 vocat:
511 3918 563 3964 qua
573 3911 596 3950 et
603 3903 659 3950 alibi
669 3903 732 3968 apud
743 3918 785 3950 no·
814 3903 874 3953 Oth.
885 3904 922 3952 13.
938 3912 984 3952 Tus
993 3905 1014 3951 11
1028 3913 1158 3966 στρατηγῶν
1164 3905 1212 3953 οὔτε
1222 3909 1332 3974 Πρόκλος,

255 3977 343 4016 'suum
353 3965 593 4030 alioequesicdicitur.
610 3966 787 4018 V.Gron.obs·
808 3966 864 4018 ,οὔτε
887 3971 1001 4023 Παυλῖνος,
1024 3972 1170 4018 narratam
1196 3971 1332 4030 irihmoer,

256 4033 292 4091 ⁴4,
306 4033 342 4082 ll).
353 4050 378 4096 p.
391 4032 445 4078 156.
462 4030 533 4088 Eu.
561 4030 654 4094 bipsius
664 4031 714 4094 ipsc
723 4047 785 4080 erto·
815 4031 868 4078 ἀλλ’
875 4031 1176 4094 1ξ1ιιλιναν,φο6οι1μιιοιτοῦς
1183 4035 1335 4096 στρατιώτας.

267 4112 316 4145 rem
328 4113 398 4145 suum
413 4094 508 4158 agnovit
517 4103 540 4142 st
551 4094 680 4146 mandavit
690 4096 719 4144 de
730 4095 785 4144 Mil.
816 4095 891 4144 Istra.
908 4093 971 4142 Bud.
982 4098 1091 4145 nilum.

270 4161 301 4208 1³.
316 4161 379 4209 Dial.
395 4163 420 4219 4,
437 4161 462 4208 3.
495 4158 556 4231 Mox
572 4175 656 4206 rursus
673 4159 786 4222 significat
848 4161 915 4209 Etsi
927 4161 1056 4272 inferret]
1073 4161 1196 4276 Amtrellsllius
1207 4161 1261 4210 addi
1270 4159 1335 4272 tvolgi

985 4236 1067 4282 tustra,
1087 4241 1110 4274 ιιι
1152 4241 1159 4272 ι
1297 4238 1312 4269 v

303 4291 327 4337 Α
335 4297 405 4352 parte
413 4291 474 4354 alto]
492 4288 530 4337 Sic
541 4287 617 4336 liban
627 4305 640 4336 e
649 4289 713 4339 Bud.
724 4289 788 4352 prius
817 4290 860 4338 hoc
868 4289 904 4337 vel
915 4306 952 4336 res
962 4309 971 4346 ,·
983 4291 1044 4337 etsie
1052 4292 1102 4350 jam
1112 4235 1286 4344 carileffi,
1296 4285 1335 4334 15.

269 4352 390 4417 legebatur
400 4362 486 4415 operta.
819 4353 899 4402 Guelf.
910 4356 989 4402 vitiose
991 4358 1070 4416 fleret,
1081 4354 1137 4404 itam
1145 4351 1181 4398 ed.
1191 4367 1226 4414 pr.
1230 4351 1335 4412 surrent.

307 4419 507 4480 Truciduvcraut]
531 4417 611 4467 Moses
629 4418 662 4466 du
681 4418 738 4468 Soul
759 4417 791 4465 ad
810 4409 892 4466 Ἐπιι.

172 4487 181 4498 ·
272 4481 456 4532 rrummva.
470 4482 541 4546 (ou.
556 4483 605 4543 ιι.)
621 4494 638 4529 ι
656 4486 678 4528 a.
696 4498 720 4546 p.
737 4482 793 4537 tor.
