3059 4975
245 267 402 340 raro-J·
644 262 785 327 sinu.
810 267 902 328 cre.
921 270 969 329 aa.
1012 270 1016 277 ’
1256 278 1310 337 ros

243 430 390 517 mam.
406 428 601 516 amausi
617 382 777 516 aaran:
800 431 851 495 uc
866 432 1038 499 Paratus
1052 434 1121 515 us,
1136 436 1306 503 assavit

242 516 387 609 85²stssss
422 515 475 579 ille
497 511 705 603 Primipilaris
730 528 765 582 et
786 518 922 583 Coeoinae
950 519 1041 587 haud
1066 521 1195 600 alienus,
1219 522 1306 611 qnod

243 602 368 667 annes
381 601 754 667 mammonam.

287 686 420 753 XXIII.
435 710 438 719 ·
452 687 622 773 Spurinna,
646 700 805 775 comperto
832 691 941 753 itinere
969 691 1115 769 hostium,
1145 692 1305 761 defensam

243 772 444 852 Placentiam,
465 796 601 860 quaeque
619 785 699 852 acta,
719 786 751 838 et
769 775 847 861 quid
866 776 990 840 Caeaina
1007 790 1141 876 pararet,
1160 779 1305 845 Annium

244 858 374 926 Gallum
382 857 562 946 perlitterns
570 860 668 923 doaet
691 859 805 925 Gallus
813 860 1305 948 legionemprrmaminauxilium

187 950 190 956 '
241 944 410 1009 Phaontiee
432 944 576 1023 ducebat,
601 945 723 1009 diffisus
741 947 898 1032 paucitate
916 947 1101 1027 cohortium,
1122 950 1305 1036 nelongius

240 1028 397 1095 obsidium
411 1043 443 1095 et
456 1032 521 1095 vim
535 1031 713 1096 Germanici
733 1032 887 1096 exercitus
907 1056 1017 1118 parum
1039 1035 1223 1099 tolerarent:
1246 1036 1303 1101 ubi

240 1115 367 1264 pulaine
383 1116 539 1195 Caecinam
552 1140 609 1205 per
646 1140 682 1181 re
696 1118 882 1182 Cremonam
895 1120 1023 1205 anoepit,
1045 1144 1128 1207 aegre
1141 1120 1302 1189 coercitam

252 1202 403 1289 egionem,
426 1215 458 1267 et
475 1224 606 1289 pugnarn
630 1203 636 1216 “
656 1203 766 1267 ardore
786 1226 886 1291 usque
905 1203 946 1267 ad
966 1205 1147 1271 seditionem
1162 1230 1304 1293 progres-

241 1306 318 1367 sam,
333 1288 479 1353 Bedriaci
492 1289 583 1353 sistit.
626 1290 715 1354 Inter
729 1289 888 1354 Veronam
904 1289 1153 1377 Cremonamque
1166 1292 1243 1357 situs
1257 1305 1303 1357 est

238 1374 336 1452 meus,
361 1373 486 1442 duabus
509 1376 577 1461 jam
605 1374 758 1439 Romanis
786 1374 926 1439 cladibus
954 1386 1047 1441 notus
1075 1377 1302 1465 infaustaeque.

239 1460 359 1523 Iisdem
379 1459 490 1523 diebus
505 1482 527 1523 a
546 1459 666 1523 Martio
682 1460 792 1524 Macro
814 1460 899 1525 haud
918 1462 1028 1548 procul
1049 1464 1202 1527 Cremona
1216 1486 1303 1549 pros-

238 1564 314 1631 pere
336 1557 530 1631 pugnatum:
561 1568 696 1632 namque
720 1567 810 1632 prom
833 1557 885 1611 tus
912 1547 1007 1611 animi
1036 1548 1173 1613 Martius
1202 1560 1302 1615 trans·

238 1642 344 1695 vectos
364 1630 497 1694 navibus
516 1630 704 1717 gladiatores
726 1634 759 1695 in
781 1569 942 1696 adirersam
958 1633 1156 1721 Padiripam
1176 1646 1303 1721 repente

238 1714 358 1780 effudit.
393 1718 540 1781 Turbata
551 1717 595 1779 ibi
607 1717 843 1782 Vitellianorum
854 1719 981 1796 auxilia,
997 1731 1038 1797 et,
1054 1721 1162 1784 ceteris
1174 1722 1302 1785 Cremo·

237 1821 310 1867 nem
324 1802 529 1887 fugientibus,
548 1803 630 1881 cesi,
649 1804 706 1889 qui
720 1804 912 1868 restiterant:
937 1805 991 1869 sed
1005 1828 1162 1892 repressus
1179 1807 1302 1871 vincen-

228 1887 319 1953 ’tinm
331 1888 467 1973 Inpetus,
477 1910 529 1965 ne,
539 1889 627 1951 novis
641 1889 786 1952 subsidiis
797 1890 922 1966 firmati,
934 1890 1037 1953 hostes
1050 1891 1209 1955 fortunam
1219 1915 1301 1978 prae·

236 1968 457 2038 Iiimutarent.
496 1974 683 2058 Suspensum
703 1973 738 2037 id
757 1974 944 2037 Othonianis
961 1974 1034 2053 fuit,
1053 1976 1157 2040 omnia
1171 1978 1301 2042 Ducum

234 2250 238 2281 ς
267 2222 753 2287 Jutsmnrsganrtcmlsnlthanenud
783 2226 882 2271 Horum
905 2226 989 2271 bellam
1014 2226 1138 2273 Coraellns
1159 2228 1255 2287 scripsit
1278 2233 1300 2275 et

238 2288 284 2337 Sed
296 2289 349 2336 Put.
361 2288 416 2336 Ala
427 2288 467 2335 alii
478 2290 644 2349 Bragmanae.
785 2290 913 2351 Pompeias
927 2292 1024 2349 Planta,
1041 2291 1082 2350 qai
1098 2292 1140 2348 ait,
1158 2291 1300 2337 Bedriacum

252 2398 256 2403 ,
268 2355 369 2415 Dlffieae
373 2354 504 2415 paucitati]
517 2353 556 2400 Sic
563 2352 599 2399 ed.
606 2366 641 2413 pr.
652 2352 688 2400 At
696 2352 752 2401 MS.
784 2356 863 2400 nicam
879 2368 925 2399 erse
938 2369 952 2399 a
966 2356 1080 2402 Cremona
1093 2356 1200 2401 alcerirna
1213 2356 1299 2429 lapide,

234 2417 315 2466 Onon.
323 2416 403 2464 Coeli.
409 2415 497 2480 (de.)
504 2416 556 2465 edd.
564 2416 654 2463 Puteal.
661 2427 752 2464 emera-
783 2430 839 2465 sane
846 2418 980 2467 Cornelium
989 2418 1052 2467 huna
1060 2428 1164 2468 noenum
1173 2419 1295 2482 intelligit:

235 2497 282 2544 que
296 2497 377 2530 omnes
392 2491 446 2529 ante
461 2482 527 2545 lips.
541 2484 670 2544 paucitate,
688 2482 752 2546 quod
784 2482 909 2546 Pompeius
920 2482 960 2531 ille
970 2483 1022 2546 quis
1033 2482 1071 2540 sit,
1086 2483 1190 2531 nondum
1201 2484 1300 2548 repperi.

233 2547 331 2603 resono,
354 2546 421 2594 tacite
442 2562 457 2592 a
474 2547 555 2609 Lipsio
575 2554 701 2604 mutatum,
724 2556 751 2594 ut
783 2547 858 2596 lars.
880 2548 945 2595 Add.
956 2549 1006 2595 intr.
1017 2547 1046 2596 ad
1054 2549 1118 2596 Suet.
1128 2547 1184 2596 Oth-
1195 2551 1218 2596 9.
1238 2550 1298 2596 Bro.

234 2610 290 2670 alibi
310 2613 340 2658 ab
357 2611 408 2658 aliis
428 2610 524 2667 facturn.
559 2611 637 2658 Hodie
655 2612 750 2674 quidem
782 2613 853 2660 terius
863 2613 966 2660 defendit
981 2615 1051 2660 Belr.
1068 2614 1139 2660 Eure.
1163 2613 1258 2660 Hieron.
1273 2615 1298 2662 in

129 2728 132 2731 ¹
233 2675 290 2722 satis
298 2676 752 2737 mnsmtdlffidareetiameumablativo
782 2677 861 2724 chron.
882 2679 1023 2724 Verrinam.
1052 2677 1113 2724 Plin.
1128 2679 1166 2736 10,
1179 2681 1218 2744 42.
1231 2676 1296 2739 (69.)

232 2737 286 2788 diei.
313 2740 346 2788 V.
357 2740 440 2787 Burin.
455 2740 485 2786 ad
500 2741 563 2788 Suet
579 2741 638 2787 Ces.
652 2755 673 2787 a.
688 2743 712 2787 3.
727 2748 751 2788 at
781 2743 929 2788 Betrtaeam.
956 2742 994 2790 Sic
1005 2755 1047 2790 nea
1057 2742 1120 2805 apud
1131 2742 1187 2790 alios
1198 2743 1298 2790 numidii

233 2819 292 2868 qnos
301 2804 335 2851 ibi
345 2805 440 2852 laudat:
456 2805 512 2852 item
523 2805 633 2853 Oudend:
648 2805 678 2851 ad
691 2807 750 2854 Sne·
780 2805 839 2852 ratio
849 2805 893 2853 sibi
904 2815 997 2853 consmt
1019 2807 1082 2854 Bud.
1099 2808 1218 2854 Bedriaci.
1235 2806 1296 2869 Agr.

233 2877 283 2916 ton.
296 2869 314 2916 1.
325 2883 345 2915 a.
370 2869 441 2916 Ena.
621 2893 624 2897 ·
781 2869 899 2918 Putrilc.
908 2871 1025 2916 Bebriaci
1050 2869 1296 2933 PompeiusReinesio

263 2935 390 2998 Bedriaci]
408 2933 481 2981 Vinus
495 2948 588 2996 parvus,
605 2933 645 2980 sed
658 2933 749 2981 duabus
781 2947 817 2994 ep.
829 2936 870 2988 27.
882 2933 972 2982 ridetur
983 2949 1031 2982 esse
1040 2935 1068 2993 is,
1085 2935 1115 2982 de
1129 2949 1176 2998 quo
1186 2935 1249 2983 Plin.
1260 2949 1296 2998 ep.

232 2998 346 3047 Romanis
367 2998 471 3046 cladibus
491 2998 598 3060 insignis,
623 3012 666 3046 nec
686 2998 748 3045 indi·
781 2999 820 3057 10,
833 3003 857 3046 ὅ.

230 3064 306 3126 gnior,
334 3064 400 3124 nujus
426 3078 506 3111 verum
527 3077 612 3109 nomen
636 3065 747 3124 norimus,
812 3065 912 3111 Duabus
923 3065 939 3109 t.
953 3065 984 3111 R.
997 3063 1111 3126 amathas]
1126 3063 1209 3110 Altera
1220 3061 1296 3111 Otho·

231 3142 303 3191 qnam
314 3128 403 3176 Cannae
417 3135 459 3173 ant
471 3126 583 3189 Philippi.
609 3127 690 3189 Vulgo
700 3131 748 3175 Be·
779 3128 824 3187 nis,
837 3129 920 3189 victore
931 3127 1040 3176 Vitellio:
1055 3126 1234 3184 alteravitellii,
1245 3128 1297 3176 rin·

230 3194 337 3240 marm
350 3188 478 3255 appellant,
493 3200 566 3254 atque
579 3193 613 3237 ita
626 3193 748 3240 Iuvenalis
779 3201 844 3240 cente
854 3192 1006 3255 Vespasiano,
1022 3193 1051 3240 de
1065 3207 1113 3256 qua
1126 3199 1202 3239 noster
1217 3195 1241 3250 3,
1257 3193 1294 3240 le.

228 3253 284 3304 libri
293 3259 317 3316 2,
328 3257 381 3305 106.
405 3257 749 3319 Bebriaeiiaeamporpollam
779 3257 1293 3320 sq.EavulgodicituradCremonamlacta:

229 3319 449 3384 adsectarffalali.
476 3320 513 3367 At
526 3320 627 3368 disemus
643 3319 683 3367 ille
697 3320 748 3368 Va·
779 3321 889 3368 redinter
900 3323 1038 3370 Cremonam
1056 3331 1079 3369 et
1096 3321 1234 3369 Bedriacum
1249 3335 1295 3385 pu·

229 3385 269 3441 tia
284 3387 429 3433 Bedriaoam
443 3398 549 3448 semper:
567 3385 746 3448 quomodoetin
779 3393 876 3448 gnatum
888 3395 931 3444 est,
943 3401 1015 3449 eaque
1022 3387 1052 3433 de
1058 3401 1137 3434 caussa
1144 3385 1237 3448 utrique
1244 3387 1295 3434 loce

229 3449 341 3498 manua
352 3451 436 3514 scripto
450 3450 526 3498 andire
539 3458 628 3497 exstare
642 3450 746 3513 eognovi,
778 3448 894 3514 proelium,
922 3465 985 3497 more
1007 3451 1153 3512 scriptorum,
1180 3449 1295 3512 adsignari
1348 3453 1352 3465 ”

229 3514 392 3562 tumstrietim
402 3529 457 3562 aum
468 3513 567 3562 Viennae
577 3513 692 3562 vidissem.
716 3515 747 3562 In
777 3523 858 3578 potest.
893 3514 947 3562 Vid.
966 3513 1027 3560 diota
1043 3513 1073 3560 ad
1090 3513 1198 3576 Xenoph.
1218 3513 1294 3562 Mein.

228 3579 326 3626 vaustis
340 3579 444 3627 Suetonii
458 3579 523 3626 libris
537 3581 676 3626 Betriacum
690 3579 747 3628 diei.
779 3580 803 3640 S,
815 3581 838 3628 3.
848 3583 873 3627 ὃ.
889 3577 962 3630 Ena«
986 3578 1011 3625 A
1022 3577 1083 3626 binIs
1093 3577 1139 3625 illis
1152 3577 1236 3640 panliIs
1246 3577 1294 3633 Be·

228 3651 282 3690 tur:
300 3643 428 3692 simtetin
441 3643 565 3691 Plutarcho
576 3644 627 3690 αθ.
654 3651 746 3710 Barpa—
778 3644 855 3692 driam
864 3644 957 3692 haesisse
967 3658 1051 3690 nomen
1067 3645 1089 3690 la
1101 3645 1174 3703 Bina,
1189 3645 1295 3708 suntqul

228 3707 275 3764 rhu,
286 3710 380 3772 πολίχνη
393 3707 485 3762 πλησίοι
497 3711 618 3772 Κρεμώνης.
642 3709 746 3757 Juvena-
778 3709 856 3757 velint,
894 3709 924 3756 In
947 3723 998 3756 eam
1023 3718 1072 3762 rem
1097 3708 1216 3756 Bronriue
1240 3709 1295 3758 atat

228 3770 259 3818 lis
274 3771 385 3835 interpres
400 3787 472 3836 quarn
484 3779 594 3834 nugatur,
614 3771 746 3836 quiricum
779 3773 869 3837 Campo
887 3773 912 3820 in
930 3773 983 3821 hist
1006 3772 1031 3819 di
1050 3773 1175 3821 Cremona..
1207 3773 1295 3823 Contra

227 3835 511 3900 hnneCampaniaet'tcit!
523 3836 640 3885 insatss.
672 3838 746 3885 otto-
778 3837 1172 3902 Cluverinm,qui1tsntl‚26.
1206 3841 1295 3888 Canna

228 3915 291 3960 aem,
307 3901 391 3966 inquit,
407 3903 464 3948 bella
479 3903 544 3948 nielli
565 3903 673 3949 Vitellius
688 3903 747 3950 aiot
777 3903 846 3951 hodie
855 3903 900 3950 dici
911 3903 1022 3965 perhibet,
1033 3903 1137 3966 disputat
1148 3903 1259 3967 Rytlrius.

230 3967 444 4028 apudBelrlaeam
453 3967 597 4026 Caenpane'ae.
620 3967 697 4030 Atqui
705 3979 747 4013 na-
810 3969 857 4014 Sed
864 3982 981 4032 repressae
988 3969 1047 4032 aa]
1057 3969 1102 4016 Ed.
1109 3983 1144 4032 pr.
1152 3971 1294 4030 reprehensi,

228 4037 276 4078 ster
289 4031 364 4078 clare:
382 4034 451 4078 Inter
464 4031 603 4079 Cremonam
618 4033 747 4078 Veronam·
776 4034 934 4095 prorepraerl.
951 4033 1013 4080 Mox
1020 4033 1099 4080 eadem
1107 4033 1295 4096 aelamitaqmd

227 4094 274 4156 pre
283 4097 344 4143 eltae
355 4101 389 4144 ert
400 4096 422 4142 le
433 4097 516 4152 viram
528 4095 606 4158 etipse
614 4096 746 4143 scholiastes
778 4111 791 4143 e
812 4097 874 4144 Flor.
897 4111 939 4160 pro
956 4099 1077 4159 presidiis
1098 4096 1162 4144 dedit
1184 4097 1292 4144 Pithena.

227 4172 284 4208 mox
294 4160 386 4208 fatetur.
411 4160 527 4221 Cormpta
540 4175 568 4207 ea
581 4162 651 4208 verba
665 4161 745 4223 igitur,
777 4161 848 4208 Eun.
870 4159 1294 4224 Budralstcltimsdquodnonad·

227 4229 251 4280 et
271 4223 376 4287 scripsit:
405 4226 469 4287 apud
492 4225 605 4272 Bedriaci
628 4240 745 4287 eampum.
778 4227 852 4273 tendit
863 4225 939 4274 Rhea.

227 4286 357 4336 Manifesta
380 4289 443 4336 enim
463 4289 551 4337 adlusit
567 4289 689 4338 JuvenaIIs
709 4289 745 4336 sui
811 4293 901 4339 Omnia
920 4306 1061 4352 quacunque
1071 4287 1157 4352 saeta]
1186 4285 1291 4334 Freinsh-

228 4367 330 4411 vasum,
342 4353 458 4401 Bedriaci
468 4369 550 4416 campa
564 4355 666 4416 spolium
681 4356 746 4418 adfe-
778 4355 878 4419 corrigit,
894 4358 973 4402 amata
985 4352 1082 4403 Daearn
1092 4353 1169 4413 facta·
1204 4349 1294 4398 Eodem

228 4424 292 4467 reare
309 4416 400 4468 Paua
427 4419 499 4477 Quod
516 4428 595 4467 autem
612 4418 743 4467 adteritur:
776 4419 846 4469 modo
862 4427 988 4468 correctum
1006 4419 1030 4464 in
1049 4417 1104 4464 MS·
1121 4413 1295 4476 Agraina
