3059 4975
236 298 291 357 196
607 296 907 357 Hls‘ronttlrurt·
1126 299 1172 373 [Α.
1184 314 1214 369 q.
1228 298 1296 355 82³.

234 459 321 527 toriis
332 459 513 527 cohortibus
523 460 627 526 valida
636 484 731 525 manu
787 458 975 547 rrumpere.”
1006 462 1091 557 Ipse,
1106 459 1209 523 inutili
1223 481 1299 523 cunt

234 547 377 627 statione,
386 548 499 645 agendi
507 561 647 633 tempora
655 570 751 612 consu
764 547 861 611 tando
869 560 1075 633 consumpsit:
1092 568 1165 611 mox
1176 558 1299 610 utrum⁴

235 656 298 719 que
314 632 475 697 consilium
494 632 707 718 adspernatus,
724 632 811 718 quod
832 631 913 695 inter
931 632 1076 718 ancipitia
1096 630 1300 695 deterrimum·

234 734 291 797 est,
304 718 381 782 duur
396 717 498 783 media
512 717 662 803 seqnitur,
677 740 734 781 nec
748 740 843 782 ausus
857 730 904 783 est
918 716 1000 795 satis,
1015 739 1071 781 nec
1084 714 1231 804 providit.

289 803 388 869 XLI.
419 800 527 867 Missis
554 802 594 866 ad
624 801 788 869 Vitellium
816 802 936 881 litteris,
965 802 1116 867 auxilium
1151 802 1296 887 postulat.

235 890 359 956 Venere
373 905 436 953 tres
447 889 590 953 cohortes
600 910 671 953 cum
686 888 736 953 ala
747 888 942 953 Britannica:
966 888 1117 974 nequead
1129 886 1299 953 fallendum

234 990 328 1062 aptus
348 997 508 1053 numerus,
530 974 690 1073 nequead
713 974 948 1059 penetrandum.
995 973 1057 1039 Sed
1071 972 1187 1039 Valens
1207 994 1247 1037 ne
1266 972 1300 1037 iu

235 1071 324 1126 muto
344 1060 472 1146 quidem
493 1058 669 1125 discrimine
692 1059 820 1123 iufamia
840 1059 950 1137 csndt,
974 1083 1039 1146 quo
1063 1060 1167 1125 minus
1191 1080 1299 1144 rapere

234 1145 366 1211 inlicitas
376 1145 563 1233 voluptates,
576 1144 798 1230 adulteriisque
811 1166 848 1209 ac
861 1144 1129 1231 stupris'polluere
1141 1142 1301 1229 hospitum

236 1232 360 1315 &mua
373 1233 568 1295 crederetur:
592 1228 721 1295 aderaut
733 1229 781 1295 vis
795 1241 827 1295 et
840 1230 971 1317 munia
981 1242 1016 1295 et
1035 1231 1153 1295 ruentis
1165 1230 1299 1294 fortunar

235 1316 401 1382 novissima
414 1314 520 1380 libido.
538 1386 541 1389 ,
553 1314 704 1379 Adventu
717 1316 844 1380 demum
858 1314 1001 1402 peditum
1014 1314 1219 1401 equitumque
1232 1337 1302 1400 pra·

236 1402 316 1466 vitas
335 1400 454 1465 consilii
479 1400 592 1487 patuit,
614 1399 690 1487 quia
710 1424 767 1467 nec
781 1400 894 1465 vadere
913 1422 969 1489 per
990 1400 1093 1465 hostes
1115 1414 1179 1463 tam
1202 1414 1300 1485 parva¹

234 1509 331 1552 manu
355 1498 488 1573 poterat,
510 1486 602 1549 etiam
625 1485 651 1551 si
671 1486 821 1553 fidissima
841 1486 932 1565 foret,
953 1508 1011 1551 nec
1031 1485 1184 1572 integram
1205 1484 1299 1549 fidem

207 1586 209 1591 ’
235 1570 424 1654 adtulerant.
465 1570 576 1637 Pudor
589 1584 693 1636 tamen
706 1586 739 1637 et
779 1570 917 1637 raesentis
931 1570 1031 1637 Ducis
1050 1572 1221 1637 reverentia
1235 1592 1301 1634 mo·

234 1658 374 1736 sabatur,
395 1656 483 1721 haud
499 1656 650 1722 diuturna
662 1656 733 1723 vinc
768 1682 786 1723 a
804 1655 891 1743 apud
910 1656 1018 1721 avidos
1039 1656 1247 1743 periculorum
1268 1669 1301 1725 et

235 1743 395 1807 dedecoris
415 1765 544 1806 securas
587 1743 639 1807 Eo
652 1757 749 1822 metu,
770 1742 911 1809 cohortes
924 1742 1105 1807 Ariminum
1125 1742 1301 1828 praemittit,

235 1828 317 1895 alam
343 1827 461 1892 “tueri
482 1828 591 1924 tergn”
610 1828 719 1925 jubetz
748 1830 824 1916 ipse,
843 1828 964 1933 paucis,
987 1850 1067 1926 qnos
1087 1826 1216 1893 adversa
1237 1850 1300 1892 non

236 1928 443 1991 mutaverant,
467 1913 697 1993 comrtantsbus,
725 1913 814 1979 flexit
841 1934 874 1977 m
900 1913 1076 1993 Umbriam,
1104 1925 1199 2000 atque
1226 1911 1302 1977 inde

239 2000 422 2065 Etruriam:
456 1999 523 2077 ubi,
551 1999 677 2085 cognito
704 2022 819 2087 pugna
843 1998 1058 2063 Cremonensis
1082 2013 1207 2078 eventu,
1237 2019 1300 2063 non

237 2086 398 2172 ignavum,
423 2097 456 2149 et
481 2084 506 2148 si
534 2084 734 2171 provenisset,
763 2096 854 2151 atrox
883 2084 1045 2149 consilium
1074 2083 1153 2159 iniit,
1176 2097 1221 2163 ut,
1243 2083 1300 2149 ad-

236 2172 333 2259 reptis
346 2170 488 2248 navibus,
500 2170 533 2233 in
546 2188 767 2258 quamcunque
777 2181 898 2259 partem
909 2170 1122 2237 Narbonensis
1135 2170 1303 2258 provinciae

247 2426 425 2475 ,Neistaata
435 2427 575 2492 qairiamd]
593 2426 756 2477 Huncverbo·
824 2430 923 2477 Denaris
944 2430 1046 2495 maarai]
1073 2428 1141 2477 Bona
1162 2442 1247 2477 sensu:
1274 2428 1298 2475 in
1319 2435 1324 2444 ·

238 2505 292 2538 rum
302 2491 415 2552 ordinem,
426 2493 483 2542 item
498 2508 555 2540 mox
568 2509 583 2540 r
639 2495 755 2543 rilliao.
786 2494 850 2543 Flor.
866 2503 953 2552 tamen,
969 2496 1093 2554 dedecoris,
1109 2493 1202 2542 rorasse
1215 2503 1237 2542 et
1251 2509 1302 2541 mes

238 2555 292 2603 libri
306 2553 445 2619 antiquiores
462 2572 505 2605 scr.
521 2566 544 2604 et
627 2558 755 2606 Rhenanus
785 2559 848 2607 liare.
861 2558 1300 2620 laiss.DedrrorisetiamlllS.(Agr.)

239 2619 396 2668 srtunoBud.
405 2621 505 2671 invertit.
521 2620 594 2669 Ean.
626 2621 755 2672 Deditscil.
787 2623 865 2672 Guelf.
877 2622 950 2670 etalii
966 2639 1003 2684 sp.
1015 2622 1157 2680 Broterium,
1169 2621 1204 2668 ed.
1215 2628 1249 2684 pr.
1262 2638 1301 2670 ce·
1377 2663 1380 2668 .

240 2686 297 2731 illic.
308 2700 329 2731 r.
342 2701 364 2732 a.
785 2696 885 2752 teraque
903 2695 957 2734 ante
976 2685 1129 2746 Rhenanam,
1149 2685 1191 2750 qui
1212 2687 1301 2735 decoris

272 2749 374 2798 liuentis
390 2751 499 2813 saraam
520 2752 648 2798 saviram
671 2752 754 2816 iibido]
787 2753 811 2816 (e
828 2749 904 2812 Bud.)
923 2750 1020 2800 invexit.
1052 2750 1118 2799 Bene
1139 2749 1240 2798 restituit
1259 2751 1300 2798 Pi.

238 2813 348 2873 Videbat,
365 2813 436 2862 linem
451 2813 530 2863 adesse
543 2815 711 2879 explendarum
726 2816 756 2864 li-
776 2815 865 2866 'cbens-
882 2814 953 2863 Eun.
980 2816 1018 2863 Its
1025 2816 1143 2864 Antonius
1153 2830 1173 2864 c.
1183 2815 1301 2876 fil-igaa-

239 2877 355 2938 bidinum,
373 2894 427 2926 cum
445 2889 523 2928 rueret
535 2879 636 2928 farmus.
671 2880 756 2944 Itaque
786 2883 889 2928 minium
903 2881 1072 2928 eomamsistis.
1107 2879 1172 2928 Mur.
1191 2887 1213 2926 et
1230 2880 1299 2929 Asid·

240 2942 355 2990 utendum
376 2941 494 3002 facultate,
513 2943 571 2991 (lum
592 2954 692 2993 maneat
724 2945 755 2992 In
787 2943 1147 3009 quoquedadccorisproet'erunt.

239 3007 393 3070 talitempore
403 3003 537 3056 soletetism
546 3007 637 3056 incitari
643 3008 757 3070 cupiditas
796 3057 799 3062 ,
819 3011 856 3056 Eo
873 3015 936 3056 arata
953 3016 975 3056 ct
986 3011 1070 3071 pansis
1087 3010 1142 3071 eta]
1165 3010 1200 3056 Et
1215 3008 1301 3057 babent

241 3071 376 3136 etvis(Ci2
391 3070 526 3132 iia,47.)
559 3072 755 3121 SicbeneetPi.
787 3072 842 3122 MS.
853 3072 931 3120 Guelf.
944 3071 1220 3136 (Bud)ed.pr.Puteol.
1242 3073 1314 3120 Post.

240 3135 315 3184 ahena
329 3145 353 3184 et
370 3137 485 3199 Ryclsins.
517 3135 584 3195 Post,
602 3136 678 3184 neseio
696 3152 756 3200 quo·
786 3137 897 3185 omissam
912 3139 952 3192 (ab
966 3137 1033 3198 Alc.)
1049 3137 1147 3186 restituit
1163 3137 1239 3186 Rhsn.
1254 3151 1302 3184 non

240 3199 320 3260 modo,
339 3200 398 3247 mihi
418 3200 493 3262 magis
515 3199 590 3262 placet
608 3207 658 3248 tam
677 3215 756 3263 parva
804 3204 898 3250 robsnte
909 3201 1011 3250 Murato.
1044 3202 1152 3250 Ceterum
1169 3217 1249 3250 verum
1266 3201 1303 3249 vi-

241 3279 326 3310 maaar
348 3263 439 3323 (Planet
461 3273 484 3312 et
502 3263 675 3326 Iallemsndo).
708 3265 755 3313 Pro
804 3265 847 3314 'sse
861 3265 966 3326 arbitror,
983 3281 1038 3314 aum
1054 3268 1123 3316 verbs
1136 3267 1227 3328 poam,
1245 3279 1301 3326 qaas

240 3330 377 3376 morabatur
394 3327 475 3376 vitiose
491 3328 526 3376 ed.
546 3345 582 3392 pr.
600 3329 755 3376 hortabatur:
786 3332 884 3378 adversa
899 3345 946 3378 aaa
960 3337 1117 3388 mutaverant,
1131 3332 1301 3387 concitantibus,

240 3392 304 3506 quod
326 3408 369 3457 pro
384 3407 432 3440 rar.
447 3392 500 3440 leet.
515 3400 550 3441 est
562 3393 588 3442 in
611 3409 685 3457 marg.
699 3393 755 3442 MS.
786 3403 838 3458 post
855 3398 903 3458 ipse
918 3393 1024 3458 ponenda
1037 3395 1155 3455 judicavit
1188 3396 1249 3442 Sunt
1264 3392 1303 3442 hic

266 3457 321 3506 aelf.
338 3459 411 3506 Eun·
787 3474 841 3508 saue
851 3459 931 3518 ,alieno
944 3459 1002 3506 loco.
1034 3459 1101 3517 Quos
1116 3459 1178 3506 enirn
1194 3465 1304 3520 putemus

273 3523 347 3584 Apud
355 3522 613 3587 aaidorpericuloram]
632 3523 757 3572 Sicomnes
788 3539 836 3572 esse
858 3539 904 3579 ens,
926 3521 968 3586 qui
989 3522 1091 3570 comitati
1112 3521 1215 3570 cohortes
1239 3521 1303 3570 sint?

241 3585 303 3634 libri.
319 3588 395 3634 Avidi
402 3588 565 3649 periculorum
573 3594 636 3644 sunt,
648 3587 689 3650 qui
697 3587 757 3650 peri-
788 3588 867 3635 Immo
877 3586 951 3634 Ducis
961 3586 1056 3634 comites
1066 3587 1143 3645 amici,
1154 3601 1213 3649 quos
1222 3601 1302 3634 secum

241 3649 295 3697 mis
310 3651 386 3700 subire
395 3665 442 3698 uon
453 3660 568 3711 veremm,
584 3651 655 3709 bello,
672 3651 757 3714 proeliis
788 3651 900 3700 eduxerim
913 3651 1064 3698 urbelioma
1097 3652 1138 3698 Ab
1151 3650 1235 3698 horum
1251 3651 1302 3713 pie·

242 3721 284 3762 eta
302 3715 343 3761 ubi
364 3730 416 3778 spes
434 3715 550 3763 commodi
572 3715 656 3773 luceat,
678 3717 760 3779 quales
788 3715 973 3779 risqnedesertus
981 3722 1037 3762 erat.
1064 3715 1121 3763 Post
1129 3717 1156 3762 ia
1164 3718 1301 3764 arrteEtra·

241 3777 308 3825 nobis
330 3778 427 3826 Tacitus
446 3779 532 3827 milites
550 3780 621 3828 Rom.
642 3793 688 3828 nan
710 3794 758 3828 uno
788 3782 851 3827 riam
861 3795 916 3828 aum
924 3778 1080 3842 RyclrioetJ.
1089 3780 1161 3828 Grnu.
1170 3779 1251 3838 delevi,
1259 3779 1301 3826 ad-

241 3841 414 3890 lasodeseribit.
446 3844 483 3891 At
494 3843 532 3892 hic
540 3844 670 3907 periculum
682 3854 757 3892 osten·
788 3844 863 3892 ditum
880 3843 1022 3892 aRhensno
1035 3852 1114 3893 conns
1129 3845 1207 3892 libros.
1231 3845 1303 3892 Ean.

243 3905 349 3965 debatur,
370 3906 395 3954 id
416 3907 480 3970 quod
498 3907 589 3972 liquido
608 3918 681 3972 patet,
701 3908 722 3956 si
743 3925 758 3956 s
789 3907 960 3958 Immcand.
985 3907 1302 3972 veihamma-caradoco

242 3971 347 4034 pertibus
357 3970 447 4019 Vitellii
459 3982 587 4030 manerent,
597 3988 697 4036 quarum
710 3973 757 4021 for-
789 3982 852 4020 mota
862 3987 910 4022 non
921 3973 1031 4022 illaretus
1040 3973 1106 4030 vidit,
1121 3973 1161 4022 sed
1171 3971 1239 4020 Acid.
1251 3969 1307 4034 qui,¹

242 4043 300 4082 tuna
321 4043 406 4093 rueret,
427 4037 529 4092 nullum,
547 4049 589 4086 aut
610 4037 669 4098 leve,
689 4038 709 4086 si
727 4036 757 4085 nd
788 4052 848 4100 sape
867 4037 891 4084 in
911 4038 1079 4101 transponendo
1097 4037 1195 4084 niarium
1214 4035 1302 4095 audax,

242 4099 339 4148 victores
357 4099 487 4148 umsirent.
520 4102 603 4166 Itaque
619 4116 668 4150 non
686 4102 756 4161 male,
788 4101 1193 4165 lucremaautetigitmeasrbitrata.
1209 4099 1304 4148 Omissa

241 4172 308 4229 puto,
318 4165 408 4213 Faerna
417 4173 545 4228 suspectam
551 4165 626 4214 'fuisse
635 4165 756 4214 lectionem
789 4167 835 4214 scil
847 4168 903 4214 olim
914 4168 982 4216 verba
993 4180 1006 4214 e
1017 4166 1129 4228 margine,
1140 4165 1178 4212 cui
1188 4165 1251 4212 fuere
1261 4165 1302 4212 ad-

242 4229 371 4292 vulgntsm,
388 4239 558 4292 correctamque
571 4231 673 4292 pavidos
691 4233 757 4292 peri·
789 4230 838 4290 lita,
856 4232 881 4278 in
902 4231 1001 4278 alienam
1017 4229 1094 4278 sedem
1111 4228 1199 4278 librarii
1216 4229 1303 4277 incuria

244 4295 360 4343 caiarara.
381 4293 453 4341 Enni.
486 4292 563 4342 Sic'et
577 4294 640 4342 Irall.
672 4291 759 4342 Contra
789 4293 889 4344 intrusit.
920 4293 1047 4343 Bahrdtius
1063 4295 1158 4342 demum
1175 4295 1249 4342 verbis
1266 4307 1304 4339 co·

245 4357 413 4422 GrutetBin
425 4373 467 4421 pro
476 4357 540 4419 vulg·
553 4366 622 4407 stant.
639 4358 676 4406 cf.
688 4375 706 4407 c.
719 4361 757 4408 26.
787 4362 973 4422 gnita-eneam
983 4359 1255 4425 postponentispntsbat·
1298 4408 1302 4413 .

244 4420 549 4486 quilacushuncexplicat
1138 4455 1140 4458 -
1299 4473 1301 4478 ,
