3059 4975
268 263 416 339 saro]
482 281 485 284 ·
647 238 727 319 un.
746 257 803 317 111.
825 258 910 320 cre.
930 262 979 321 ιι.
1055 310 1057 316 .
1278 263 1335 321 rer

269 416 383 493 cuncta
409 426 483 491 vieti
510 424 719 523 patiebantur,
750 423 835 489 subit
854 418 1050 501 recordatio,
1079 421 1148 487 illos
1176 424 1252 505 esse,
1277 426 1335 511 qui

270 536 371 599 nuper
385 511 528 577 Bedriacr
540 509 678 574 victoriae
690 523 922 597 temperassent.
954 509 1026 587 Sed,
1040 509 1096 573 ubi
1107 508 1243 589 Caecina,
1256 533 1336 596 prae-

231 644 237 653 ·
271 613 357 663 texta
378 596 600 683 lictoribusque
624 595 764 681 iusiguis,
791 596 909 659 dimota
934 595 1035 673 turba,
1061 594 1179 659 Consul
1201 594 1334 676 incessit,

271 707 411 749 exarsere
433 684 581 747 victores:
615 689 636 720 ‘⁴
652 681 840 767 superbiam,
862 680 1102 767 saevitiamque‚''
1125 680 1216 765 (adeo
1237 682 1338 747 invisa

272 768 385 833 scelera
404 779 490 844 sunt)
504 768 599 832 etiam
622 773 645 805 ‘⁶
661 766 854 854 perfidiam‚”
869 766 1074 854 objectabant.
1120 765 1253 831 Obstitit
1269 766 1336 832 Arr-

271 855 384 932 tonius,
398 854 541 939 datisque
554 852 779 928 defensoribus,
794 852 835 917 ad
848 850 1073 938 Vespasianum
1088 849 1214 916 dimisit.

314 940 465 1005 XXXII.
489 938 585 1003 Plebs
603 938 729 1001 interim
744 937 1000 1018 Cremonensium
1021 936 1102 1002 inter
1115 951 1249 1003 armatos
1263 942 1337 1003 conss

270 1024 467 1090 flictabatur:
491 1047 549 1089 nec
568 1022 678 1111 procul
698 1022 784 1087 coede
797 1023 937 1101 aberant,
952 1045 1025 1087 cum
1046 1022 1190 1107 precibus
1205 1024 1335 1089 Ducum

272 1110 433 1195 mitigatus
447 1125 493 1175 est
506 1109 603 1173 miles.
648 1110 694 1173 Et
709 1122 834 1173 vocatos
853 1108 895 1172 ed
917 1108 1095 1171 concionem
1110 1105 1269 1173 Antonius
1283 1112 1338 1175 ad-

250 1231 253 1237 ,
270 1194 421 1283 loquitur,
436 1196 599 1282 magnifice
612 1194 754 1273 victores,
768 1194 866 1259 victos
879 1192 1060 1257 clementer:
1084 1192 1124 1257 de
1138 1193 1293 1260 Cremona
1305 1197 1339 1261 in

271 1296 425 1347 neutrum
468 1281 647 1358 Exercitus,
668 1297 782 1367 praeter
803 1280 927 1345 insitam
954 1278 1117 1365 praedandi
1146 1279 1336 1367 cupidinem,

271 1382 375 1433 vetere
392 1368 477 1446 odio,
499 1368 541 1432 ad
566 1365 723 1431 excidium
749 1364 1006 1431 Cremonensium
1030 1363 1190 1431 incubuit:
1219 1366 1339 1452 juvisse

270 1470 375 1539 partes
388 1454 582 1531 Vitellianas,
603 1451 737 1516 Othonis
757 1475 885 1538 quoque
905 1449 998 1527 bello,
1018 1450 1241 1518 credebantur:
1265 1475 1339 1517 mox

271 1539 547 1616 tertiadecimanos,
566 1538 608 1602 ad
626 1537 850 1602 exstruendum
870 1535 1133 1623 amphitheatrum
1148 1536 1280 1617 relictoS,
1300 1553 1339 1604 ut

271 1639 345 1688 sunt
357 1625 498 1711 procacia
512 1624 640 1689 urbanae
681 1621 758 1687 lebis
778 1622 911 1709 ingenia,
926 1620 1139 1709 petulantibus
1161 1622 1270 1709 'urgiis
1290 1624 1338 1689 in-

269 1707 418 1776 luserunt.
461 1710 564 1775 Auxit
577 1646 727 1773 invidihm
741 1708 859 1773 editum
881 1707 943 1773 illic
957 1730 977 1771 a
991 1707 1115 1771 Caecina
1128 1646 1338 1794 giudietourm

271 1795 499 1881 spectaculum:
524 1796 694 1881 eademque
708 1818 817 1859 rursus
829 1792 903 1857 belli
916 1793 1019 1857 sedes:
1046 1806 1077 1857 et
1091 1792 1214 1879 praebiti
1226 1795 1260 1857 in
1273 1796 1339 1860 acie

271 1880 447 1947 Vitellianis
469 1881 545 1945 cibi:
570 1903 660 1944 caesae
676 1882 826 1965 ¹quaedam
847 1878 981 1956 feminae,
1006 1878 1111 1943 studio
1134 1880 1272 1977 partium
1297 1883 1339 1945 ad

270 1966 417 2054 proelium
437 1988 625 2054 progressae:
650 1980 773 2052 tempus
792 1987 918 2052 quoque
932 1978 1096 2041 mercatus,
1111 1963 1208 2033 ditem
1222 1966 1339 2053 alioqui

269 2053 432 2133 coloniam,
447 2054 599 2139 majorum
614 2074 711 2138 opum
726 2052 826 2137 specie
839 2048 1022 2136 complebat.
1068 2049 1172 2128 Ceteri
1186 2051 1293 2116 Duces
1306 2053 1353 2117 in'

270 2139 422 2203 obscuro:
445 2136 620 2202 Antonium
636 2137 763 2201 fortuna
776 2136 922 2222 famaque
936 2134 1076 2199 omnium
1095 2134 1192 2199 oculis
1206 2159 1340 2225 exposu.

269 2236 356 2289 erat:
378 2224 406 2289 is
418 2223 554 2303 balneas,
569 2223 726 2288 abluendo
739 2222 853 2301 cruori,
867 2243 999 2311 propere
1013 2220 1109 2309 petit:
1133 2238 1263 2310 excepta
1276 2248 1339 2289 vox

267 2396 339 2460 jicere
351 2398 479 2461 prolum.
513 2397 560 2445 Sed
573 2412 619 2445 uon
636 2396 790 2444 necessarium
856 2396 945 2445 Consul
955 2396 1061 2460 incessit]
1088 2394 1166 2444 Guelf.
1178 2405 1202 2444 et
1212 2396 1253 2445 ulii
1265 2399 1339 2445 ieces-

270 2461 358 2527 aliquid
369 2463 458 2510 tentari.
482 2461 632 2511 SimiliterA.
643 2462 681 2520 12,
691 2461 730 2507 51.
733 2465 789 2524 poet
820 2461 895 2517 risset,
907 2460 985 2518 male3
1002 2459 1058 2509 item
1068 2475 1133 2521 mox,
1145 2459 1266 2523 armarant,
1276 2462 1339 2527 quod

270 2530 311 2575 obi
327 2530 394 2590 quoti
409 2535 499 2588 uteros,
514 2534 537 2575 et
550 2530 640 2576 oiroero
656 2527 789 2576 vibrentur.
820 2541 867 2574 non
879 2539 993 2588 spernam.
1021 2525 1060 2574 Sic
1070 2535 1139 2574 ente.-
1157 2528 1339 2576 rubltrecor'do·

270 2590 789 2652 Arbitror,essedvexliootomorstructionis,
821 2593 861 2640 tio.
878 2590 949 2639 Eur.
983 2589 1046 2639 Bud
1059 2592 1159 2638 incessit.

270 2657 341 2721 idque
348 2657 381 2706 sic
388 2656 558 2715 resolvendum,
567 2657 631 2705 velut
640 2655 665 2704 h.
671 2655 688 2702 1.
695 2664 723 2702 ut
729 2672 789 2719 prae·
853 2657 936 2720 Plelo]
953 2655 992 2705 Sic
1002 2655 1065 2704 Flor.
1074 2655 1137 2704 Bud.
1146 2656 1207 2720 Agr.
1220 2673 1222 2684 ⁴
1235 2656 1340 2708 Picheuo

270 2721 320 2769 beri
327 2737 368 2770 ora
375 2737 395 2770 e.
404 2730 428 2769 et
435 2730 518 2769 cuncte
525 2722 596 2770 victos
606 2721 655 2786 pati
663 2719 786 2769 ridebantr
819 2719 913 2768 aliunde
920 2722 1003 2783 plebes.

269 2786 789 2848 inillol2,fil.ubiqootioterometoircero
851 2787 891 2832 Do
901 2787 1016 2833 Cremona
1027 2787 1054 2833 lo
1064 2787 1188 2850 neutrum]
1217 2785 1248 2833 Id
1259 2795 1303 2846 est,
1313 2789 1338 2836 in

271 2852 363 2898 vibrari
384 2849 459 2897 sentit.
493 2849 555 2897 Mox
580 2850 675 2912 firocio
702 2849 788 2896 melius
820 2858 926 2898 neumam
944 2858 1034 2911 partem
1053 2850 1142 2914 aliquid
1163 2853 1341 2914 pronunciavite

271 2929 345 3028 gduerp
354 2913 548 3027 ,noed’gcissgtqffi
554 2913 629 3027 egltnigg
640 2913 697 3027 M}
708 2913 787 3042 {ling}
819 2928 895 3026 ffie
905 2913 936 2962 ad
952 2914 1059 2974 salutem,
1076 2914 1192 2979 nequead
1206 2917 1338 2980 perniciem.

345 2995 361 3026 u
410 3014 416 3026 .
475 3011 482 3024 .
629 3010 637 3025 .
694 2995 710 3025 u
727 3011 734 3026 .
778 3005 787 3015 -
884 3008 891 3023 .

271 3046 343 3091 rocio.
376 3041 474 3106 Recepit
484 3042 561 3090 Rhea.
852 3043 954 3091 Erillum
966 3044 1016 3092 ulte
1026 3059 1041 3090 o
1054 3045 1148 3092 Coectno
1159 3045 1215 3109 ete]
1243 3045 1339 3111 Propo·

304 3109 375 3157 Soter
393 3109 534 3171 recordatio]
559 3108 699 3156 Recordotio
714 3116 748 3157 est
763 3107 789 3156 in
810 3106 872 3154 'sitio
888 3123 902 3153 o
917 3117 941 3156 et
955 3123 1012 3156 mox
1028 3109 1112 3172 copule
1127 3123 1171 3170 que
1186 3117 1221 3157 est
1234 3109 1260 3158 iu
1275 3111 1341 3162 libris

270 3173 308 3223 ed.
319 3189 358 3249 pr.
369 3172 446 3220 Rhen.
457 3188 507 3236 sqq.
519 3172 635 3231 omnibus,
647 3180 677 3232 et,
692 3182 743 3220 ute
757 3172 789 3221 ei·
819 3172 928 3221 omnibus
942 3173 1000 3221 meis
1015 3181 1098 3236 praeter
1108 3173 1143 3221 ed.
1155 3173 1232 3222 Rheu.
1246 3183 1271 3223 et
1284 3191 1338 3226 eum

270 3239 342 3287 tenuo
348 3237 488 3286 Picheuaeet
497 3237 524 3285 J.
533 3235 605 3283 Grou.
613 3236 717 3306 colligere
727 3237 789 3297 licet,
820 3246 908 3285 seruus
923 3237 952 3285 ed
964 3238 1098 3287 Pichenem.
1131 3237 1216 3287 Psullo
1225 3248 1278 3304 port
1288 3257 1341 3288 mo-

270 3302 296 3351 in
307 3302 363 3351 MS.
373 3299 437 3350 Flor.
466 3301 498 3349 ln
507 3301 571 3349 Bud.
583 3300 668 3364 legitur
678 3304 749 3361 ratio,
760 3310 789 3350 ut
813 3303 868 3364 jore
879 3301 934 3350 MS.
946 3303 1014 3350 Bodl
1027 3303 1105 3351 Guell.
1117 3303 1168 3350 edd.
1181 3303 1271 3352 Puteol.
1283 3305 1339 3354 Ber.

270 3368 295 3416 in
307 3366 387 3416 (ludi.
399 3365 461 3414 unde
472 3364 601 3414 Rhenanus
611 3366 732 3430 colligebat
742 3368 789 3413 mi·
820 3365 874 3413 Alc
885 3367 970 3430 recepit
980 3367 1106 3416 Broterius.
1121 3368 1193 3416 Eure.
1225 3368 1246 3416 P
1321 3371 1340 3414 ⁴.

270 3434 372 3481 morto:
389 3433 452 3479 suut
466 3433 603 3478 miseratio.-
620 3431 673 3477 tuoe
686 3441 787 3479 cereetc.
820 3430 907 3478 tionem
918 3431 1062 3480 redolevisse
1070 3432 1147 3480 Rhen.
1159 3431 1200 3489 ait,
1211 3433 1267 3496 quia
1293 3444 1341 3483 cest

270 3497 309 3547 Sic
325 3494 546 3561 interpungendum,
565 3504 594 3543 ut
608 3510 665 3544 mox
681 3510 789 3545 euertere
820 3495 845 3542 in
857 3495 919 3542 Bud
930 3505 953 3544 et
962 3498 1061 3558 putabat
1070 3495 1205 3553 subaudirit
1217 3513 1298 3546 rerum
1313 3499 1340 3548 in

202 3581 204 3586 ’
271 3565 387 3610 uictores.-
403 3561 537 3623 superbiam
553 3569 595 3608 ete.
629 3559 722 3624 Nempe
734 3575 789 3608 con-
821 3559 920 3608 editione
931 3561 980 3622 ejus
995 3576 1039 3609 sec.
1051 3560 1142 3624 legitur.
1177 3559 1264 3610 Contra
1274 3563 1338 3612 Bud.

270 3627 343 3675 versio
354 3635 418 3675 unte
427 3641 505 3672 rerum
515 3623 695 3673 misericordium
706 3625 788 3685 movit,
819 3623 890 3672 habet
899 3627 1030 3686 eodemque,
1041 3624 1118 3674 Rhen.
1130 3627 1216 3675 eadere.
1242 3627 1304 3675 Bud.
1316 3638 1340 3678 et

270 3699 299 3738 ut
308 3692 372 3740 alibi.
404 3689 467 3738 Mihi
484 3689 528 3738 hoc
543 3689 627 3738 melius
641 3689 725 3752 placet.
757 3689 789 3738 Ιιι
821 3687 896 3737 Rheu.
905 3693 1029 3754 majorum
1041 3690 1248 3750 Budodbellum5
1260 3692 1338 3742 Rhene

269 3754 307 3803 his
317 3755 432 3803 miseratio
438 3763 505 3803 ortae
521 3755 546 3801 in
554 3754 646 3802 Caecitrs
653 3753 789 3817 indignatio.
821 3756 852 3802 od
857 3757 979 3816 prelium.
994 3755 1057 3803 Bud.
1069 3756 1164 3817 alloqui.

271 3819 362 3869 Omnin
391 3820 512 3867 remelius
520 3819 636 3868 coherens
644 3819 789 3867 oratioesaet.
853 3823 881 3868 Ιι
891 3821 1105 3868 bohwmolloendo
1115 3822 1208 3886 cruori]
1238 3821 1341 3872 Pichena

270 3883 343 3932 Eure.
401 3884 440 3931 ud.
459 3885 523 3930 rotie
539 3883 616 3932 verius
636 3883 727 3931 videtur
744 3884 789 3932 Bi.
820 3883 1103 3944 anathemaremur,
1117 3885 1229 3950 seuquin
1240 3891 1339 3951 suprac'

235 3962 241 3976 ·
268 3947 378 4014 pontinia.
792 3979 795 3986 ι
822 3948 860 3996 11.
876 3950 1010 3998 balneorum
1026 3949 1114 3998 editum
1130 3959 1171 4011 est,
1187 3950 1339 4002 hiceeudem

308 4014 418 4068 Vteoniae
429 4014 606 4078 temperassent]
640 4013 678 4062 Sic
688 4013 713 4061 in
723 4012 789 4062 libris
820 4013 956 4077 scripturam
968 4015 1103 4063 servandam
1114 4015 1201 4079 putavi.
1218 4016 1340 4064 Abloeodu

270 4078 328 4127 meis
338 4078 447 4127 omnibus
457 4076 548 4139 reperi:
564 4077 589 4124 in
600 4077 666 4125 nullo
676 4081 789 4140 obtempe.
820 4092 904 4126 eruore
921 4078 1007 4127 habeut
1023 4079 1074 4127 edd.
1089 4087 1142 4128 ante
1157 4079 1234 4127 Rhen.
1250 4095 1338 4128 omnes.

270 4150 369 4201 ruerent,
385 4151 413 4191 ut
428 4158 458 4191 ex
473 4142 498 4190 b.
512 4142 529 4189 l.
543 4141 624 4190 laudat
640 4142 745 4190 Ciucoon.
758 4142 789 4190 ad
821 4140 897 4208 quue
912 4152 972 4191 recte
983 4144 1075 4204 dieitur,
1089 4155 1113 4192 et
1127 4144 1263 4207 exquisitius
1278 4145 1339 4191 anti-

272 4207 333 4256 θαι.
350 4208 381 4255 Β.
399 4207 429 4256 G.
448 4206 472 4266 1,
487 4208 527 4254 33.
559 4207 634 4272 Apud
651 4207 790 4256 Sallustium
820 4209 943 4271 quiusquo,
959 4225 1031 4272 quem
1043 4211 1130 4266 cruori,
1145 4217 1172 4256 ut
1180 4208 1229 4268 jem
1245 4207 1275 4254 od
1285 4209 1340 4254 An-

271 4280 350 4318 uutem
361 4271 413 4320 Cet.
426 4272 464 4319 ll.
475 4272 500 4318 in
515 4271 560 4319 hro
570 4271 670 4319 formula
684 4274 790 4320 victorio
820 4273 883 4321 noles
893 4273 988 4321 dictum.
1022 4273 1107 4336 Itaque
1117 4272 1142 4318 id
1152 4279 1243 4319 oecutus
1256 4286 1339 4330 essem,

271 4342 401 4397 temperare
410 4335 614 4384 estillroonfusio.
629 4337 661 4385 V.
670 4337 733 4384 Cort.
750 4336 789 4385 De
821 4337 866 4385 nisi
881 4337 935 4385 libri
946 4338 1074 4385 Florentini
1090 4335 1213 4384 auctoritas
1231 4336 1341 4396 obstaret,
1376 4384 1378 4390 ,

270 4399 372 4448 formula
379 4399 430 4462 ipse
438 4400 549 4450 Oudeud.
555 4401 588 4448 ibi
598 4400 679 4450 laudat
686 4401 788 4451 Gronov.
821 4403 858 4450 cui
870 4402 948 4450 Guels.
958 4401 1075 4450 consentit
1094 4400 1155 4447 Mox
1165 4413 1208 4462 pro
1218 4399 1341 4448 orauere-¹

267 4463 540 4527 admetiantur.
822 4472 874 4514 rent
893 4465 966 4515 MSS.
980 4465 1058 4516 Oxou.
1074 4463 1143 4512 Harl.
1159 4463 1340 4514 inardescerent.
