3059 4975
180 338 183 342 .
222 308 296 353 rc.
313 296 395 374 rur
560 320 566 327 ·
611 296 913 357 muncrum.
1254 300 1289 355 ar

220 469 375 542 structum
394 482 414 523 a
432 459 569 525 fortuitis
587 459 635 523 vel
653 458 847 525 naturalibus
860 460 986 538 caussis,
1008 460 1040 523 in
1060 459 1237 547 prodigium
1254 473 1285 523 et

219 565 310 605 omen
326 544 541 608 inminentium
555 544 690 609 cladium
706 546 892 611 vertebatur.

263 629 488 695 LXXXVII.
512 630 606 707 Otho,
619 630 748 695 lustrata
761 633 848 711 urbe,
860 647 891 697 et
902 630 1044 718 expensis
1054 630 1126 695 belli
1137 632 1281 711 consiliis,

242 715 346 777 uando
371 714 630 800 PeninaelCottiae
654 741 692 780 ue
710 718 812 803 Alpes
831 734 862 783 et
881 716 973 781 ceteri
990 714 1162 781 Galliarum
1178 717 1282 782 aditus

218 736 394 864 ilitellianis
415 802 603 865 exercitibus
627 740 861 881 iiaudebantun
885 803 1120 867 Narbonensem
1145 802 1280 867 Galliam

216 884 346 971 adgredi
360 887 487 959 statuit3
511 887 605 951 classe
619 886 723 951 valida
736 902 768 952 et
786 891 927 977 partibus
945 888 1019 964 fida,
1038 888 1125 974 quod
1144 888 1198 953 reli
1224 912 1280 953 uos

215 994 366 1036 caesorum
381 973 422 1036 ad
437 987 564 1059 pontem
579 972 740 1053 Milvium,
763 990 795 1039 et
810 974 927 1039 saevitia
938 972 1050 1038 Galbae
1061 974 1091 1037 in
1106 988 1175 1038 cust
1217 996 1279 1038 ram

215 1055 346 1134 habitos,
362 1059 393 1121 in
409 1082 554 1122 numeros
566 1057 697 1145 legionis
709 1074 941 1147 composueram
964 1060 1046 1122 facta
1059 1074 1090 1123 et
1103 1060 1209 1123 ceteris
1224 1084 1278 1147 spe

215 1142 420 1207 honoratioris
434 1144 464 1207 iu
480 1157 639 1232 posterum
654 1144 780 1211 mihtiae.
826 1145 963 1210 Addidit
979 1143 1066 1208 classi
1081 1145 1214 1210 urbanas
1227 1170 1278 1210 co·

216 1222 321 1292 hortes
343 1242 374 1293 et
396 1230 560 1317 plerosque
581 1254 599 1294 e
619 1230 828 1310 Praetorianis,
851 1232 931 1295 vires
950 1243 981 1294 et
1000 1230 1097 1293 robur
1115 1230 1279 1309 exercitus,

210 1320 310 1399 ratqu'e
329 1313 404 1401 ipsis
418 1315 562 1380 Ducibus
575 1316 736 1380 consilium
755 1330 787 1380 et
806 1316 958 1381 custodes.
1004 1316 1134 1379 Summa
1153 1316 1279 1413 expedi-

215 1396 307 1478 tionis
335 1400 475 1464 Antonio
503 1401 648 1480 Novello,
685 1403 803 1467 Suedio
832 1401 995 1479 Clementi,
1023 1400 1277 1498 primipilaribus

215 1484 347 1548 AEmilio
373 1487 513 1566 Pacensi,
535 1486 587 1551 cui
609 1488 791 1575 ademptum
814 1512 833 1553 a
855 1488 958 1553 Galba
977 1486 1189 1552 Tnbuuatum
1209 1488 1277 1552 red-

213 1568 347 1657 diderat,
370 1572 525 1657 permissa.
571 1572 688 1637 Curam
707 1574 835 1637 navium
851 1574 954 1639 Oscos
972 1572 1100 1636 libertus
1115 1573 1276 1651 retinebat,

212 1652 254 1717 ad
282 1656 506 1721 observandam
534 1657 744 1722 honestiorum
777 1659 870 1723 fidem
898 1658 1070 1723 comitatus.
1126 1658 1274 1723 Peditum

213 1740 352 1830 equitum
378 1766 417 1806 ue
434 1744 530 1828 copiis
549 1745 715 1809 Suetonius
730 1744 905 1823 Paullinus‚
927 1744 1051 1808 Marius
1066 1744 1186 1823 Celsus,
1207 1745 1275 1809 Αιι-

213 1826 283 1889 nius
307 1766 430 1905 GalluS,
455 1843 587 1893 rectores
609 1829 762 1895 destinati.
808 1830 871 1895 Sed
894 1829 1029 1917 plurima
1051 1830 1129 1895 fides
1152 1830 1274 1894 Licinio

214 1912 358 1989 Proculo,
371 1914 513 1977 Praetorii
527 1915 698 1979 Praefecto:
721 1916 748 1979 is
763 1917 890 1981 urbanae
904 1914 1020 1979 militiae
1034 1916 1164 2010 inpiger,
1179 1915 1275 1979 bello-

211 2021 282 2085 rum
296 1998 440 2077 insolens,
454 1999 669 2063 auctoritatem
684 1999 830 2081 Paullini,
850 2001 986 2087 vigorem
1003 2000 1095 2078 Celsi,
1116 2001 1275 2089 maturita-

242 2180 276 2225 In
279 2179 421 2241 prodigium
427 2186 449 2226 ct
457 2181 537 2244 ornere]
549 2179 613 2228 Bud.
619 2181 645 2227 in
653 2195 727 2228 mern.
757 2180 831 2240 (But
844 2180 903 2245 Agr·
916 2177 949 2239 et)
965 2170 1239 2243 victoriarumque
1249 2188 1273 2227 et

211 2244 358 2354 filiastrum
374 2243 441 2305 urbe]
457 2244 513 2292 viu.
533 2244 564 2293 ad
581 2247 615 2293 A.
635 2245 673 2302 13,
685 2248 725 2293 24.
755 2247 873 2293 honorata
887 2244 963 2293 habet·
990 2242 1042 2291 Alii
1055 2242 1107 2292 edd.
1121 2251 1145 2292 et
1159 2258 1201 2291 scr.
1216 2246 1272 2292 reli-

234 2321 281 2354 ιιιι.
772 2313 815 2358 uir.
865 2322 912 2358 mi.
1104 2346 1109 2355 .

242 2373 355 2433 Reliquos
363 2375 485 2433 cneorum]
495 2373 668 2421 Freinshemius
675 2390 726 2422 ma·
744 2326 771 2429 ,q
789 2311 927 2440 peritque]
938 2373 953 2423 ἰ
963 2389 983 2423 e.
994 2370 1118 2421 mantellos
1127 2372 1165 2423 vel
1175 2373 1271 2434 multoc,

208 2436 270 2485 lebat
286 2440 414 2500 reliquiar:
433 2438 495 2513 quod
512 2453 559 2485 non
573 2438 724 2487 necessarium
755 2447 828 2503 utap.
837 2438 948 2500 Quinctil.
960 2439 1016 2498 Μ,
1028 2437 1051 2493 7.
1069 2436 1106 2485 Of.
1118 2436 1194 2502 uyct

208 2509 272 2564 puto.
298 2503 668 2562 Coesorum,1nGuelf..amauu
681 2516 725 2552 sec.
792 2506 859 2553 Vires
874 2511 895 2552 rt
911 2505 993 2568 robur]
1011 2503 1036 2550 A
1051 2501 1181 2564 conjectura
1195 2513 1272 2552 nostru

209 2576 333 2614 annectam
346 2570 478 2625 Cancrum,
493 2576 528 2616 est
539 2569 563 2616 in
574 2568 610 2616 ed
621 2584 657 2630 pr.
668 2567 725 2616 item
754 2576 803 2617 est:
823 2568 877 2618 libri
895 2568 957 2616 enan
976 2581 1064 2624 omnes,
1083 2581 1096 2613 c
1112 2570 1270 2616 Praerortm

207 2631 232 2677 in
243 2647 317 2694 marg.
325 2648 367 2695 pro
378 2648 425 2680 rar.
436 2632 489 2681 lect.
500 2634 633 2694 adportent
644 2635 725 2680 AEmi-
754 2635 822 2692 ciris,
838 2640 864 2680 ut
876 2635 947 2680 robur
960 2635 1091 2680 caeretanus
1109 2647 1191 2696 parum
1208 2645 1268 2696 apte.

208 2697 272 2742 lium.
298 2697 533 2746 Moxincurtoritrnt
545 2707 725 2760 omnffipreter
753 2698 827 2746 Lus.

208 2761 329 2824 MS.Agr.
342 2759 723 2824 quihabettneunortauruhe·
785 2763 919 2827 Invitatus]
937 2760 992 2811 Vox
1007 2760 1130 2821 invitatur,
1148 2778 1187 2811 sus
1259 2779 1267 2810 a

207 2826 373 2888 nanusvoluit.
401 2826 722 2889 Sedilludquoquerectum.
752 2827 849 2890 quidam
859 2827 912 2876 libri
924 2827 1016 2891 (Agris
1025 2827 1116 2889 etReg.
1126 2824 1187 2874 batt
1214 2829 1269 2874 inti.

207 2889 277 2937 Eun.
303 2889 366 2938 Bud.
377 2891 439 2938 male
450 2905 556 2937 cerarum
566 2891 597 2936 cd
602 2907 629 2951 p.
641 2893 723 2936 mitut-
752 2899 825 2948 totus,
843 2891 882 2938 alii
896 2895 1041 2938 immutatur.
1069 2891 1180 2952 Faernus,
1199 2891 1269 2939 initia

205 2970 269 3002 nuuc
294 2954 341 3004 Sed
351 2970 407 3002 mox
418 2957 444 3002 in
454 2957 591 3004 custodium.
614 2954 722 3004 ctvos
750 2957 827 3004 datus.
845 2956 918 3004 ers
945 2955 1013 3004 Nihil
1023 2955 1124 3018 ineptius
1136 2958 1168 3013 τῷ
1180 2958 1269 3002 innitu-

207 3019 254 3066 sius
265 3019 294 3068 tle
305 3021 435 3068 Construct.
447 3034 466 3066 c
478 3022 517 3066 65.
751 3026 798 3080 tur,
817 3019 861 3067 nisi
878 3019 936 3068 forte
949 3019 1005 3082 ipsa
1018 3019 1081 3066 illius
1094 3019 1157 3066 verbi
1170 3018 1269 3067 defensi-

237 3087 406 3132 Innurnerum
417 3085 528 3148 legionis]
546 3083 667 3148 Hispanus
683 3100 722 3132 oo-
749 3100 812 3134 ones.
845 3085 898 3132 Hoc
912 3083 1033 3132 adfinuare
1048 3083 1209 3146 prodicerent:
1228 3083 1267 3130 eed

205 3146 251 3197 dex
268 3165 381 3197 nuntrro:
405 3147 514 3196 Romana
532 3149 601 3196 editio
618 3157 641 3196 et
658 3149 720 3197 Ποῖ.
750 3161 797 3196 non
816 3157 863 3197 tam
881 3149 953 3196 facilis
972 3144 1092 3196 medicina
1128 3146 1267 3210 Suspicabar

205 3213 266 3275 (cod.
285 3221 309 3262 et
321 3211 394 3278 Agr.)
410 3228 537 3269 nunwrorr
555 3213 619 3276 quod
634 3222 722 3262 recum
751 3221 837 3272 tamen,
855 3216 985 3271 connitatur,
1008 3213 1045 3260 vel
1063 3214 1171 3260 nunorer
1189 3214 1265 3261 datur.

204 3277 242 3324 hic
260 3290 310 3333 estc
335 3277 525 3341 intelligendique
548 3278 639 3326 nunteri
660 3276 723 3326 mili-
749 3277 1008 3336 AddeObserv.‘.l,20.
1027 3277 1117 3326 unos.
1141 3277 1265 3326 Gravioin

204 3350 271 3403 iares,
294 3343 426 3406 dequibus
444 3344 494 3402 jam
514 3341 618 3405 predixi.
646 3341 720 3390 Lm.
750 3358 786 3405 ep.
799 3342 918 3390 adHeins.
930 3352 953 3390 et
965 3339 1055 3404 Rycltio
1066 3342 1171 3405 placebat
1181 3344 1267 3389 inrita·

203 3407 355 3458 Florentium
371 3407 533 3469 intelligmdus
547 3421 594 3454 nou
604 3406 722 3470 antiquior
750 3415 797 3464 tus,
809 3407 871 3470 quod
880 3423 925 3454 non
934 3407 1018 3454 melius
1029 3408 1062 3461 τῷ
1073 3407 1194 3452 invitatur.
1216 3407 1267 3454 Nec

202 3471 249 3529 ille,
262 3470 722 3536 quihicfohodefectusesusedaliuea
750 3473 842 3535 placent
870 3471 1023 3520 Gronovianae
1050 3471 1192 3530 conjecturae,
1225 3479 1267 3517 eut

203 3536 307 3584 Pichena
317 3538 439 3600 inspectus.
470 3538 592 3584 Numeros
602 3536 672 3584 etiam
683 3536 718 3584 ed.
749 3534 886 3592 Heinsiana,
898 3551 933 3598 ep
945 3535 1058 3582 adGrrev.
1071 3533 1094 3580 in
1106 3533 1164 3595 Syll.
1176 3541 1192 3580 t.
1207 3535 1229 3580 i.
1241 3551 1264 3597 p.

201 3617 237 3664 pr.
250 3604 362 3649 Numero
374 3600 451 3648 Guelf.
465 3599 552 3662 (Bud)
567 3609 590 3646 et
600 3600 651 3648 edd
664 3609 718 3648 vett.
751 3599 803 3656 173.
816 3605 962 3664 imputatus:
978 3597 1119 3662 quasietiam
1128 3597 1265 3646 beneficium

200 3664 297 3728 Lipsius
308 3665 380 3721 edidit
389 3680 522 3720 nortuum,
536 3664 605 3712 etiam
617 3665 640 3711 in
656 3673 721 3714 sexta
749 3673 814 3724 esset,
835 3681 888 3729 quae
904 3663 1043 3712 contumelia
1060 3672 1113 3710 etat
1146 3661 1265 3710 Usitaturn

200 3740 225 3777 et
239 3731 323 3779 ultima
332 3729 467 3778 recensione.
504 3732 624 3778 Numeros
636 3730 721 3792 recepit
748 3730 908 3778 aliasvcrbuur
920 3741 954 3778 est
965 3728 1096 3790 impositas.
1113 3727 1184 3776 Eun.
1201 3728 1264 3776 Flor.

141 3838 144 3845 .
201 3795 313 3842 Pithenn
341 3796 402 3842 Sunt
412 3794 520 3842 cohortes
532 3795 603 3841 Eun.
622 3794 658 3842 Cf.
671 3803 718 3842 not.
747 3794 818 3842 habet
826 3798 970 3842 imruutctnr.
987 3791 1048 3866 ¹Inde
1057 3791 1121 3840 Plch.
1130 3792 1266 3854 conjiciebat

199 3859 358 3988 titii
374 3861 397 3971 l
410 3859 718 3983 l‘liit‘sllhii
748 3857 1264 3983 hhdlstlultfflitrll?ullis

199 3998 274 4052 putat.
748 3997 771 4036 et
783 3988 896 4036 Gruterus
910 3987 980 4034 deleri
995 4001 1073 4036 vorem
1086 3989 1184 4048 jubente
1202 3987 1266 4048 quod

232 4055 308 4101 Facta
319 4063 342 4102 ct
353 4057 435 4102 ceteris
445 4055 508 4117 apes]
523 4052 629 4116 Suspicor
640 4063 719 4102 aucto-
746 4051 806 4100 mihi
827 4053 882 4100 satis
902 4052 993 4099 arridet.
1024 4052 1115 4100 Heinsii
1135 4053 1265 4114 inmutatus

198 4133 250 4165 rem
272 4119 401 4182 scripsisset
428 4123 596 4178 conposuerat,
609 4120 678 4181 farta
695 4127 719 4166 et
746 4115 820 4178 rejicit
835 4115 1001 4164 Graeviuch„
1014 4117 1101 4178 p.187.
1130 4117 1195 4164 Dum
1207 4115 1265 4178 quid

198 4185 288 4232 coetrris
296 4186 335 4246 epc
343 4185 500 4230 honoratioris
509 4185 663 4244 inposterum
671 4185 717 4229 rni-
745 4179 837 4242 melius,
848 4180 933 4244 recipio
943 4193 996 4230 cum
1010 4181 1062 4248 Bip.
1070 4180 1182 4230 Gronovii
1193 4181 1264 4226 comi-

198 4242 266 4294 litioe·
292 4249 331 4296 Sic
346 4248 366 4294 l.
382 4249 405 4306 3,
418 4249 440 4295 9.
455 4249 479 4294 iu
497 4249 618 4296 Vitellium
632 4254 658 4296 ut
671 4249 717 4294 ini·
747 4253 818 4294 tatur.
952 4261 953 4266 ¹
1053 4267 1056 4274 ⁴
1272 4294 1275 4302 ,

197 4313 287 4360 micum
305 4315 451 4374 rescripsere,
468 4314 538 4374 sucta
563 4311 676 4359 Tribunis
695 4319 718 4360 ct
780 4311 890 4360 Rectoret
900 4309 1023 4376 dcsiirtaii]
1036 4309 1107 4360 Liber
1119 4303 1265 4360 covaruvias

201 4370 385 4424 centurionibus
398 4379 522 4434 retinendi,
540 4392 592 4437 quoe
609 4379 718 4424 Vitellius
747 4377 782 4435 (et
790 4375 865 4437 Bud.)
877 4383 976 4425 rectores
987 4376 1113 4422 rmutititi.
1132 4371 1266 4430 Utrumque

199 4441 342 4499 indulsisset,
354 4455 402 4502 spe.
435 4441 524 4487 Gnou.
542 4442 581 4489 Sic
591 4448 719 4490 correxerat
747 4440 866 4502 spurium:
890 4449 913 4489 et
929 4440 1041 4488 unientis
1056 4439 1105 4486 sirie
1123 4450 1150 4482 eo
1169 4440 1262 4486 constat

198 4500 541 4573 e'tvirdoctusinGryphiana
562 4505 717 4555 reterens
747 4505 822 4552 lues.
905 4551 907 4558 ,
1093 4503 1096 4512 ’
1159 4505 1161 4509 ’

245 4591 317 4636 rot.
334 4591 386 4632 ιιι.
870 4575 874 4582 “
1076 4584 1097 4625 G
1196 4571 1198 4576 ⁴
