3059 4975
209 272 378 351 nero]
477 237 478 240 ‘
598 270 677 331 nra.
698 272 721 331 1.
747 272 836 332 cnr.
857 276 905 334 30.
1242 280 1281 339 aa

208 434 392 502 discriminis
406 434 552 515 habere);
569 436 677 523 patris,
689 449 722 500 et
731 438 873 514 Senatus,
888 451 921 502 et
929 434 1028 522 ipsius
1039 434 1167 523 Imperii
1178 438 1277 504 vicem

205 520 305 601 doleo,
329 521 354 586 si
375 522 464 587 nobis
481 534 536 585 aut
556 522 656 609 perire
675 522 769 587 hodie
788 545 910 587 necesse
924 536 981 600 est,
996 534 1061 599 aut,
1076 523 1162 621 quod
1182 548 1273 610 aeque
1321 595 1323 600 ,

205 607 291 694 apud
304 609 401 673 bonos
416 609 564 672 miserum
578 620 633 685 est,
648 608 794 673 occidere.
839 593 991 674 Solarium
1010 608 1145 693 proximi
1167 624 1271 674 motus

204 692 394 758 habebamus
408 694 602 758 incruentam
615 694 736 772 urbem,
748 707 781 758 et
789 718 839 758 res
854 696 919 759 sine
930 692 1084 757 discordia
1098 694 1271 759 translatas.

206 778 371 843 Provisum
393 780 559 868 adoptione
577 777 753 857 videbatur,
777 795 814 844 ut
834 803 874 844 ne
894 792 965 866 post
986 778 1121 843 Galbam
1142 780 1285 866 quidem

205 862 287 929 bello
301 864 387 930 locus
401 880 491 930 esset.

247 950 370 1015 XXX.
399 951 525 1015 “Nihil
548 952 700 1037 arrogabo
721 951 798 1015 mihi
820 949 998 1015 nobilitatis.
1014 965 1070 1015 aut
1090 950 1270 1016 modestiae:

202 1037 408 1123 nequeenim
432 1036 531 1101 relatu
552 1036 706 1102 virtutum
727 1039 760 1103 in
785 1036 1014 1123 comparatione
1035 1036 1282 1138 Othonisopus

201 1132 259 1185 est:
302 1122 401 1202 Vitia,
417 1122 532 1209 quibus
554 1122 625 1187 solis
645 1124 809 1210 gloriatur,
824 1135 961 1187 evertere
976 1123 1160 1209 Imperium,
1175 1135 1279 1187 ettam·
1348 1185 1351 1190 .

201 1229 274 1271 cum
295 1209 429 1274 sancum
452 1210 654 1296 Imperatoris
675 1233 715 1297 ag
733 1224 790 1274 ret.
835 1208 1000 1273 Habitune
1021 1224 1052 1272 et
1074 1207 1206 1286 incessu,
1227 1231 1269 1273 an

200 1291 256 1357 illo
268 1293 413 1359 muliebri
426 1306 539 1359 ornatu
552 1308 684 1359 mereret
733 1296 925 1383 Imperium?
962 1292 1139 1371 Falluntur,
1176 1294 1271 1358 uibus
1296 1362 1301 1368 ,

201 1376 327 1445 luxuria
341 1380 441 1467 specie
455 1379 649 1447 liberalitatis
662 1383 792 1469 inponit.
831 1379 967 1445 Perdere
981 1380 1039 1443 iste
1052 1379 1137 1456 sciet,
1152 1316 1269 1445 donare
1292 1445 1293 1452 ,

201 1465 325 1530 nesciet.
371 1468 488 1554 Stupra
508 1480 640 1531 nuncet
660 1468 890 1533 comissationes
911 1478 942 1528 et
962 1464 1149 1529 feminarum
1169 1478 1269 1529 coetus

201 1548 303 1614 volvit
313 1552 432 1617 arrimo:
456 1552 523 1617 haec
537 1552 736 1640 Principatus
749 1553 879 1641 praemia
914 1564 1000 1628 utat3
1023 1573 1160 1638 quorum
1172 1550 1271 1616 libido

201 1658 238 1699 ac
251 1636 395 1725 voluptas
416 1660 511 1725 penes
531 1638 636 1726 ipsum
655 1640 704 1717 sit,
727 1640 824 1705 rubor
837 1662 874 1704 ac
889 1574 1024 1701 dedecus
1045 1659 1139 1724 penes
1152 1658 1269 1701 omnes.

175 1774 177 1779 .
202 1724 305 1787 Nemo
320 1724 402 1787 enim
416 1747 460 1787 un
482 1746 556 1788 uam
570 1725 752 1811 Imperium,
767 1724 888 1812 flagitio
900 1722 1079 1809 quaesitum,
1093 1720 1183 1787 bouis
1192 1723 1270 1786 arti-
1295 1786 1298 1790 .

200 1808 261 1871 bus
275 1810 420 1875 exercuit.
500 1810 603 1875 albam
616 1810 917 1896 consensustgeneris
930 1809 1077 1887 humani,
1087 1830 1137 1870 me
1153 1807 1269 1886 Galba,

200 1895 464 1959 consentientibus
478 1896 576 1973 vobis,
593 1896 748 1960 Caesarem
769 1896 859 1959 dixit.
905 1894 939 1958 Si
959 1892 1151 1979 Respublica
1164 1904 1196 1957 et
1216 1894 1270 1956 Se-

200 1993 294 2043 natus
315 1993 346 2045 et
366 1979 509 2067 Populus
529 2003 610 2043 vana
632 1981 758 2045 nomina
780 1994 869 2043 sunt:
899 1991 1013 2056 vestra,
1035 1974 1268 2057 commilitones,

199 2064 338 2145 interest,
353 2089 393 2130 ne
407 2066 629 2151 imperatorem
692 2064 776 2129 ssimi
789 2064 915 2129 faciant.
958 2063 1144 2149 Legionum‘
1160 2062 1271 2128 seditio

200 2150 366 2216 adversum
381 2151 487 2216 Duces
508 2173 582 2215 suos
603 2173 645 2216 au
668 2151 713 2215 ita
733 2161 781 2214 est
801 2147 988 2236 aliquando:
1012 2162 1115 2213 vestra
1131 2148 1210 2213 fides
1225 2148 1271 2214 fa-

200 2352 718 2465 ttttttttttttltffittffittt
748 2350 1270 2465 ll‘nmlillil'il'tfflll‘i‘n‘lrlsl

201 2480 265 2544 quod
276 2482 425 2532 estetined.
436 2499 472 2546 pr.
483 2434 564 2544 vilgo
574 2491 608 2531 est
618 2483 718 2530 adverto
749 2432 840 2530 triballi⁸
872 2480 950 2544 (Nam
973 2430 1145 2529 Gmffim
1167 2481 1270 2545 explicu-

200 2548 341 2594 etrecnadu.
372 2547 465 2596 Deinde
473 2562 527 2594 carn
534 2549 646 2608 manime,
655 2547 719 2611 quod
749 2547 837 2594 tionem
858 2554 900 2592 aut
920 2559 968 2592 uon
986 2561 1014 2593 ca
1029 2546 1061 2605 io,
1083 2555 1125 2594 aut
1140 2554 1175 2593 eat
1191 2554 1270 2594 conus

200 2611 310 2674 ternporis
331 2613 449 2674 prasentia
466 2611 655 2674 significationem
676 2611 720 2659 ha·
750 2610 921 2671 Latinitatem.)
955 2561 1111 2659 Sedluxuria
1126 2609 1270 2658 non-tribuit

200 2674 262 2733 bere,
271 2675 339 2724 hodie
349 2676 511 2740 pervulgatum
524 2685 565 2736 est,
577 2691 624 2724 non
635 2676 666 2723 ad
679 2691 720 2724 err-
749 2675 857 2739 speciem,
866 2689 947 2722 verum
957 2675 1048 2737 accipit,
1057 2674 1195 2738 deberetque
1204 2689 1266 2722 esse:

196 2740 450 2800 perturreferendum,
466 2739 533 2788 utin
550 2740 649 2804 vulgatis
663 2739 719 2800 fere,
750 2741 946 2801 qulbuslunarin
955 2742 1054 2801 specim
1064 2740 1276 2786 liberalitatem·

200 2801 241 2850 sed
255 2803 284 2851 ed
294 2819 392 2868 sequens
403 2807 500 2863 ducam,
512 2805 575 2868 quod
590 2806 718 2854 eoorracti·
745 2807 825 2866 pontt,
835 2803 860 2851 lt
872 2819 893 2852 e.
902 2803 1016 2851 falluntur
1027 2803 1133 2852 homines
1144 2803 1174 2850 iis
1190 2804 1268 2862 rebus,

199 2864 541 2933 onefFreinshemiirecepimus.
574 2870 648 2918 MSS.
656 2869 720 2918 Flcr.
749 2869 835 2932 quibus
856 2868 955 2932 speciem
979 2867 1123 2915 liberalitatis
1143 2867 1267 2916 conciliant

200 2932 284 2992 (Bud.)
296 2933 375 2982 Guelf.
386 2934 447 2997 Agr.
458 2933 509 2982 edd.
522 2948 557 2996 pr·
568 2949 619 2998 sqq.
630 2935 716 2995 dicam,
747 2933 848 2980 luxuria
855 2949 909 2981 suae.
927 2933 958 2981 In
967 2931 1011 2980 bae
1021 2931 1156 2980 diffindere
1162 2931 1267 2995 undique

198 3010 266 3060 equo
277 2998 435 3047 malefactum
445 3014 460 3046 a
471 2999 585 3046 Rhenano
595 2999 686 3056 ducam,
695 3008 718 3048 et
747 3013 772 3046 se
787 2997 914 3060 ingerente,
931 2997 1063 3060 vulgatum,
1079 3004 1108 3044 ut
1122 2995 1267 3044 lenissimum

198 3061 294 3124 quida
313 3076 342 3109 ex
359 3063 465 3125 ingenios
483 3063 521 3110 cui
537 3077 578 3110 cur
593 3077 641 3110 non
658 3078 718 3127 prae-
745 3061 836 3110 retinui
870 3062 997 3110 Horatius:
1015 3061 1086 3124 follit
1097 3062 1161 3108 enlm
1179 3061 1268 3108 vinum

196 3123 394 3186 feraturdlscom,
406 3125 469 3188 quod
485 3128 510 3173 rb
524 3133 634 3189 arpertus
649 3128 718 3192 plane
746 3129 934 3188 spectavimus
949 3132 973 3174 et
986 3127 1077 3173 aman
1097 3124 1172 3174 Ean.
1204 3124 1267 3174 Cum

197 3187 320 3238 desiderat.
355 3192 442 3239 Dicere
461 3204 521 3250 sepe
541 3190 566 3237 in
587 3191 659 3240 MSS.
676 3207 718 3255 pro
747 3192 819 3238 Gron
832 3191 989 3255 fac‘omtBip.
1004 3197 1028 3238 et
1043 3191 1135 3253 inponit
1151 3189 1270 3253 explicant

198 3254 724 3304 discereobtruditur.V.Burm.ad0vidium.
747 3271 788 3318 per
803 3257 878 3317 offert,
896 3256 981 3320 objicit,
1002 3255 1065 3319 quod
1084 3254 1170 3304 durum
1188 3254 1271 3303 nimis.

197 3317 294 3377 rasas,
306 3320 363 3367 326.
387 3321 559 3369 *Commorim
570 3327 648 3367 autern
658 3329 718 3368 recte
747 3319 825 3368 Locus
838 3335 909 3395 quem
927 3335 958 3368 ex
972 3319 1073 3368 Horatio
1086 3319 1142 3368 citat
1155 3319 1216 3368 Em.
1231 3326 1267 3366 est

197 3382 323 3432 abeodem
342 3383 473 3432 inductum.
506 3383 571 3432 Ante
587 3393 636 3432 erat
654 3389 717 3432 tum·
746 3382 869 3432 luvenalis
881 3385 921 3443 14,
935 3384 989 3433 109.

197 3449 309 3508 emmau,
331 3449 392 3497 illud
412 3449 437 3496 in
459 3449 532 3498 MSS.
548 3448 613 3498 Flor.
629 3447 717 3514 (But)
783 3450 882 3497 Doara
898 3449 997 3512 murt]
1025 3447 1082 3496 MS.
1100 3447 1161 3509 Reg-
1181 3443 1266 3509 (Agr.)

198 3511 260 3574 Agr.
272 3513 308 3562 ed.
319 3529 354 3577 pr.
373 3513 444 3562 Ean.
747 3521 771 3560 et
786 3512 823 3561 ed.
840 3529 877 3578 pr.
893 3515 980 3561 donare
997 3514 1106 3561 maiar:
1129 3523 1186 3558 uunx
1198 3509 1268 3557 male.

230 3579 311 3625 Irim
328 3576 442 3644 Imperii]
467 3579 549 3642 Ipsius
571 3585 672 3627 nonest
692 3578 718 3627 in
745 3577 819 3626 Eur.
1245 3606 1250 3612 ·

197 3593 262 3690 Bud
400 3681 401 3684 η
781 3641 973 3708 Cmnlseotionee]
996 3641 1060 3690 Bud.
1074 3641 1265 3689 amoenantur.-

228 3707 318 3756 Aulllo
326 3708 435 3756 muliebri
442 3709 507 3772 ora]
519 3708 558 3758 Sic
565 3721 645 3757 ornnes
651 3707 713 3770 libri,
746 3715 771 3757 et
780 3722 837 3756 mox
847 3710 911 3772 apud
921 3723 1015 3756 omnes..

196 3770 241 3820 nisi
252 3772 317 3836 quod
327 3772 419 3821 Puteol-
431 3774 487 3821 atto.
518 3773 650 3836 Vulgatutn
666 3773 714 3821 effi·
784 3774 851 3821 Vana
866 3775 963 3822 aomina
979 3770 1058 3884 arctat}³
1067 3770 1107 3820 Sic
1120 3769 1200 3818 Guelf.
1212 3768 1266 3818 edd.

195 3835 715 3951 gillbtlrlllaailllsllcmlrlollllllud
747 3832 1267 3962 l'ffldltltillil'ralleli‘illdd

196 3964 328 4028 elegantiori
349 3965 475 4014 Latinitate
496 3966 534 4014 hic
554 3967 714 4030 imperfectum
747 3966 952 4015 eta-Gronovius.
968 3963 1269 4027 Sedexernplnallatanon

197 4029 400 4091 ferendumfflud.
409 4029 559 4092 mereretur).
570 4030 632 4078 Mox
640 4031 713 4082 MSS.
746 4042 801 4080 sunt
817 4031 872 4079 huic
884 4031 978 4089 sanilia,
988 4044 1031 4078 nec
1047 4028 1106 4076 mihi
1121 4028 1177 4076 satis
1190 4027 1267 4074 simile

198 4093 283 4142 etedd
295 4103 348 4142 ante
361 4090 440 4142 Rhen.
452 4098 560 4157 speciem.
592 4096 662 4143 Forte
673 4111 714 4144 ex·
746 4096 881 4158 exemplum
898 4093 1002 4144 ooeurrit.
1022 4093 1095 4142 Ean.
1128 4093 1176 4140 Ast
1190 4090 1267 4139 simile

197 4157 311 4220 eiditper.
345 4159 496 4224 Quamquam
507 4160 544 4208 vel
560 4160 592 4208 sic
602 4160 713 4224 frigidum
745 4169 824 4208 tamen
831 4175 924 4223 prorsus
931 4159 965 4208 Η.
973 4161 999 4218 4,
1010 4159 1047 4206 lt.
1055 4159 1138 4206 tannia
1145 4158 1266 4218 legionum

197 4231 240 4282 est,
256 4224 381 4286 fallantur
395 4227 478 4286 qulbus
497 4227 598 4289 imponit
611 4226 627 4273 i.
639 4241 658 4274 e.
672 4225 713 4288 qui
746 4227 850 4272 aomina.
867 4227 951 4289 Itaque
961 4238 1044 4287 sequor
1052 4223 1140 4270 codices
1147 4236 1201 4269 curn
1209 4218 1266 4279 Bip.

197 4286 319 4336 falluntur.
351 4289 376 4337 J.
388 4289 520 4338 Gronovius
536 4289 629 4353 praefert
644 4298 714 4353 atque
747 4289 839 4338 Bahrdt
853 4290 878 4337 in
890 4305 948 4338 vers.
959 4288 1040 4336 Germ.
1049 4302 1091 4351 pro
1102 4288 1131 4334 st
1143 4285 1199 4346 legit
1214 4283 1265 4339 Ni,

196 4351 243 4401 edit
252 4350 374 4402 lectionem
385 4361 440 4402 vett.
451 4355 563 4402 librorum
572 4354 647 4419 (Flor.
655 4354 714 4418 Agr.
748 4369 796 4403 non
807 4355 876 4415 male,
888 4355 909 4402 si
919 4351 1007 4403 codices
1017 4351 1176 4399 consenuere

196 4414 272 4477 Bud.)
284 4421 389 4480 sprctam.
416 4419 461 4466 Sed
472 4419 504 4467 ita
515 4419 609 4482 fallunt
619 4419 715 4482 requiri-

240 4502 315 4548 VOL.
330 4503 382 4546 111.
1069 4500 1092 4542 Ι)
1164 4568 1166 4573 ,
