3059 4975
225 277 280 335 134
594 270 897 335 msronmnuu
1117 272 1288 347 noem.

221 437 371 506 umidum
387 448 603 517 convenerant,
624 437 659 503 in
680 435 786 503 studia
806 434 953 515 diductis,
975 454 1030 499 eru
1125 432 1286 531 legionarii

221 525 255 589 in
270 523 437 612 perniciem
450 522 651 605 auxiliorum,
663 547 700 588 ac
712 523 787 588 duae
800 523 940 587 cohortes
948 520 1028 585 inter
1042 532 1126 587 eote.
1172 522 1286 585 Reme

222 610 312 676 dium
326 607 480 675 tumultus
493 608 555 674 tuit
568 609 647 674 elius
658 609 832 673 tumultus:
855 606 958 695 pulvis
966 606 1080 758 procul
1091 619 1123 671 et
1133 628 1221 673 arma
1230 606 1286 671 ad-

224 695 432 782 spiciebantur
441 723 450 775 3
472 695 698 760 conclamatum
716 707 854 781 repente,
870 694 962 758 “XI
1013 691 1176 779 legionem,
1195 714 1286 759 verso

223 782 344 860 itinere,
369 780 412 845 ad
435 780 582 868 proelium
602 781 743 845 uenire?
775 779 830 843 sed
851 793 939 845 eraut
959 777 1091 865 agminis
1111 790 1284 845 coactores:

213 888 222 907 ·
287 866 324 930 iti
337 866 498 952 dempsere
508 865 754 931 sollicitudinem.
791 864 920 931 Interim
930 862 1074 951 Verginii
1089 867 1287 930 servusforte

225 890 348 1029 iiiios,
369 961 408 1015 ut
429 958 452 991 “
477 974 640 1039 percussor
659 950 799 1017 vitelli?
824 948 1037 1017 insimulatur:
1061 964 1093 1015 et
1111 951 1224 1017 ruebat
1244 949 1287 1015 ad

224 1035 402 1103 convivium
415 1035 513 1115 miles,
526 1044 689 1103 “tmortem
700 1036 860 1123 Verginii''
871 1056 1046 1123 exposcens.
1083 1037 1134 1101 Ne
1144 1035 1288 1102 Vitellius

224 1122 365 1209 quidem,
383 1144 576 1220 quamquam
595 1122 637 1187 ad
652 1145 759 1189 omnes
778 1121 966 1209 suspiciones
984 1120 1128 1207 pavidus,
1146 1121 1187 1186 de
1199 1124 1289 1187 inno·

226 1208 327 1273 centia
340 1208 409 1294 ejus
426 1208 599 1273 dubitavit:
622 1232 706 1295 segre
723 1224 828 1273 tamen
847 1206 985 1284 cohibiti,
1005 1206 1062 1294 qui
1079 1206 1211 1273 exitium
1229 1207 1289 1273 viri

228 1292 418 1373 considetis,
440 1306 472 1358 ct
485 1294 644 1380 quondam
663 1294 763 1360 Ducis
783 1294 842 1373 sui,
861 1292 1054 1379 flagitabant.
1097 1295 1165 1359 Nec
1179 1317 1288 1381 quem-

225 1401 322 1464 quam
350 1378 473 1465 saepius,
502 1400 598 1479 quam
627 1379 825 1465 Verginium,
854 1378 955 1443 omnis
979 1377 1088 1443 seditio
1111 1378 1286 1445 infestavitr

225 1463 372 1530 manebat
385 1464 549 1530 admiratio
562 1465 621 1529 viri
635 1465 779 1534 etfama:
803 1465 857 1531 sed
871 1465 1011 1543 oderant,
1026 1478 1063 1530 ut
1075 1463 1215 1531 fastiditi.

271 1549 406 1615 LXIX.
429 1551 559 1615 Postero
572 1550 633 1629 die,
648 1550 800 1630 Vitellius,
814 1554 945 1617 Senatus
958 1549 1122 1636 legatione,
1133 1573 1229 1636 quam
1243 1550 1288 1616 ibi

225 1635 363 1723 opperiri
371 1636 518 1723 jusserat,
534 1637 651 1715 audita,
667 1649 875 1723 transgressus
889 1636 922 1699 in
934 1650 1043 1713 castra,
1056 1635 1139 1699 ultro
1154 1642 1177 1675 ⁴‘
1189 1637 1288 1723 pieta·

226 1732 290 1786 tem
304 1721 457 1787 militum”
470 1722 685 1788 conlaudavit:
707 1723 912 1789 frementibus
921 1720 1054 1800 auxiliis,
1070 1729 1092 1761 ‘⁶
1103 1731 1227 1789 tentum
1241 1723 1290 1786 in-

226 1807 377 1956 punitatis
389 1818 485 1894 atque
501 1807 692 1895 adrogantiae
710 1807 886 1905 legionariis
906 1808 1094 1873 accessisse?
1136 1806 1290 1873 Cohortes

256 1900 429 1971 atavorum,
444 1916 483 1958 ne
497 1895 576 1982 quid
590 1892 795 1959 truculentius
808 1894 969 1972 auderent,
983 1892 1017 1955 in
1028 1892 1228 1957 Germaniam
1243 1917 1290 1959 re-

226 1979 347 2057 misaae3
369 1979 558 2067 principium
571 1980 692 2044 interno
703 1980 796 2047 simul
809 1992 916 2045 extero
959 2001 1000 2041 ue
1012 1978 1094 2043 bello
1108 1979 1290 2066 parantibus

226 2062 308 2129 fatis.
345 2064 485 2131 Reddita
498 2065 675 2131 civitatibus
690 2065 856 2131 Gallorum
870 2003 995 2141 auriilia,
1010 2064 1119 2151 ingens
1128 2087 1288 2146 numerus,

226 2162 258 2213 ot
271 2148 372 2235 prima
386 2150 490 2215 statim
503 2151 675 2215 defectione
687 2151 769 2215 inter
782 2152 886 2217 inania
902 2150 975 2215 belli
993 2148 1189 2237 adsumptus.
1230 2154 1290 2217 Ce-

226 2247 341 2313 terum,
356 2249 393 2299 ut
406 2235 622 2321 largitionibus
631 2236 764 2301 adfectae
777 2238 846 2331 jam
866 2235 995 2323 Imperii
1013 2259 1033 2299 o
1073 2258 1088 2299 s
1105 2235 1291 2317 sufficerent,

228 2320 422 2406 “amputari
441 2321 600 2408 legionum
617 2322 867 2421 auxiliorumque
888 2344 1034 2389 numeros
1066 2321 1168 2409 jubet,
1185 2321 1291 2390 vetitis

228 2427 267 2470 su
288 2404 468 2492 plementis:
498 2422 530 2473 et
551 2408 736 2496 promiscuas
747 2410 907 2474 missiones
919 2408 1137 2475 offerebantur.
1168 2408 1291 2473 Exitio

227 2491 257 2554 b'
273 2515 290 2556 e
309 2492 343 2556 id
361 2493 568 2594 Reipublicae,
586 2495 745 2644 inqratum
766 2496 866 2576 militi,
887 2497 938 2560 cui
957 2496 1065 2562 eadem
1084 2494 1192 2592 munia
1209 2495 1291 2564 inter

228 2599 356 2666 paucos,
371 2581 570 2668 periculaque
584 2605 620 2646 ac
645 2582 721 2647 abor
734 2581 872 2647 crebrius
885 2581 1045 2648 redibant:
1069 2593 1100 2644 et
1116 2603 1197 2648 vrres
1209 2580 1290 2650 luxu

228 2665 524 2751 comumpebantur‚
553 2680 662 2731 contra
687 2681 823 2732 veterem
851 2666 1055 2752 disciplinam,
1088 2679 1121 2729 et
1147 2667 1291 2738 instituta

228 2749 402 2850 ma'orum3
415 2752 513 2850 'apud
535 2775 614 2840 quos
638 2752 764 2833 virtute,
790 2775 885 2842 quam
909 2751 1052 2839 pecunia,
1074 2773 1124 2816 res
1147 2753 1291 2820 Romana

230 2856 280 2897 me
291 2857 341 2898 rus
355 2848 424 2900 steti

273 2921 388 2988 LXX.
405 2850 485 2989 Iiide
497 2921 643 2990 Vitellius
654 2929 840 2990 Cremonam
852 2923 950 3003 llexit,
961 2939 1003 3001 et,
1016 2935 1152 3010 spectato
1162 2945 1290 2990 munere

264 3109 296 3155 In
307 3109 387 3156 madio
397 3110 512 3172 diductis]
529 3111 568 3158 Sic
583 3113 642 3160 benc
658 3111 694 3159 cd.
710 3126 745 3174 pr.
774 3109 810 3158 ad.
822 3126 858 3175 pr.
868 3111 951 3158 munia
962 3109 1041 3158 vitiose
1051 3107 1139 3160 tutum
1154 3123 1185 3158 ex
1198 3109 1289 3160 trouu.

232 3171 298 3245 lips
306 3188 357 3236 sqq.
374 3173 408 3220 At
416 3173 494 3222 Guelt
502 3174 588 3249 (liud)
595 3174 646 3222 edd,
655 3175 748 3224 Puteol.
777 3175 873 3224 Fmstra
880 3175 924 3224 viri
934 3174 995 3250 docti
1006 3181 1123 3222 teutanmt
1130 3173 1170 3224 alii
1179 3172 1291 3250 (pones)

231 3235 749 3357 tttttttttblttitttlfltttt
772 3239 1292 3367 ttttttttttsliiltsttt'tttl

230 3364 247 3410 l.
259 3363 392 3427 languidius
403 3381 457 3413 esse.
485 3366 514 3416 In
521 3368 621 3430 publicis
629 3368 747 3417 etindictia
777 3369 846 3418 bellis
869 3369 909 3416 alii
927 3370 1051 3426 immania,
1069 3376 1097 3416 ut
1115 3366 1224 3430 Lipsius:
1251 3365 1292 3417 elii

232 3429 366 3492 spectaculis
377 3429 482 3478 homines
493 3431 523 3478 od
533 3431 683 3495 spectandum
693 3448 747 3480 cou-
776 3435 853 3481 minoe
867 3442 909 3480 etc.
933 3433 1004 3482 Eunt·
1030 3432 1101 3483 Auo.
1118 3431 1215 3482 fluctuat
1232 3430 1292 3486 iulet

233 3496 346 3552 venturam
363 3494 387 3541 in
398 3511 423 3542 rc
436 3495 477 3543 tali
487 3505 510 3543 et
524 3497 600 3546 subita
612 3498 640 3545 fit
650 3513 747 3546 wocur-
777 3501 869 3558 munta,
880 3501 966 3556 mitras,
978 3498 1057 3544 tuitio.

233 3573 272 3604 sua
282 3557 412 3606 hominum.
430 3559 503 3608 Eun.
663 3609 667 3618 ,
810 3563 966 3626 Affectoejam
977 3558 1294 3624 Imp.oper]i.e.di1uinutre

271 3624 326 3668 Viri
334 3625 482 3686 Consularis]
496 3625 748 3677 VtrlnonertinBud.
778 3627 895 3676 etfracte.
928 3627 974 3674 Ed.
985 3642 1021 3688 pr.
1033 3625 1294 3676 tamamoxcmtnio-

233 3701 276 3733 nec
286 3687 346 3748 Agr.
364 3686 458 3736 Delevit
468 3697 491 3738 et
501 3689 519 3738 J
522 3723 527 3734 .
539 3689 611 3740 Grou
624 3689 666 3755 qui
677 3691 748 3739 nimis
777 3707 834 3740 aee:
851 3707 951 3756 quorum
961 3690 1021 3741 illud
1031 3705 1044 3738 e
1051 3695 1107 3754 Jam
1121 3697 1212 3750 uatum,
1225 3689 1294 3742 huss
1380 3704 1383 3711 ·

233 3764 305 3814 prope
315 3750 392 3798 iterari
403 3769 481 3800 vocem
492 3761 563 3801 notat
778 3757 933 3819 geminatione
946 3755 1094 3820 precedentis
1109 3753 1191 3802 finalis.
1225 3753 1294 3802 Ceta-

270 3817 304 3862 Ut
310 3816 432 3880 fastiditi]
450 3817 543 3876 Quibus
559 3818 659 3868 noluerit
673 3819 748 3884 impe·
778 3837 831 3870 rum
842 3821 915 3870 MSS.
924 3819 1120 3884 Fici-Agnjuoa
1139 3817 1292 3879 Cetetiffut·

233 3893 291 3938 rare,
312 3879 390 3928 oblato
408 3882 515 3946 quamvis
532 3881 641 3948 Imperio.
673 3885 745 3937 Etru.
777 3887 832 3934 Alc.
842 3883 1293 3949 Rhenumaletamcaffluodetumntt*

235 3941 273 3990 Cf.
286 3943 309 4003 l,
321 3945 361 3991 52.
374 3946 398 4004 2,
410 3945 449 3992 sl.
776 3958 836 3998 tum.
854 3949 919 3999 Ordo
928 3959 969 4010 est,
981 3957 1009 3998 ut
1022 3965 1075 4012 ορεε
1086 3952 1130 4013 ej.
1144 3948 1293 4010 affcctoetuffi

264 4009 334 4056 Inter
344 4010 427 4056 {nanta
437 4010 502 4076 tent]
513 4011 537 4060 h.
549 4028 568 4060 c.
580 4029 634 4076 quea
647 4015 747 4077 speciem
777 4016 950 4078 largitionibus.
967 4015 1038 4064 Ena.
1047 4015 1110 4064 Bud·
1120 4021 1176 4064 tam.
1193 4011 1261 4062 Idem
1269 4019 1293 4063 et

233 4073 309 4135 magis
327 4072 451 4148 terribilem
468 4075 588 4138 haberent,
603 4094 675 4152 quam
691 4079 747 4128 dor.
777 4079 812 4127 od.
826 4081 880 4128 Put.
891 4080 947 4130 Arc.
958 4079 1035 4128 Rhen.
1047 4081 1175 4127 missiones.

206 4203 210 4211 ι
233 4134 272 4213 Ila
281 4152 366 4201 species
377 4145 411 4185 est
424 4138 492 4187 ctiam
504 4140 529 4190 in
545 4142 696 4192 mulutudine
710 4159 750 4193 co-
810 4147 941 4194 Ectttabtle
952 4147 978 4192 ut
989 4146 1071 4208 Rem]
1084 4145 1122 4193 Sic
1133 4142 1194 4194 Flor-
1204 4138 1292 4204 (Bud)

233 4217 341 4266 prarume
358 4212 381 4251 ct
396 4203 440 4251 hac
457 4219 536 4254 caussa
551 4206 592 4253 illa
607 4207 696 4256 auxilia
712 4224 750 4257 as-
779 4208 858 4258 Guelf.
869 4209 904 4258 cd.
916 4225 951 4273 pr.
963 4209 1029 4258 Pich·
1038 4225 1102 4272 seqq.
1130 4205 1294 4258 Eettmteedi·

233 4276 320 4316 sumta.
351 4269 440 4316 luania
457 4268 489 4316 sic
505 4269 550 4318 dici
570 4271 660 4330 Tacito,
680 4289 749 4336 supra
778 4273 812 4322 dit
824 4274 1055 4326 Puteol·etcet.antc
1064 4271 1293 4336 Pich.etidquoque

235 4333 750 4460 iigsslufssigiings'diffinitioefibffii'
776 4341 871 4390 verbum
883 4341 989 4402 probum.
1014 4339 1087 4386 Ean.

292 4434 297 4444 .
345 4415 384 4445 u.
434 4415 448 4447 u
481 4433 487 4445 .
544 4417 575 4448 .v
674 4417 713 4449 em
724 4417 748 4449 m
