3059 4975
266 264 305 321 as
653 259 956 321 msromnumu
1105 230 1109 241 “
1163 264 1334 345 [nasas.

309 423 395 489 XX.
418 422 567 489 Proximo
578 425 719 510 pecuniae
730 447 823 491 cura:
840 438 871 491 et
881 437 994 491 cuncte
1007 422 1216 491 scrutantibus
1226 426 1334 513 justis-

265 508 379 575 simum
393 509 496 575 visum
509 522 567 587 est,
587 509 661 573 inde
675 512 786 597 repeti,
808 510 893 575 unde
906 510 1021 597 iuopiae
1035 533 1144 578 caussa
1157 523 1234 576 erat.
1277 512 1333 579 Bis

264 608 298 661 et
310 595 403 659 vicies
424 594 534 658 millies
555 596 730 661 sestertium
743 596 963 663 donationibus
978 596 1066 661 Nero
1080 595 1241 661 effuderat.
1263 598 1333 662 Ad-

262 680 373 767 pellari
394 678 531 766 singulos
547 681 652 767 jussit,
667 681 800 746 decuma
854 680 1107 747 rte-liberalitatis
1120 681 1207 781 apud
1224 705 1333 768 quem-

264 789 327 867 que
340 788 448 829 eorum
462 764 576 831 relicta
598 768 648 831 At
659 766 721 831 illis
734 766 789 831 vix
803 705 943 833 diebumc
956 790 1050 853 super
1063 780 1219 853 poruones
1232 781 1330 848 eraut,

262 850 373 917 iisdem
386 873 462 938 erga
481 850 584 917 aliena
600 853 788 939 sumptibus,
804 853 920 939 quibus
941 876 999 917 sua
1011 852 1236 939 prodegerant3
1258 876 1332 919 cum

262 936 460 1023 rapacissimo
469 936 584 1037 cuique
592 960 629 1003 ac
639 937 849 1025 perditissimo
859 960 922 1005 non
933 938 1011 1024 agri,
1023 950 1079 1005 aut
1086 938 1188 1017 fenus,
1201 938 1255 1003 sed
1267 939 1331 1005 sola

213 1088 218 1095 ,
261 1020 468 1087 instrumenta
491 1022 639 1090 vitrorum
660 1038 831 1089 manerent.
875 1023 1041 1109 Exactioni
1064 1025 1177 1091 XXX
1196 1024 1330 1109 Equites

261 1107 398 1176 Romam
412 1108 589 1195 praepositi;
612 1131 730 1175 smvum
743 1109 835 1175 officii
846 1132 954 1197 genus,
971 1122 1004 1175 et
1016 1109 1136 1179 ambitu
1148 1132 1185 1175 ac
1198 1130 1329 1175 numero
1417 1122 1424 1137 ·

259 1215 439 1259 onerosum:
452 1193 507 1259 ubi
530 1194 832 1269 uehsstaetsector3
849 1209 881 1261 et
890 1195 1030 1283 inquieta
1038 1195 1114 1261 urbs
1123 1194 1327 1261 auctionibus.

260 1281 414 1346 Attamen
427 1216 547 1365 grande
558 1279 723 1366 gaudium,
737 1280 825 1366 quod
840 1294 904 1347 tum
917 1304 1070 1368 pauperes
1084 1280 1197 1358 forent,
1212 1280 1329 1365 quibus

259 1364 403 1429 donasset
417 1364 515 1443 Nero,
529 1387 625 1452 quam
639 1366 755 1465 quibus
769 1366 954 1433 abstulisset.
987 1366 1192 1433 Exauctorati
1206 1388 1263 1451 per
1275 1390 1328 1431 eos

256 1448 325 1514 dies
336 1450 484 1529 Tribuni,
496 1474 515 1514 e
525 1452 678 1517 Praetono
687 1452 847 1522 Antonius
862 1452 991 1523 Taurus
1004 1465 1036 1519 et
1047 1452 1207 1519 Antonius
1220 1454 1252 1515 N
1253 1474 1325 1525 aso;

258 1558 298 1603 ex
322 1534 450 1601 urbanis
474 1535 656 1605 cohortibus
676 1537 826 1603 AEmilius
851 1539 1016 1613 Pacensiss
1045 1536 1199 1623 evigiliis
1219 1536 1328 1601 Julius

258 1621 390 1687 Fronto.
433 1622 501 1686 Nec
517 1622 690 1689 remedium
707 1623 742 1688 in
760 1637 879 1689 ceteros
897 1623 970 1701 fuit,
985 1623 1040 1689 scd
1060 1637 1162 1688 metus
1181 1622 1324 1687 initium:

256 1717 419 1793 tamquam
435 1729 493 1793 per
506 1721 605 1773 artem
618 1722 651 1775 et
664 1708 863 1775 formidinem
885 1708 1000 1797 singuli
1014 1708 1212 1795 pellerentur,
1227 1708 1328 1771 omni-

257 1791 552 1975 ququilaeliiierea
566 1879 735 1957 Othonem,
754 1878 817 1957 cuit
832 1878 1011 1967 compositis
1024 1880 1129 1959 rebus,
1144 1878 1231 1944 nulla
1244 1901 1325 1965 spes,

255 1984 348 2040 omne
378 1964 412 2029 in
440 1963 569 2030 turbido
602 1964 777 2044 consilium,
811 1964 911 2033 multa
944 1964 1037 2033 simul
1064 1963 1323 2031 exstimulabant:

292 2220 436 2283 Uiiinopiae
447 2234 530 2267 mussa
543 2224 595 2267 crat
625 2215 776 2265 Pichensrc·
805 2217 945 2277 ausuum,
964 2234 1018 2293 qua
1035 2216 1141 2270 confusio
1160 2226 1184 2267 ct
1204 2219 1261 2269 stibi
1281 2222 1323 2268 ob-

257 2284 336 2349 posuit
353 2286 401 2342 ubi,
420 2298 451 2331 ex
466 2284 531 2331 Flos.
544 2291 568 2331 et
605 2280 620 2292 '¹
647 2281 772 2341 veteribus,
805 2289 901 2329 somata
933 2281 1017 2331 Edidit
1030 2284 1081 2344 jsm
1097 2282 1200 2345 Lipsius.
1232 2283 1278 2331 Sed
1294 2286 1323 2333 J.

395 2344 775 2406 m...
804 2345 1321 2475 cc..

256 2426 567 2532 latiuuoeiutinhlobds
577 2474 651 2524 MSS.
661 2444 699 2540 isp.
711 2474 775 2524 Bro-
805 2426 921 2536 vocandis,
939 2426 1047 2542 coegchdis
1065 2476 1103 2534 iis,
1121 2474 1162 2540 qui
1176 2428 1323 2540 accepissdils.

257 2541 351 2600 terium,
361 2541 424 2590 unde
434 2541 530 2590 restitui.
546 2542 619 2588 ΕΜ.
804 2539 877 2590 Bau.
901 2541 1253 2592 Budscctorcsetcctioniius.
1275 2542 1322 2592 Sed

288 2601 670 2667 Bisetuictesmillescstesttsm]
686 2603 774 2653 Verius
805 2603 884 2655 men.
903 2606 954 2670 jam
1007 2605 1053 2655 suit
1072 2607 1219 2654 comunibus
1238 2622 1269 2655 ex
1284 2607 1321 2654 in.

255 2669 774 2732 fortasse,bisetoiciesmilliessquaesuinms
804 2669 880 2739 genio.
909 2670 971 2720 Mox
1004 2670 1180 2719 unacum.

256 2750 311 2784 sane
318 2735 489 2800 grandiuscula,
496 2735 537 2783 scd
544 2734 616 2796 digus
624 2732 774 2782 stlitrsionibus
837 2734 863 2782 E
874 2735 1007 2798 Praetors'o]
1024 2734 1057 2785 V.
1068 2735 1175 2783 Perizon.
1186 2733 1216 2782 de
1226 2733 1322 2784 Praetor.

256 2799 417 2861 ejusmonstri.
434 2801 517 2848 Erunt
523 2800 697 2864 quinquaginta
703 2798 773 2860 quia·
804 2813 828 2862 p.
846 2797 900 2848 139.
919 2800 961 2850 ubi
977 2815 1007 2849 cx
1024 2798 1050 2847 h.
1066 2799 1085 2848 l.
1100 2798 1233 2875 planissime
1245 2799 1318 2860 docet,

256 2880 301 2927 qus
311 2865 435 2924 milliorum,
447 2874 475 2913 ut
484 2865 609 2928 loquamur
618 2864 665 2910 ritu
676 2871 699 2910 et
710 2877 773 2910 com-
805 2863 952 2914 Pretorium
974 2864 1004 2914 de
1024 2863 1156 2914 cohortibus
1174 2863 1320 2912 Praetorianis

254 2928 340 2992 pordic
354 2937 439 2977 nostro
471 2928 537 2988 Quid
552 2927 653 2976 nimium
668 2941 711 2990 pro
720 2926 772 2989 opi·
803 2925 858 2986 dici,
875 2938 902 2980 ut
919 2930 1016 2994 uigilias
1027 2929 1057 2979 dc
1071 2927 1201 2979 cohortibus
1212 2927 1317 2992 ruitum.

255 2994 300 3042 bus
311 2992 443 3043 Bonum?
459 2994 535 3042 Inus.
558 2991 655 3056 Recepit
666 2990 772 3040 Freinsh.
802 2990 876 3042 uus.
971 2993 976 3026 ’-

255 3057 336 3108 Recte.
352 3058 425 3106 unx.
446 3056 772 3116 GonsenduntFacrnus‚Ur-
836 3058 957 3106 Antonius
968 3055 1049 3119 Naso]
1071 3055 1318 3108 FsruesisnoestAu-

255 3121 329 3183 siuus,
341 3121 469 3178 Acidalius,
481 3131 505 3171 et
516 3119 658 3171 recentiores.
804 3122 884 3170 relius.
907 3122 984 3171 hirs.
1017 3123 1105 3174 Probat
1120 3122 1272 3171 Burmannus
1289 3123 1319 3172 sd

288 3191 367 3250 Super
378 3189 500 3249 portiones
516 3184 595 3261 crant]
618 3184 665 3234 Pes
678 3185 772 3260 ”ledit
804 3185 869 3264 Suet.
883 3185 980 3264 (laesus.
990 3190 1030 3235 52.
1041 3188 1156 3236 Aurelius
1172 3187 1318 3262 nutritore-

255 3249 772 3380 b‘lrwiilfflnifnifiili‘lllffi
804 3251 974 3366 illitis
982 3253 1318 3375 millimihi:

255 3383 313 3428 adso
334 3397 404 3444 super
425 3396 487 3430 unes
508 3395 581 3430 nam.
601 3380 674 3428 Eun.
706 3379 771 3428 Bud.
803 3377 864 3430 Mox
875 3383 959 3429 Julius
969 3383 1062 3428 Fronto
1075 3379 1175 3439 naua
1187 3379 1227 3426 cs.
1243 3380 1317 3430 Eun.

236 3447 409 3509 ,malesupse-
803 3445 876 3509 Apud
893 3447 957 3498 Suet.
975 3445 1034 3496 Cres.
1052 3447 1076 3496 9.
1095 3457 1130 3494 est
1145 3445 1187 3492 M.
1203 3443 1317 3492 Actorius

280 3512 411 3560 Eacetiossi
421 3512 510 3560 XXX
518 3511 618 3572 Equites
632 3507 768 3572 propositi]
803 3515 881 3564 Naso.

256 3575 288 3624 In
306 3576 416 3625 Suetonio
432 3591 453 3624 c.
469 3578 507 3623 15.
522 3584 565 3635 est,
578 3575 769 3637 quinquaginta.-
839 3577 924 3624 Metus
946 3573 1055 3640 initiam]
1084 3572 1196 3624 Heinsius
1216 3573 1318 3624 malebat

255 3639 601 3704 necliquetmihidevcritnte.
617 3638 692 3686 uns.
802 3649 887 3690 neotus.
915 3639 984 3688 Acid.
993 3655 1035 3687 nec
1046 3641 1071 3687 id
1083 3639 1219 3688 ressedium.

288 3706 389 3753 Ambitu
404 3718 543 3752 aenunaero
558 3702 687 3760 canosum]
711 3703 770 3752 Seu·
839 3705 955 3756 Othonem
978 3705 1178 3754 cssiimuleiants
1206 3703 1316 3766 luxorio]

254 3785 309 3817 sust
332 3769 424 3820 difficile
436 3768 496 3817 illud
512 3782 599 3818 munus
615 3775 664 3816 crat
678 3775 772 3830 propter
803 3771 872 3820 Vera
888 3767 925 3818 hae
942 3769 1097 3818 mutationum
1110 3781 1210 3817 caussaes
1226 3777 1249 3816 et
1261 3784 1318 3831 pru.

254 3834 369 3910 ambitum
383 3842 405 3881 et
419 3847 543 3883 numerum
558 3832 707 3907 collegarum,
723 3845 772 3906 pua
803 3836 882 3886 denter
890 3833 1025 3882 Aristoteles
1035 3849 1073 3882 eas
1083 3831 1167 3898 ingerit
1178 3831 1247 3914 Pplit.
1257 3836 1281 3914 b,
1294 3835 1318 3882 6.

255 3897 769 4018 ῗέἑῖῗῗξώῗῗοῃῗὲᾚᾱῖῃῗ
803 3896 1315 4023 llllzt‘ssilttitthatl”titt

255 4036 279 4076 et
295 4042 343 4091 quo
359 4027 437 4091 plures
453 4027 554 4090 collegis,
571 4026 615 4074 hoc
631 4025 716 4089 ttaepius
731 4039 770 4072 ac·
802 4031 822 4074 si
829 4031 917 4075 τοιοῦτοι
924 4029 1058 4090 καινοτομεῖν
1067 4031 1164 4088 ζητοῦσι,
1172 4023 1228 4079 salsi
1239 4042 1317 4086 τυραν-

254 4091 353 4152 ddcbst,
375 4100 403 4140 ut
423 4092 497 4156 graba
518 4092 621 4139 turbaret
639 4089 768 4152 negotium.
800 4091 840 4139 sita
855 4092 988 4138 ἐπιτίθενται
1006 4092 1075 4146 αὐτοὶ,
1090 4089 1102 4146 ἢ
1117 4088 1316 4142 κατασκιυάζουσιν

255 4156 334 4205 Possis
354 4165 432 4205 tamen
452 4157 523 4204 etium
543 4155 658 4204 ambitum
679 4163 703 4202 et
723 4169 769 4203 uu·
801 4154 878 4219 isspss.
914 4153 1120 4219 Oseriloquium‚
1141 4152 1204 4218 quod
1225 4151 1317 4201 utinam

256 4237 346 4270 merum
367 4221 450 4269 referre
470 4220 501 4269 ad
520 4234 570 4278 cos,
591 4235 605 4267 s
626 4219 711 4284 quibus
732 4235 768 4268 re-
800 4219 914 4284 principes
923 4219 1046 4280 imbibunt,
1057 4216 1316 4282 etcorruptissimisho-

255 4286 357 4335 vocanda
367 4287 464 4351 pecunia
474 4295 531 4334 erat.
554 4284 616 4333 Mox
626 4286 684 4332 benc
694 4286 770 4332 aucti-
803 4284 840 4334 dic
858 4284 962 4334 moribus
980 4283 1115 4333 advertant!
1140 4284 1215 4332 lura.
1254 4281 1316 4328 Mox

253 4354 343 4414 ortibus,
368 4351 410 4401 etsi
429 4358 508 4401 tantm
525 4349 604 4412 libros,
624 4349 665 4414 qui
684 4349 770 4400 habent
804 4351 866 4398 irum
884 4357 906 4399 ct
927 4351 1042 4398 inuidiam
1059 4349 1137 4399 Guelf.
1150 4348 1185 4396 ed
1198 4363 1233 4411 pr.
1245 4355 1272 4394 ut
1287 4345 1317 4393 ad
