3059 4975
244 298 271 334 r.
285 296 312 336 c.
325 278 386 353 m]
616 277 691 336 nn.
711 276 763 337 1v.
783 276 869 337 can
889 274 940 336 aa.
1253 281 1325 339 ros:

244 452 395 528 perrupta
408 437 593 505 exscidisset.
636 438 758 505 Vocula
768 462 824 504 nec
835 440 1155 505 adventum'hostium
1169 439 1313 527 explora·

246 527 303 604 vit,
328 550 428 613 eoque
452 520 543 589 simul
567 546 707 611 egressus
728 526 910 612 vietusque:
940 524 1012 589 dein
1035 526 1173 591 victoriae
1201 548 1314 612 parum

245 612 389 690 confisus,
404 611 483 676 tritis
503 609 620 675 frustra
633 610 753 689 diebus,
768 622 869 676 castra
886 611 919 684 in
940 610 1061 675 hostem
1079 612 1196 676 movit:
1241 634 1316 675 uem

247 698 278 760 si·
287 697 389 766 statim
404 695 562 784 inpellere,
572 718 761 793 cursumque
770 718 876 760 rerum
890 695 979 782 sequi
991 695 1185 776 naturasset,
1198 634 1316 761 sdlvere

246 782 401 847 obsidium
415 782 574 869 legionum
584 780 693 843 eodem
706 793 816 868 mpetu
828 781 944 867 potnit.
987 783 1178 847 Tentaverat
1191 782 1324 846 interim

248 867 356 933 Civilis
370 870 564 933 obsessorum
585 866 714 945 animos,
729 877 795 931 tam
818 889 888 930 uam
910 865 1041 952 perdita
1054 868 1142 955 apud
1155 868 1324 933 Romanos·

246 976 306 1033 res,
318 967 350 1018 et
363 953 426 1018 suis
437 952 564 1015 victoria
578 952 776 1037 provenisset.
828 951 1107 1017 ircumferebantur
1119 954 1208 1039 signa
1217 952 1317 1017 vexil-

247 1038 358 1125 laque:
390 1036 534 1103 ostentati
556 1037 650 1101 etiam
673 1037 805 1125 captivi:
836 1037 1015 1187 exquibus
1036 1062 1130 1116 unus,
1155 1038 1317 1125 egregium

247 1123 367 1189 facinus
391 1146 495 1201 ausus,
518 1122 601 1187 clara
618 1145 693 1187 voce
717 1136 806 1209 gesta
870 1136 901 1188 te
915 1123 984 1200 ecit,
1011 1124 1170 1189 confossus
1192 1124 1274 1187 illico
1296 1148 1316 1187 a

249 1208 432 1273 Germanis:
467 1207 551 1273 unde
578 1209 679 1295 major
701 1208 797 1273 indici
842 1208 906 1273 des.
951 1208 1055 1275 Simul
1075 1208 1247 1273 vastatione
1270 1209 1319 1271 in·

249 1295 427 1381 cendiisquc
451 1295 649 1382 flagrantium
663 1294 823 1371 uillarum,
842 1294 947 1359 venire
967 1295 1115 1360 victorem
1135 1294 1318 1371 exercitum,

248 1380 488 1466 intelligebatur.
532 1388 553 1419 “
569 1381 607 1445 In
621 1403 680 1444 con
717 1394 788 1445 ectu
801 1393 972 1445 castrorum
985 1380 1130 1445 constitui
1145 1380 1318 1467 signafos-

250 1480 377 1551 samque
392 1480 423 1530 et
438 1463 556 1529 vallum
575 1466 690 1529 circum
713 1466 788 1543 ari,''
804 1465 922 1530 Vocula
933 1466 1043 1553 jubet:
1067 1465 1251 1563 “depositis
1272 1466 1324 1531 in·:

249 1551 433 1637 pedimentis
454 1551 651 1637 sarcinisque,
667 1550 805 1636 expediti
818 1552 999 1615 certarent.''
1043 1551 1131 1615 Hinc
1148 1574 1181 1615 m
1196 1554 1322 1616 Ducem

249 1636 365 1701 clamor
375 1660 514 1723 pugnam
527 1636 737 1724 poscentium;
761 1650 794 1701 et
807 1636 922 1701 minari
930 1636 1143 1701 adsueverant.
1179 1638 1230 1700 Ne
1245 1651 1322 1701 tem-

249 1744 325 1808 pore
335 1723 462 1810 quidem
476 1723 519 1787 ad
531 1722 734 1788 ordinandam
749 1723 847 1787 aciem
860 1737 962 1873 capto,
976 1721 1171 1809 incompositi
1184 1721 1320 1807 fessique

273 1809 396 1872 melium
425 1830 599 1895 sumpsere:
633 1831 706 1873 uam
733 1808 842 1873 Civilis
869 1832 889 1873 a
910 1823 987 1885 erat,
1016 1831 1080 1872 non
1107 1808 1211 1871 minus
1235 1807 1321 1871 vitiis

206 1905 210 1911 ’
250 1832 398 1971 latium,
413 1917 507 1980 quam
522 1894 638 1958 virtute
652 1916 791 1972 suorum,
806 1893 919 1958 fretus·
953 1893 1046 1959 Varia
1060 1894 1147 1990 apud
1161 1892 1320 1958 Romanos

252 1979 390 2058 fortuna,
405 1992 437 2043 et
451 1978 699 2045 seditiosissimus
713 1979 847 2066 quisque
865 1980 1014 2067 ignavus:
1038 1978 1177 2065 quidam,
1191 1978 1321 2042 recentis

252 2064 390 2128 victoriae
414 2088 575 2145 memores,
601 2065 732 2130 retinere
756 2064 870 2144 locum,
896 2065 988 2129 ferire
1012 2065 1143 2142 host‘em,
1168 2086 1262 2149 seque
1287 2078 1319 2127 et

252 2150 409 2236 proximos
431 2151 566 2225 hortari;
599 2165 641 2230 et,
663 2150 874 2236 redintegrata
894 2152 968 2230 acie,
990 2173 1101 2215 marrus
1122 2150 1164 2214 ad
1181 2150 1320 2216 obsessos

253 2234 389 2315 tendere,
405 2243 427 2275 “
438 2259 478 2300 ne
488 2237 620 2324 tempori
631 2236 799 2301 deessent.⁷'
822 2236 886 2316 Illi,
898 2249 1010 2302 cuncta
1019 2260 1037 2301 e
1046 2235 1144 2300 muris
1153 2246 1321 2310 cernentes,

251 2321 397 2387 omnibus
425 2324 524 2410 portis
551 2335 772 2409 prorumpunt.
816 2326 868 2388 Ac
891 2323 973 2389 forte
998 2322 1106 2387 Civilis
1133 2320 1223 2409 lapsu
1248 2321 1321 2406 equi

253 2422 436 2496 prostratus,
455 2408 571 2473 credita
583 2432 639 2496 per
653 2423 824 2496 utrumque
838 2409 1008 2474 exercitum
1027 2408 1121 2487 fama,
1144 2415 1166 2446 “
1180 2406 1329 2471 *iuduere-¹

254 2507 321 2558 tum
336 2506 392 2559 aut
406 2494 632 2573 interfectum,''
644 2495 771 2560 inmane
784 2509 938 2582 quantum
953 2495 1016 2561 suis
1034 2494 1168 2583 pavoris,
1181 2508 1214 2558 et
1227 2492 1322 2557 hosti·

253 2580 316 2645 bus
327 2580 502 2660 alacritatis,
517 2580 639 2646 indidit.
1275 2640 1279 2644 r

305 2667 457 2732 XXXV.
482 2667 543 2732 Sed
563 2666 692 2746 Vocula,
718 2668 837 2733 omissis
860 2668 1050 2755 fugientium
1077 2667 1182 2753 tergis,
1203 2666 1325 2731 vallum

254 2767 417 2838 turresque
430 2766 602 2818 castrorum
624 2754 771 2838 augebat,
786 2768 947 2839 tamquam
969 2777 1079 2818 rursus
1099 2750 1255 2817 obsidium
1275 2752 1327 2814 iu·-

253 2837 400 2901 miueret:
424 2851 578 2924 conrupta
588 2837 699 2901 totiens
712 2837 850 2916 victoria,
861 2861 925 2901 non
938 2838 1016 2902 falso
1031 2852 1191 2924 suspectus
1203 2835 1321 2900 bellum

253 2921 354 2986 malle.
397 2921 486 2986 Nihil
500 2946 526 2986 ae
549 2921 751 2986 ueexercitus
765 2936 896 3001 nostros,
908 2947 1004 3008 quam
1018 2937 1137 3008 egestas
1150 2922 1320 3008 copiarum,

254 3006 415 3105 fatigabat.
445 2946 663 3105 Inpedimenta
673 3006 830 3106 legionum
841 3031 914 3071 curn
928 3008 1033 3073 inbelli
1044 3009 1137 3072 turba
1147 3007 1322 3070 Novesium

256 3115 357 3172 mrssa,
377 3108 414 3158 ut
427 3092 510 3174 inde,
526 3106 662 3158 terrestri
682 3107 802 3175 ttinere,
816 3094 1010 3159 frumentum
1022 3093 1226 3158 adveherent:
1249 3113 1322 3154 nam

256 3305 443 3370 usqueadLips.
459 3305 533 3354 Ean.
566 3305 773 3354 Budcireulrt-
803 3305 1103 3369 opaaruminedffluuot
1113 3301 1325 3364 mamaeae,un
1395 3329 1397 3335 ·

256 3371 562 3430 inquiveret-eccidisse.
594 3369 714 3418 Deinvox
729 3386 774 3432 po-
805 3371 861 3419 inde
881 3371 907 3418 in
929 3371 983 3419 edd.
1001 3370 1113 3420 Beroeld.
1131 3378 1154 3418 et
1172 3367 1228 3416 Alc.
1246 3367 1324 3413 fluxit.

259 3435 306 3482 tute
325 3435 363 3483 vel
380 3437 495 3497 patrarat
514 3435 576 3482 deest
594 3435 620 3481 in
637 3434 699 3482 Bud.
715 3435 776 3482 illud
805 3435 879 3483 Ean.
911 3436 1018 3483 Correxit
1028 3435 1106 3483 Rhen.
1119 3431 1206 3481 eBud.

256 3497 326 3548 habet
337 3508 359 3546 et
368 3499 418 3546 cod.
427 3499 487 3562 Reg.
496 3498 556 3546 Isall.
566 3499 640 3562 recepi
651 3513 705 3546 cum
714 3499 771 3561 Bip.
840 3502 933 3549 Curicta
944 3515 956 3548 e
971 3501 1048 3547 muris
1059 3497 1188 3560 cernentes]
1213 3494 1273 3543 Haec
1283 3493 1324 3542 de-

256 3561 323 3610 Brot.
338 3563 398 3611 hall.
433 3564 494 3611 Mox
504 3563 568 3611 Bud.
580 3564 741 3624 praecentet.
806 3564 974 3612 suntiuBud.

298 3629 425 3692 Censorem
441 3629 504 3693 illic]
530 3627 635 3676 Freinsh.
649 3627 777 3690 corrigebat
841 3630 951 3693 Credite]
969 3628 1098 3677 Rhenanus
1109 3628 1151 3691 (ex
1160 3623 1264 3689 ingenio)
1275 3625 1325 3672 edt-

257 3691 336 3748 illtcm·
362 3707 409 3741 non
425 3692 502 3741 male:
525 3691 566 3740 sed
580 3699 666 3740 tamem
675 3691 775 3740 riuene-
806 3699 848 3740 tor
865 3693 1146 3757 egodediweldidito.
1162 3691 1238 3739 hirs.
1268 3693 1326 3738 Cre·

258 3754 368 3804 ceaiute
392 3758 449 3805 rute
459 3765 493 3806 est
505 3757 577 3817 αὐτοῦ,
589 3756 631 3814 ibi,
642 3757 667 3803 in
675 3755 717 3804 illo
725 3756 777 3820 ipso
806 3757 857 3804 dita
869 3773 964 3822 quoque
978 3760 1038 3806 bene
1052 3757 1131 3815 habet,
1148 3771 1190 3804 nec
1200 3764 1279 3803 mnne
1293 3754 1323 3802 li·

258 3819 322 3866 locor
339 3819 531 3870 meouaincensi
541 3829 606 3870 erent
616 3819 701 3881 horta,
711 3827 776 3869 utne
805 3823 859 3870 broc
868 3821 1015 3870 mumdum.
1031 3821 1089 3871 Vid.
1097 3822 1168 3870 Gron.
1181 3820 1237 3869 Oba
1246 3821 1273 3879 3,
1286 3821 1325 3868 10.
1431 3829 1434 3833 ’

258 3883 349 3960 dill'erre
363 3884 457 3948 quidem
470 3885 556 3960 eedem
573 3895 675 3948 possent,
691 3894 714 3934 et
730 3884 776 3934 hoc
807 3902 832 3951 p.
842 3889 899 3935 52⁰.
915 3887 988 3936 Eun.
1207 3950 1214 3960 ·
1279 3951 1284 3962 ι

258 3949 680 4078 translatitium
697 3948 775 4062 itt:
803 3952 1079 4079 ,illal‘lZlell
1094 3949 1323 4066 inutili-t

259 4077 410 4126 lemlinalem
420 4079 670 4142 sequensaabsorpsit.
808 4080 885 4129 anilii
900 4081 972 4143 igtur
981 4081 1098 4130 frumento
1108 4081 1253 4135 adveherent,
1265 4077 1325 4124 inter

291 4143 412 4203 Depositis
429 4144 612 4208 anaemaris]
647 4145 680 4192 Ut
698 4144 775 4207 depos.
808 4145 896 4194 medios
906 4145 1043 4196 itahostes?
1060 4146 1199 4196 ridiculums
1216 4149 1274 4205 puto
1284 4140 1325 4188 ‹le-

259 4203 346 4253 labent
354 4207 404 4254 edd.
414 4207 490 4256 iudea
498 4208 681 4258 Puteolomnes.
703 4213 739 4257 At
747 4216 776 4258 ut
808 4209 896 4258 fectum
906 4211 1008 4275 aliquem
1022 4227 1080 4271 esse,
1090 4220 1113 4260 et
1123 4207 1256 4257 atenscum
1270 4213 1324 4251 ante

254 4269 372 4318 ¹ornittunt
390 4271 463 4320 MSS.
475 4273 538 4320 Flor.
550 4272 613 4320 Bud.
623 4273 685 4336 Agr.
697 4271 733 4322 ed.
742 4289 778 4337 pr.
808 4274 858 4324 hac
868 4277 938 4324 verba
948 4276 1082 4339 ponendum
1096 4281 1123 4321 at
1138 4272 1191 4318 inde
1205 4270 1323 4322 terrestri·

260 4333 338 4396 itaque
348 4350 402 4382 cnm
413 4336 465 4384 Jac.
477 4337 593 4385 Gronovio
604 4337 685 4386 delevi.
704 4337 777 4386 com.
809 4337 872 4388 Vide
886 4341 1013 4404 sequentia,
1030 4352 1143 4403 Quosces
1164 4335 1239 4380 Inrs.
1272 4334 1325 4379 Im-

260 4397 329 4451 mode
347 4399 409 4448 euim
430 4403 508 4449 abesse
525 4410 608 4466 potest.
641 4403 702 4452 Mox
721 4403 778 4453 vitio
804 4406 951 4468 perimam,
968 4405 993 4452 id
1011 4413 1054 4464 est,
1074 4409 1194 4457 curruset
1213 4398 1326 4471 lumem&
