3059 4975
432 225 487 284 nn
510 221 701 283 noumus
723 220 974 282 (tnunnunu.
1004 208 1095 280 cnr.
1112 223 1160 276 c.
1265 221 1323 295 397

251 401 349 473 gunt.
393 375 549 464 Solutum,
566 385 647 450 utin
666 385 855 482 quibusdam
869 384 1047 466 fluminum,
1066 396 1099 446 et
1112 382 1273 460 mutabile,
1288 396 1325 446 ut

261 487 298 536 ut
311 495 360 536 res
372 473 480 560 poscit,
493 470 564 534 hinc
578 469 627 534 vel
641 468 724 532 iilmc
738 469 913 554 remigium.
955 471 1016 532 Est
1030 466 1116 555 apud
1131 465 1201 532 illos
1214 481 1246 530 et
1258 467 1325 553 opi-

248 557 321 626 'bus
335 558 448 622 honos:
472 563 570 641 e'oque
589 577 672 622 unus
691 553 859 640 imperitat,
884 554 978 618 nullis
995 554 1061 640 jam
1081 552 1325 638 exceptionibus,

261 641 478 728 nonprecario
492 643 565 725 jure
587 637 733 725 parendi:
757 661 813 701 nec
832 662 928 715 arma,
950 652 988 702 ut
1006 637 1093 724 apud
1107 651 1225 702 ceteros
1245 639 1325 700 Ger-

261 749 378 806 manos,
391 727 425 790 in
440 724 626 812 promiscu0‚
641 722 695 786 sed
709 722 814 786 clausa
824 724 883 787 sub
897 721 1025 786 custode
1035 722 1203 807 etquidem
1216 744 1324 793 serv03

251 813 335 897 ¹quia
349 811 467 876 subitos
481 808 618 873 hostium
631 807 775 870 incursus
787 807 931 892 prohibet
946 807 1103 886 Oceanus,
1118 807 1223 881 otiosae
1233 828 1328 902 porro

260 910 448 963 armatorum
462 917 573 958 manus
586 891 675 956 facile
689 891 870 956 lasciviunt:
893 893 1049 956 enimvero
1062 913 1165 977 neque
1178 890 1324 965 nobilem,

260 981 557 1066 nequeingenuum,
567 1001 606 1042 ne
620 975 801 1040 libertinum
815 977 952 1062 quidem,
961 976 1055 1041 armis
1068 998 1250 1062 praeponere
1262 974 1327 1038 Re-
1353 1014 1356 1018 <

248 1131 252 1134 ,
260 1065 313 1149 gia
326 1065 443 1129 utilitas
457 1077 511 1128 est.
536 1129 539 1132 ,
677 1127 681 1133 ,
884 1121 889 1130 ,

306 1151 412 1214 XLV.
437 1151 540 1213 Trans
561 1146 693 1216 Suionas
714 1145 801 1209 aliud
813 1159 909 1225 mare,
928 1145 1055 1232 pigrum
1068 1168 1105 1209 ac
1119 1167 1215 1230 prope
1229 1143 1327 1220 inmo-

261 1247 340 1312 tum,
356 1258 420 1320 quo
430 1234 511 1319 cingi
526 1232 673 1316 cludique
688 1245 840 1294 terrarum
854 1232 960 1295 orbem
982 1231 1055 1294 hinc
1074 1229 1162 1305 fides,
1197 1229 1261 1292 uod
1271 1251 1326 1291 ex-

192 1359 194 1362 ·
262 1333 377 1393 tremus
388 1318 524 1382 cadentis
536 1318 603 1404 jam
618 1315 690 1379 solis
703 1315 809 1401 fulgor
819 1316 851 1378 in
862 1329 949 1379 ortus
958 1316 1070 1379 edurat
1079 1315 1157 1378 adeo
1168 1253 1278 1391 cintus,
1289 1324 1326 1376 ut

260 1403 361 1468 sidera
374 1403 520 1478 hebetet;
544 1423 654 1466 sonum
671 1401 799 1488 insuper
813 1399 922 1485 audiri,
937 1400 1114 1485 formasque
1130 1400 1271 1465 Deorum
1293 1410 1326 1460 at

262 1624 311 1672 cod.
328 1623 408 1687 Kapp.
426 1623 456 1686 (s
472 1621 508 1670 ed.
517 1621 592 1680 Nor.)
606 1621 661 1668 hiae
671 1622 708 1667 cel
716 1621 781 1668 hine.
812 1630 903 1668 sontem
913 1635 1002 1668 mersus
1012 1620 1048 1669 sol
1057 1628 1098 1679 est,
1108 1620 1159 1680 jam
1169 1618 1327 1667 moxadfirtu

262 1689 334 1736 Eun.
366 1687 412 1736 Ed.
424 1687 496 1734 Rom.
511 1685 566 1733 Put.
585 1685 664 1733 Rhen.
678 1687 734 1732 binc
745 1685 781 1732 vsi
811 1699 851 1732 rus
862 1685 955 1738 iterum,
963 1684 1055 1742 relictis,
1064 1683 1130 1746 queis
1140 1683 1215 1730 sidera
1224 1682 1326 1744 stringit,

261 1754 335 1800 illinc.
367 1752 423 1814 Bip.
437 1766 541 1814 recepere
556 1751 702 1808 ministrant,
714 1757 741 1796 ut
757 1758 780 1796 et
811 1748 888 1808 radiis,
901 1749 1026 1812 caliginem
1035 1747 1103 1795 facile
1111 1761 1207 1794 omnem
1216 1755 1277 1796 arcet
1287 1746 1325 1794 fu-

262 1830 298 1877 ap.
310 1815 398 1864 Lucan.
416 1815 440 1872 3,
452 1816 509 1863 691.
536 1813 598 1860 Edu
611 1821 697 1860 veteres
708 1815 780 1860 otini·
809 1822 902 1874 gatque.

262 1886 377 1926 urantur.
398 1880 507 1926 Alterum
518 1877 610 1926 rectius.
843 1879 933 1924 Sonam
943 1876 1196 1940 imupcremergcntir]
1208 1874 1325 1924 Malimrs

295 1945 342 1990 Est
359 1944 421 2004 apud
439 1943 490 1988 illos
509 1948 532 1988 ct
549 1956 586 2002 op.
604 1941 640 2004 lu]
663 1939 779 1988 Bletcrius
810 1944 946 2002 mergentis.
972 1943 1037 1989 Nam
1045 1940 1095 1988 haec
1104 1940 1219 2004 pantano
1229 1938 1292 1986 mdis
1303 1951 1326 1988 et

261 2007 352 2054 mavult
363 2009 409 2054 Est
420 2012 442 2053 et
452 2007 515 2067 apud
525 2007 576 2051 illos
587 2019 622 2066 op.
634 2005 659 2051 h.
810 2017 881 2052 cascae
891 2006 965 2067 plebis
977 2004 1031 2065 fuit,
1042 2005 1123 2063 solem,
1136 2005 1194 2051 dum
1208 2004 1233 2051 in
1249 2002 1325 2052 Ocea-

293 2074 326 2118 Ia
345 2071 492 2133 promiscuo]
520 2069 575 2116 MS.
598 2067 679 2116 Turio.
707 2083 779 2129 nsque
810 2082 868 2115 num
887 2069 957 2128 cadit,
968 2069 1088 2117 stridorem
1103 2067 1169 2116 cdere
1185 2082 1231 2114 non
1248 2067 1323 2126 aliter,
1418 2128 1420 2131 v

261 2135 405 2198 promiscuo.
430 2133 501 2182 Eun.
537 2132 584 2180 'Sic
605 2141 628 2179 et
649 2131 685 2178 cd.
713 2131 780 2180 Rha·
810 2133 918 2195 quamsi
938 2133 1040 2196 ignitum
1060 2134 1148 2181 ferrum
1164 2131 1279 2180 condatur
1299 2132 1325 2179 in

261 2199 301 2261 gii.
811 2211 903 2259 aquam.
920 2197 1060 2244 Posidonius
1068 2197 1132 2261 apud
1140 2197 1276 2244 Strabonem
1283 2196 1324 2242 lib.

298 2265 415 2328 Oceanus]
433 2262 472 2310 Sic
490 2262 546 2325 Bip.
564 2276 611 2309 non
630 2261 707 2322 mule;
724 2260 781 2323 quia
810 2261 833 2307 3·
847 2274 871 2323 p.
885 2263 938 2308 138.
960 2262 1041 2321 Δι’γειν,
1054 2263 1109 2320 φησὶ
1119 2259 1266 2319 Ποσειδώνιος,
1274 2260 1324 2312 σοὺς

262 2327 365 2391 sequitur
375 2329 447 2375 alteru
457 2326 524 2386 ratio,
536 2341 576 2374 cur
587 2327 667 2375 clausa
675 2340 746 2372 arma.
811 2324 915 2384 πολλοὺς,
926 2328 992 2384 μείζω
1003 2325 1065 2372 δύνειν
1078 2324 1113 2371 ‘tir
1124 2324 1187 2379 ἥλιον
1198 2326 1217 2370 iv
1228 2326 1258 2388 τῇ
1267 2341 1325 2384 παρ-

296 2395 425 2440 Extremus
440 2391 541 2438 emoto
550 2393 603 2452 jam
618 2391 672 2435 eolis
678 2389 778 2452 fulgor]
811 2388 931 2434 ωκεανίτιδι
962 2387 1023 2449 μετὰ
1052 2389 1125 2448 ψόφου
1154 2388 1325 2450 παραπλησίως,

263 2455 302 2505 Sic
315 2469 395 2504 omnes
410 2454 463 2503 edd.
477 2463 560 2518 prater
576 2453 626 2501 cod.
641 2451 675 2501 K.
692 2454 723 2516 (S.
742 2453 780 2501 ed.
811 2451 889 2497 doctri
902 2454 996 2507 σίζοντος
1007 2457 1045 2499 τοῦ
1055 2453 1163 2511 πελάγους
1175 2450 1233 2497 κατὰ
1250 2449 1325 2500 otim

264 2520 428 2582 Nor.)inqu0
438 2528 544 2581 corrupte
555 2520 678 2567 extraneas
692 2520 779 2573 catien-
811 2516 883 2571 crisci,
895 2516 960 2563 διὰτὸ
969 2518 1084 2575 ἐμπίπτω
1093 2518 1121 2569 εἰς
1130 2516 1165 2562 τὸν
1174 2514 1248 2570 βυθόν.
1270 2516 1325 2563 Flu-
1380 2569 1383 2573 ι

262 2588 301 2631 tia.
332 2582 367 2630 'Is
379 2583 477 2631 Vossius
488 2584 518 2629 ad
533 2582 623 2630 Melam
635 2584 659 2640 3,
670 2583 694 2629 3.
710 2597 734 2644 p.
746 2597 778 2629 m.
810 2593 850 2625 rus
861 2580 890 2627 de
906 2579 1004 2627 Decimo
1017 2582 1093 2628 Bruto
1107 2582 1132 2627 in
1144 2579 1266 2641 Hispaniis
1275 2579 1326 2626 bel-

262 2649 318 2695 534.
330 2663 344 2695 e
357 2659 432 2695 vetere
444 2648 503 2694 libro
521 2649 579 2709 (non
590 2644 707 2707 nominat)
724 2660 780 2708 pro·
810 2642 902 2703 lancea,
912 2646 950 2699 17.
971 2647 1031 2692 Non
1038 2647 1110 2706 prius
1121 2646 1191 2705 cigna
1202 2646 1324 2701 convertit,

262 2712 322 2759 fert:
340 2711 731 2758 extremumrodens-adcoclarcs
743 2709 781 2755 id·
811 2721 881 2766 quam
895 2709 1012 2755 cadentem
1028 2712 1055 2755 in
1070 2712 1148 2754 moria
1163 2710 1242 2762 subm,
1259 2709 1328 2753 obru-

181 2775 184 2783 ”
262 2790 308 2837 que
319 2776 415 2836 probat:
433 2772 496 2837 quod
507 2773 530 2819 in
542 2772 592 2821 istis
602 2772 734 2835 regionibus
745 2773 779 2819 sol
810 2776 906 2831 iramque
921 2775 988 2832 aqu&
1004 2775 1148 2833 iguemmon
1162 2774 1212 2817 aine
1228 2773 1327 2831 quodam

262 2850 309 2883 non
321 2836 389 2897 cadit,
406 2844 433 2883 ut
450 2838 475 2883 iu
491 2836 580 2899 sphera
594 2846 662 2890 recta,
677 2845 780 2884 autnon
810 2837 931 2896 tmrikgii
943 2843 1006 2883 metu
1021 2843 1043 2883 et
1054 2837 1159 2894 horrore,
1170 2836 1328 2898 deprehendit.

263 2900 389 2949 admodum
405 2901 508 2962 obliqua,
531 2900 571 2947 sed
592 2908 683 2947 tantum
700 2900 780 2948 circuit
810 2897 1024 2947 Juvenalisabillo
1036 2914 1085 2947 evo
1097 2900 1135 2953 14,
1147 2902 1203 2947 28⁰.
1236 2900 1326 2946 Aucus

264 2964 405 3013 horizontem
420 2963 541 3011 etlambit
565 2964 780 3022 idestverum‚ad
811 2964 931 3009 Herculea
961 2966 1097 3025 stridentem
1119 2966 1220 3024 gurgite
1249 2966 1326 3011 solem.

227 3061 230 3069 ·
264 3028 413 3075 subtilitatem
425 3026 619 3077 mathematicam.
651 3026 703 3075 Nec
713 3028 780 3090 igno·
810 3025 875 3084 Quid
890 3027 923 3074 D.
935 3028 1101 3089 Hieronymus,
1112 3040 1189 3074 nonne
1205 3027 1229 3073 in
1244 3027 1326 3075 ecdem

263 3091 438 3149 ruotbertus,
455 3099 482 3139 ut
494 3099 558 3153 patet
573 3106 602 3138 ex
614 3090 693 3153 Agric
711 3094 779 3139 ol2.
810 3104 891 3147 errore,
910 3100 951 3139 aut
964 3094 1086 3139 sermone?
1120 3091 1252 3139 InEccles.
1269 3092 1323 3139 c.l.

264 3155 311 3202 Sed
327 3156 446 3217 vulgarem
462 3155 650 3203 consuetudinem
668 3156 780 3219 loquendi
810 3156 853 3201 Sol
859 3157 915 3216 ipse,
918 3162 1044 3217 postquam
1051 3157 1171 3202 ardentem
1182 3162 1259 3202 rotam
1269 3157 1327 3203 Oee-

262 3226 354 3267 sccutus
365 3227 406 3279 cst,
418 3219 521 3281 neglecta
533 3219 613 3266 subtili
622 3219 780 3267 Astronomiar
809 3233 854 3264 auo
869 3221 975 3275 tinxerit,
987 3236 1031 3281 per
1046 3221 1178 3281 incognitos
1191 3222 1256 3267 nobis
1267 3222 1325 3275 vica,

262 3283 358 3342 ratione,
375 3291 403 3329 ut
418 3283 491 3331 solent
512 3282 631 3345 scriptores
646 3283 777 3345 populares.
810 3283 841 3329 ad
849 3284 925 3331 locam
933 3287 1090 3332 comesuros
1097 3286 1241 3344 regreditur.
1253 3284 1330 3332 ers.

261 3348 300 3394 'Ac
309 3346 409 3406 mirum,
426 3362 496 3409 quem
513 3349 595 3393 codena
608 3348 643 3395 tol
651 3348 778 3409 offenderit,
811 3348 963 3409 Emergentis
975 3350 1039 3395 abest
1055 3351 1085 3395 ab
1102 3348 1157 3394 MS.
1173 3348 1255 3395 Turio.
1274 3349 1328 3397 edd.

263 3426 318 3459 eum
333 3426 380 3458 non
393 3410 512 3459 offendisse
522 3412 672 3459 ortumaolis.
706 3412 780 3470 Nam,
810 3410 976 3475 Bonon.Spir.
993 3412 1084 3459 Puteol.
1099 3412 1207 3459 Beroald.
1224 3412 1326 3474 (Rhag.)

261 3474 292 3522 ad
310 3490 387 3522 veram
402 3474 523 3533 rationem,
543 3476 577 3522 sol
593 3475 626 3522 ibi
641 3490 688 3523 non
704 3476 780 3539 magis
810 3474 993 3524 SedRhenanus
1001 3478 1051 3537 jam
1062 3492 1083 3523 a.
1093 3478 1164 3524 1519.
1174 3475 1246 3523 edidit
1256 3478 1326 3526 ecod.

262 3538 342 3593 oritur,
353 3554 423 3603 quam
435 3538 523 3587 oceidit.
557 3539 779 3600 Neocredam,Ta-
810 3554 934 3600 quemncs
948 3541 1028 3603 Kepp.
1046 3540 1208 3603 illeArtolphi
1222 3544 1327 3603 vocat(.

262 3602 334 3650 cimrn
355 3602 420 3665 loqui
441 3602 471 3650 de
489 3602 581 3667 populis
602 3605 645 3651 sub
661 3604 712 3667 ipso
728 3604 779 3653 coeli
810 3602 846 3649 ed.
858 3604 938 3667 Non).
959 3604 1185 3669 Atquasscundum
1199 3606 1327 3670 illamopi-

262 3680 321 3721 aret
339 3680 393 3713 narn
405 3666 445 3715 ills
455 3665 505 3715 loca
515 3682 562 3715 non
572 3666 719 3716 habitantur:
738 3668 779 3717 sed
809 3666 910 3728 cionem,
926 3669 1034 3733 strepitm
1043 3669 1097 3717 solis
1107 3684 1154 3717 non
1168 3668 1245 3717 minus
1252 3685 1327 3721 emer.

260 3728 291 3777 de
306 3730 449 3793 propinquis,
461 3730 485 3777 in
502 3731 586 3794 quibus
597 3746 652 3779 sane
663 3732 716 3780 solis
726 3748 779 3796 spe·
809 3732 893 3792 gentis,
904 3749 976 3797 quam
986 3732 1228 3797 occidentia'iutelligi
1243 3745 1326 3798 potest.
1412 3747 1415 3751 ⁴

260 3793 307 3841 cies
322 3793 426 3841 aufertur
440 3794 522 3851 oculis,
534 3794 574 3861 scd
589 3794 620 3842 ad
636 3795 704 3843 breve
719 3806 779 3845 tem·
809 3794 835 3843 Si
857 3795 887 3844 de
909 3798 1025 3846 occidnte
1048 3808 1141 3845 tautum
1158 3797 1270 3861 loquitur,
1289 3800 1326 3846 in-

260 3866 314 3920 pus‚
325 3865 349 3904 et
361 3857 605 3907 residuamultaluce.
629 3860 661 3907 V.
672 3860 776 3923 Agricol.
800 3858 882 3922 ·telligi
892 3860 975 3910 cadens
989 3863 1024 3911 sol
1036 3877 1066 3909 ex
1082 3862 1267 3911 antecedentibus
1284 3879 1326 3925 po-

259 3922 308 3969 Lc.
326 3921 398 3969 Eun.
432 3922 479 3969 ud.
490 3921 561 3969 Rom.
575 3924 686 3971 cadentis.
808 3931 860 3969 test.
893 3924 976 3989 ltaque
992 3934 1057 3974 tanto
1074 3926 1166 3975 facilius
1181 3924 1250 3995 credo
1268 3942 1325 3988 spu-

293 3986 729 4051 Inotuseccrat11’ichena·quem
742 4004 779 4036 se·
807 3986 867 4035 riam
886 4005 965 4038 vocem
986 4005 1041 4039 csse.
1058 3991 1131 4039 Eun.
1163 3990 1277 4037 Gruter-us
1290 3999 1325 4039 et-
1409 4029 1421 4039 2

260 4050 340 4112 quitur
349 4049 501 4097 Kirchrnaicr.
512 4050 614 4098 malebat
627 4059 713 4100 onum.
731 4052 777 4101 Sed
802 4049 855 4098 iam
872 4069 951 4102 vocem
968 4049 1028 4103 hauc
1043 4056 1112 4113 delet,
1124 4054 1208 4117 ‘inepte
1223 4069 1238 4100 a
1254 4056 1324 4103 sciolo

259 4113 403 4187 intelligendi
417 4122 546 4162 suntortus
561 4114 638 4161 diurni
653 4132 671 4165 s.
685 4116 777 4165 dierum
808 4118 910 4177 quodam
925 4117 1045 4167 inanem.
1079 4120 1133 4181 Ipse
1149 4134 1244 4182 quoque
1259 4118 1324 4167 deleo

259 4177 332 4225 iunia.
367 4222 369 4231 ,
808 4194 862 4229 cum
878 4182 935 4247 Bip.
955 4192 979 4232 et
992 4184 1069 4247 aptius
1083 4191 1137 4229 ante
1153 4197 1236 4229 roseum
1252 4182 1324 4231 inter·

296 4243 330 4289 Ut
339 4242 416 4289 sidera
425 4242 524 4306 hebent]
536 4242 567 4290 lu
577 4256 623 4291 non
634 4244 729 4304 mirum,
736 4247 777 4306 ju·
807 4259 896 4310 pungo.
927 4248 1039 4304 Securis
1055 4246 1151 4295 refertur
1164 4246 1324 4295 ati-solemon-

252 4302 310 4359 dica
328 4304 433 4355 Kirchm.
447 4306 496 4366 ubi,
512 4322 568 4355 cum
583 4307 623 4357 vix
638 4308 699 4357 infra
714 4308 776 4357 hori-
806 4310 1093 4373 dentem‚31uipreccdit·
1127 4310 1325 4364 Coleruavolebst
