3059 4975
267 307 413 383 aaron
633 296 717 364 ‘ma
738 302 798 363 ιιι.
821 302 912 364 car.
935 306 981 363 ιο.
1271 306 1323 367 171

312 474 358 537 X.
381 471 532 537 Adventu
549 468 665 533 'deinde
685 467 822 533 duarum
840 466 1009 567 legionum,
1031 488 1049 527 c
1070 465 1186 553 quibus
1207 466 1329 532 tertiam

268 558 385 623 Dillius
398 557 593 644 Aponianus,
605 568 744 619 octavam
756 553 920 618 Numisrus
929 552 1044 638 Lupus
1053 551 1220 631 ducebant,
1230 568 1330 617 osten

269 658 335 709 tare
359 644 448 722 vires,
478 656 510 707 et
535 642 660 706 militari
687 640 770 704 vallo
798 639 958 704 Veronam
986 636 1176 702 circumdare
1203 636 1329 725 placuit

270 732 366 793 Forte
381 728 543 795 Galbianae
556 726 670 814 legioni
682 726 714 789 in
725 725 854 789 adversa
864 724 967 797 fronte
976 722 1049 788 valli
1059 745 1138 809 opus
1149 742 1288 803 cesserat,
1300 738 1332 789 et

265 814 325 879 visi
342 813 453 902 procul
472 814 624 878 sociorum
646 812 776 899 equites,
798 832 910 873 vanam
931 808 1137 885 formidinem,
1159 823 1197 873 ut
1217 809 1331 889 hostes,

269 902 377 965 fecere.
422 902 474 964 Ra
496 899 604 962 iuntur
617 920 704 961 arma
719 910 751 961 et
770 910 807 961 ut
826 894 1010 983 proditionis
1026 894 1072 957 ira
1092 894 1224 959 militum
1240 897 1272 959 in
1289 898 1332 960 T.

269 986 425 1073 Ampium
439 922 625 1049 Fldvianum
640 982 793 1061 incubuit,
814 981 900 1045 nullo
917 979 1051 1044 criminis
1069 994 1262 1066 argumento,
1278 980 1332 1045 sed

265 1071 332 1158 jam
346 1070 467 1157 pridem
481 1071 608 1147 invisus,
624 1068 747 1133 turbine
761 1068 899 1155 quodam
918 1066 959 1129 ad
979 1064 1108 1129 exitium
1127 1068 1330 1153 poscebatur;

270 1164 293 1196 “
307 1156 419 1243 propin
443 1179 519 1220 uum
531 1154 660 1234 Vitellii,
675 1153 865 1241 proditorem
877 1152 1017 1229 Othonis,
1029 1151 1264 1237 interceptorem
1278 1152 1334 1216 do-

269 1242 385 1307 nativi'
406 1266 423 1305 c
484 1242 613 1305 itabant.
658 1242 726 1304 Nec
746 1238 917 1303 defensioni
938 1236 1036 1316 locus,
1050 1260 1241 1324 quamquam
1261 1260 1334 1325 sup-

268 1327 366 1415 plices
378 1350 488 1391 manus
501 1326 651 1405 tenderet,
665 1325 754 1389 humi
773 1324 958 1412 plerumque
977 1337 1102 1402 stratus,
1123 1321 1222 1387 lacera
1236 1338 1331 1402 veste,

271 1427 381 1511 pectus
394 1429 489 1499 atque
506 1435 561 1476 ora
580 1410 719 1498 singultu
739 1411 899 1497 quatiens:
922 1408 956 1473 id
973 1408 1076 1494 ipsum
1094 1407 1180 1495 apud
1200 1409 1334 1473 infensos

270 1499 504 1563 incitamentum
519 1513 595 1576 erat,
609 1510 770 1594 tamquam
780 1496 895 1559 nimius
908 1516 1005 1581 pavor
1016 1493 1231 1559 conscientiam
1241 1518 1335 1581 argu-

270 1596 347 1648 eret.
399 1584 637 1648 obturbabatur
660 1581 794 1645 nnlitum
816 1581 944 1646 vocibus
969 1578 1125 1667 Aponius,
1151 1603 1223 1644 curn
1247 1580 1335 1667 loqui

271 1682 436 1768 eoeptaret:
459 1669 585 1734 fremitu
597 1682 629 1732 et
641 1667 775 1732 clamore
793 1680 909 1731 ceteros
929 1666 1172 1753 adspernantur:
1196 1666 1251 1731 uni
1267 1672 1336 1731 An-

271 1766 359 1818 tomo
371 1769 487 1841 apertae
499 1754 634 1819 militum
648 1776 758 1831 aures3
781 1774 916 1839 namque
930 1764 961 1815 et
970 1751 1117 1815 facundia
1127 1751 1243 1829 aderat,
1255 1752 1336 1816 mul-

271 1840 424 1926 cendique
437 1840 569 1925 vulgum
582 1854 664 1903 artes
677 1852 709 1903 et
723 1837 898 1902 auctoritas.
944 1836 1009 1901 Ubi
1024 1837 1203 1902 crudescere
1214 1836 1334 1916 seditio,

271 1942 305 1988 et
317 1948 337 1988 a
350 1924 494 1988 conviciis
507 1939 539 1988 et
551 1925 675 2011 probris
694 1923 735 1986 ad
754 1923 816 1986 tela
836 1935 867 1985 et
884 1943 995 1985 manus
1016 1922 1199 2001 transibant,
1215 1922 1336 2011 “injici

270 2012 413 2074 catenas”
424 2009 574 2073 Flaviano
582 2010 684 2096 jubet.
719 2008 820 2071 Sensit
833 2007 1004 2071 ludibrium
1016 2006 1114 2085 miles,
1126 2007 1334 2096 disjectisque,

269 2094 329 2192 qui
356 2096 492 2160 tribunal
518 2096 695 2172 tuebantur,
719 2105 861 2158 extrema
882 2093 929 2157 vis
979 2092 1135 2157 arabatur.
1180 2094 1337 2181 Opposuit

273 2203 375 2244 smum
393 2180 562 2259 Antonius,
579 2181 684 2245 stricto
698 2179 791 2258 ferro,
809 2186 830 2218 “
845 2191 900 2242 aut
914 2178 953 2241 m'
969 2178 1048 2241 itum
1066 2202 1097 2243 se
1111 2179 1265 2259 manibus,
1281 2194 1336 2244 aut

271 2266 346 2343 suis,
372 2266 577 2331 moriturum”
599 2267 773 2331 obtestans:
798 2278 835 2328 ut
860 2287 1017 2351 quemque
1041 2278 1152 2327 notum
1177 2279 1208 2329 et
1231 2265 1336 2365 aliquo

272 2350 397 2417 militari
405 2352 515 2416 deoore
522 2350 674 2440 insignem
684 2351 877 2438 adspexerat,
889 2349 929 2413 ad
940 2349 1098 2414 ferendam
1110 2372 1200 2437 opem
1212 2372 1337 2415 nomme

272 2436 371 2503 ciens:
394 2460 468 2503 mox
483 2461 648 2504 conversus
662 2438 702 2502 ad
718 2438 815 2526 signa,
831 2450 862 2500 et
878 2435 1031 2501 bellorum
1051 2436 1145 2515 Deos,
1163 2443 1183 2473 “
1199 2436 1336 2502 hostium

273 2523 378 2609 potius
392 2524 576 2588 exercitibus
586 2523 675 2587 illum
690 2524 838 2601 furorem,
851 2523 935 2586 illam
948 2522 1132 2586 discordiam
1144 2522 1336 2610 injicerent,”

272 2609 396 2674 orabat:
420 2610 519 2673 donec
531 2609 687 2674 fatisceret
698 2609 818 2689 seditio,
833 2623 874 2687 et,
887 2621 1025 2672 extremo
1033 2609 1099 2696 jam
1113 2607 1174 2687 die,
1187 2631 1243 2673 sua
1252 2609 1338 2696 quis·

304 2780 453 2842 Aponianus]
482 2781 521 2829 Sic
541 2781 618 2829 Rhea.
651 2782 699 2829 Ast
720 2780 786 2828 codd.
821 2783 1011 2842 aspernabantur.
1045 2781 1109 2828 Nam
1126 2789 1149 2828 ct
1169 2779 1277 2846 precedit
1293 2779 1337 2830 hoc

272 2843 335 2891 Flor.
345 2844 408 2891 Bud.
416 2846 476 2907 Agr.
485 2854 508 2892 et
516 2844 566 2892 edd.
575 2853 631 2892 vett.
638 2846 786 2906 Apontanaa
822 2855 914 2906 tempus
924 2854 947 2891 et
957 2843 1068 2908 sequitur.
1086 2845 1157 2892 Eun.

305 2909 340 2954 Et
356 2914 383 2954 nt
396 2910 539 2970 proditionis
556 2909 607 2972 iro]
624 2909 724 2957 Videtur
741 2923 788 2955 vox
859 2909 905 2956 Ubi
916 2910 1060 2972 crudescere]
1073 2909 1111 2956 Sic
1117 2923 1160 2957 scr.
1169 2917 1191 2957 et
1197 2908 1248 2957 edd.
1258 2925 1338 2958 omnes

272 2971 352 3018 abesae
361 2970 543 3035 legendumque:
556 2974 702 3035 proditionis
709 2979 790 3020 anao-
822 2971 937 3035 praterd.
945 2971 983 3018 Fr.
990 2971 1337 3037 Gronovii,inqnacondtscere,

273 3050 332 3093 rein,
346 3036 391 3093 vel,
405 3043 564 3098 emperiam.-
581 3037 625 3084 nisi
636 3046 713 3084 tamen
724 3052 788 3084 oom-
822 3036 879 3082 tiso
894 3051 1030 3098 operarume
1054 3051 1110 3083 mox
1127 3053 1155 3082 ac
1169 3040 1264 3099 probris
1282 3039 1337 3086 MS.

272 3098 421 3162 pendiofuit,
432 3107 456 3148 ct
471 3108 498 3148 ut
509 3103 652 3164 proditione,
669 3104 708 3147 ira
724 3103 789 3148 miii.
824 3099 902 3147 Guelf.
921 3099 973 3148 edd.
994 3108 1048 3148 ante
1067 3101 1143 3149 Rhen.
1160 3115 1247 3150 omnes.
1264 3101 1337 3152 Ean.

274 3169 343 3210 tam.-
359 3163 436 3224 idest,
452 3173 479 3212 nt
492 3165 518 3212 in
532 3166 667 3227 proditione,
683 3166 749 3229 quasi
762 3181 790 3214 ea
823 3164 900 3212 Rhea.
912 3181 925 3212 e
936 3165 998 3213 Bud.
1010 3167 1141 3228 apronia

273 3235 338 3275 aret
356 3227 431 3276 Iam.
463 3231 509 3276 Iro
517 3236 545 3277 at
549 3232 693 3293 proditionis
701 3230 789 3290 estira,
856 3228 946 3294 Sensit]
964 3229 1027 3277 Bud.
1036 3232 1120 3279 Sentit.

274 3291 342 3356 qnasi
354 3294 384 3341 ob
400 3290 568 3357 proditionem:
586 3302 614 3341 ut
630 3294 698 3341 Livio
712 3297 737 3353 4,
748 3297 789 3342 50.
856 3296 945 3355 Aliquo
951 3296 1054 3342 militari
1060 3297 1274 3362 decoretnetpnem]
1282 3296 1339 3346 Vox

274 3356 542 3420 naamaniticae,
554 3360 592 3406 ira
603 3366 721 3421 corruptor
731 3373 791 3406 nao-
824 3359 904 3406 decore
920 3374 933 3406 e
949 3359 1011 3406 Flor.
1028 3359 1089 3408 edita
1104 3374 1145 3422 per
1160 3361 1286 3410 Pithenam
1296 3379 1339 3426 pro

273 3423 317 3480 rte,
340 3429 363 3468 et
384 3421 475 3470 similia
507 3427 553 3471 Ira
574 3425 687 3483 militum,
707 3431 734 3471 ut
752 3426 791 3470 ira
823 3423 914 3470 honore.
948 3422 1067 3473 Consentit
1083 3425 1171 3485 (nuc)
1191 3425 1268 3472 Guelf.
1286 3425 1337 3474 edd.

274 3487 363 3534 Deam.
378 3487 436 3534 dam
444 3489 549 3536 militnm
558 3491 596 3534 ira
602 3489 746 3550 proditionis
753 3487 790 3534 di-
823 3486 981 3535 'Puteole-
994 3488 1048 3536 Ala.
1065 3487 1144 3537 Rhea.
1157 3504 1207 3553 sqq.
1240 3491 1339 3538 Honora

274 3557 345 3609 ctum,
353 3550 525 3600 ntCiceronide
533 3553 565 3600 N.
571 3552 604 3600 D.
611 3555 636 3613 2,
643 3554 683 3600 63.
697 3554 790 3600 Canum
824 3553 926 3616 primum
935 3551 1055 3614 Spirensis,
1066 3551 1109 3617 (sic
1120 3561 1143 3601 et
1152 3553 1226 3617 Agr.)
1236 3564 1289 3618 post
1299 3570 1339 3604 ne·

274 3614 544 3665 mauretaniarum.
578 3616 616 3664 Ita
630 3616 720 3664 videtur
735 3617 791 3665 satis
825 3617 872 3662 scio
893 3615 945 3680 quis
962 3615 1044 3663 iterum
1064 3617 1142 3676 edidit,
1165 3617 1227 3667 unde
1244 3619 1339 3684 Lipsius

274 3679 380 3726 amari
404 3681 511 3729 amnium
536 3680 648 3729 librorum
672 3682 790 3743 scriptura.
826 3681 916 3728 sumsit.
949 3682 1028 3727 Decor
1047 3681 1155 3746 intelligit
1172 3681 1261 3732 facinus
1280 3701 1340 3748 prae·

276 3741 366 3790 Gnort.
384 3744 462 3792 Recte.
486 3745 597 3805 Faernus,
606 3745 791 3794 FreinsbAcid.
825 3745 1222 3808 clarumetpraemiumobfacinus
1241 3749 1312 3798 Eun.

274 3805 405 3854 malebant:
418 3815 481 3856 matu
486 3811 636 3872 proditionis.
647 3811 719 3859 Ean.
735 3809 790 3872 Bip.
858 3812 893 3857 Et
904 3811 1014 3856 bellorum
1025 3812 1100 3876 Deos]
1118 3811 1182 3860 Mihi
1190 3815 1286 3862 verbum
1295 3817 1341 3862 dal·

270 3871 415 3932 proditionis
422 3873 470 3920 scil.
481 3873 579 3921 nomine.
826 3875 902 3920 brana
913 3884 1043 3937 suspectum
1054 3884 1096 3936 est,
1111 3885 1133 3924 et
1146 3893 1161 3925 a
1171 3877 1247 3942 glossa
1257 3887 1340 3928 natum

308 3935 428 4002 Aponius]
446 3937 726 3987 SicMSSetoddvett
738 3946 792 3986 ante
825 3938 922 3987 videtur.
955 3939 1016 3987 Satis
1037 3949 1071 3988 est
1092 3943 1154 3989 Deos
1177 3945 1271 3990 orabat:
1292 3957 1339 3992 non

274 3998 455 4047 Rhemornnesr
524 4015 553 4048 ue
562 4001 670 4064 Aponius
679 4005 793 4051 Saturni.
825 4018 884 4065 opus
895 4003 977 4051 addere
990 4005 1107 4068 bellorum,
1122 4021 1163 4055 neo
1178 4008 1209 4056 sic
1223 4008 1302 4056 Latini
1314 4008 1340 4056 in

274 4063 481 4128 anadequooli.
529 4065 793 4132 aledelcvitlthenanus
823 4067 866 4114 'tali
879 4082 986 4129 regenne
998 4068 1103 4119 Deorum
1114 4072 1261 4136 exprimunte
1274 4071 1341 4119 deni-

277 4125 346 4188 (duce
354 4127 443 4190 Bua)=
455 4129 517 4176 male
524 4131 665 4192 Aponianus
673 4132 744 4180 edidit
751 4131 793 4179 Pi·
824 4147 879 4242 pue,
891 4131 910 4178 si
920 4141 998 4180 tamen
1004 4133 1029 4182 id
1041 4136 1177 4185 attributum
1189 4136 1340 4184 necessarium

275 4189 356 4250 thena,
365 4192 394 4238 de
402 4193 476 4241 Dillio
484 4193 621 4257 intelligens.
651 4197 717 4244 Bene
728 4196 793 4244 resti-
834 4205 892 4255 oret,
903 4195 1067 4260 intelligeretur
1077 4216 1158 4264 perse.
1176 4199 1248 4248 Eun.

198 4283 200 4287 .
277 4253 352 4301 tuitR
368 4256 441 4305 cirins.
466 4258 527 4305 Mox
538 4274 638 4322 nomque
646 4259 718 4308 MSS.
729 4259 792 4308 Flor.
858 4263 908 4309 Sua
919 4263 1014 4324 quisque
1025 4266 1051 4311 in
1060 4266 1159 4313 tentoria
1168 4263 1339 4328 dilatarentur]

278 4271 367 4380 (Bndl
378 4321 456 4369 Guelf-
471 4321 525 4396 edd.
540 4337 575 4398 pr.
594 4323 650 4372 Pur.
665 4324 721 4372 Ber.
737 4325 793 4372 Ala
826 4324 864 4373 Sic
875 4341 888 4374 e
898 4325 961 4374 Flor.
973 4327 1045 4375 edidit
1056 4328 1164 4386 Pichena,
1175 4341 1217 4390 pro
1228 4327 1341 4376 dilabere-

277 4381 355 4431 ahu.
367 4393 560 4446 pr.etc.restrtu1t
566 4387 593 4434 J.
603 4388 705 4437 Gmnov.
721 4387 793 4436 Ean.
826 4397 874 4439 tar.
908 4389 1027 4438 Comentit
1043 4393 1077 4440 ed.
1094 4409 1129 4460 pr.
1146 4391 1217 4440 Ean.
1234 4390 1298 4440 Bud.
1313 4401 1341 4441 ut

281 4458 287 4466 ·
309 4446 490 4515 Aspanaatar]
519 4449 673 4502 Suibcndum
704 4452 795 4503 videtur
826 4448 1056 4518 odgodiindcrrtnr.
