3059 4975
264 309 298 351 r.
311 255 415 372 erc]
640 296 715 357 un.
740 298 970 365 111.·cAP.22·
1277 304 1330 361 rer

265 456 424 532 tertianis;
448 457 588 525 cohortes
607 460 795 543 auxiliorum
814 461 851 525 in
872 462 1041 535 cornibus:
1067 463 1164 529 latera
1186 486 1222 527 ac
1244 478 1331 551 terga

227 551 231 569 ·'
265 540 372 627 'equite
384 543 591 609 circumdata:
623 546 699 612 Sido
712 549 808 635 atque
823 548 963 626 Italicus,
988 549 1185 627 Suevifcrtm
1205 549 1330 613 delectis

263 626 473 713 popularium,
487 630 616 715 primori
630 631 662 716 in
676 632 741 697 acie
755 633 973 713 versabantur.¹

308 713 433 777 XXII.
455 714 503 777 At
514 715 695 804 Vitellianus
704 719 867 797 exercitur,
878 720 942 805 (cui
950 719 1147 805 adquiescere
1157 724 1329 799 Cremonae,

264 810 306 876 et,
332 798 508 887 reciperatis
530 801 600 866 cibo
619 826 790 890 somnoque
803 804 932 881 viribuS,
954 805 1129 869 confectum
1156 806 1261 893 algore
1282 820 1330 873 at·

288 907 327 947 ue
346 884 448 949 inedia
468 886 600 966 hostem,
625 901 750 974 postera
770 889 821 954 die
840 890 1005 989 profligare
1026 914 1231 977 acaproruere
1247 893 1331 963 ratio

263 908 341 1051 init)
363 970 492 1057 indigus
510 972 648 1052 rectoris,
662 974 752 1061 inops
767 975 896 1054 consilii,
912 976 1004 1040 tertia
1016 976 1113 1040 ferme
1122 978 1225 1041 ‘noctis
1240 978 1328 1056 hora,

264 1056 382 1141 paratis
390 1056 457 1141 jam
469 1056 686 1147 dispositisque
696 1060 854 1125 Flavianis
862 1061 1048 1148 inpingitur.
1071 1061 1221 1127 Ordinem
1231 1064 1331 1150 agini

265 1141 324 1234 nic,
350 1141 470 1229 disjecti
475 1166 551 1291 aper
574 1143 653 1207 iram
676 1167 713 1208 ac
736 1147 889 1225 tenebras,
915 1148 1096 1211 adseverare
1121 1170 1185 1221 non
1209 1150 1326 1215 ausim:

264 1250 455 1315 quamquam
506 1228 528 1291 ii
548 1229 743 1310 tradiderint,
766 1238 946 1319 “quartam
962 1232 1197 1313 Macedonicam
1217 1234 1330 1298 dextro

264 1313 392 1378 suorum
414 1337 530 1381 cornu:
559 1316 712 1401 quintam,
735 1331 766 1381 et
787 1318 1093 1405 quintamdecimam,
1110 1341 1188 1382 -cum
1210 1319 1330 1385 vexillis

262 1424 354 1468 nonae
371 1400 578 1489 secundaeque
591 1416 623 1465 et
636 1402 790 1467 vicesimae
805 1404 1054 1467 Britannicarum
1074 1402 1243 1491 legionum,
1266 1428 1329 1469 rne-

261 1483 347 1549 diam
356 1486 472 1561 aciem;
488 1486 750 1553 sextadecimanos
764 1488 1121 1574 duoetvicesimanosque
1131 1501 1163 1565 et
1173 1490 1330 1577 primanos

261 1569 378 1635 laevum
390 1594 488 1636 ¹cornu
501 1572 700 1659 complesse.”
743 1576 885 1661 Rapaces
899 1588 994 1661 atque
1009 1575 1110 1638 Italici
1128 1575 1275 1645 ¹omnibus
1297 1601 1329 1641 sc

261 1656 428 1742 manipulis
438 1658 633 1723 miscuerant.
655 1663 766 1746 Eques
776 1660 955 1747 auxiliaque
966 1660 1023 1725 sibi
1034 1660 1044 1724 i
1069 1660 1093 1722 si
1103 1660 1206 1723 locum
1217 1660 1329 1747 legere.

263 1740 415 1806 Proelium
435 1757 502 1808 tota
519 1756 609 1808 nocte
623 1746 755 1823 varium,
776 1769 899 1831 anceps,
914 1758 1021 1823 atr0x3
1046 1684 1106 1820 liis,
1128 1769 1236 1809 rursus
1257 1747 1328 1826 illis,

260 1827 427 1892 exitiabile.
453 1830 541 1892 Nihil
555 1830 686 1909 animuS,
702 1844 757 1895 aut
771 1855 893 1909 manue,
908 1854 947 1895 ne
960 1830 1042 1895 oculi
1057 1830 1186 1915 quidem
1200 1832 1328 1928 provisu

258 1912 433 2001 juvabant:
447 1914 555 1978 eadem
569 1928 703 2002 utraque
714 1917 779 1979 acie
790 1940 891 1981 arma:
908 1916 1023 1981 crebris
1034 1914 1335 2001 interrogatlonibus

261 2014 371 2065 notum
392 2022 510 2086 pugnae
528 1998 670 2086 signum:
733 2001 986 2081 rmixtauexilla,
1003 2001 1185 2088 utquisque
1203 2002 1327 2087 globuS,
1381 2014 1385 2021 '

261 2099 352 2173 capta
366 2108 408 2171 ex
419 2084 699 2165 hostibus,‚hucve
723 2086 962 2173 illucraptabat.
996 2087 1334 2173 Urgebaturmaximc,

260 2171 390 2259 septima
403 2170 495 2258 legio,
510 2194 611 2258 nuper
623 2196 642 2237 a
653 2172 758 2238 Galba
768 2173 950 2260 conscripta.
973 2173 1073 2237 Occisi
1088 2196 1140 2251 sex
1155 2173 1329 2259 primorum

259 2258 404 2322 ordinum
415 2256 637 2332 Centuriones:
654 2260 785 2347 abrepta
794 2258 940 2345 quaedam
952 2258 1057 2347 signa:
1080 2256 1178 2345 ipsam
1192 2259 1329 2347 aquilam

293 2504 422 2560 Proicere,
433 2504 496 2550 ratio
505 2503 573 2566 scit]
591 2503 679 2550 Notavi
688 2502 713 2550 in
723 2503 777 2550 An-
842 2503 1129 2566 Duoctviccrimcncsque]
1148 2500 1203 2550 Ms.
1216 2501 1293 2550 Guelf.
1306 2508 1330 2548 et

259 2566 330 2630 tiquis
345 2569 370 2626 2,
386 2569 424 2614 16.
435 2567 508 2615 videri
523 2567 618 2614 inducta
628 2582 682 2615 voce
698 2567 777 2630 legen-
810 2579 855 2616 ret.
868 2567 920 2616 cod'
930 2567 1009 2616 Ursin.
1021 2567 1072 2614 edd.
1089 2575 1143 2614 ante
1154 2567 1230 2614 Rhen.
1242 2567 1327 2613 duode-

257 2631 316 2678 dum
325 2646 354 2677 ac
359 2647 476 2694 proruere
478 2633 543 2695 suit,
552 2632 578 2679 id
588 2640 631 2690 cst,
639 2632 711 2680 licuit
729 2631 776 2680 Sed
810 2634 889 2690 vieerr
907 2633 973 2680 solita
983 2631 1115 2680 confusione
1120 2649 1131 2680 e
1148 2631 1184 2678 cd.
1193 2647 1228 2694 pr.
1236 2634 1271 2693 (et
1279 2631 1328 2680 coc
1389 2681 1393 2686 ,

258 2711 344 2756 vercor,
353 2705 380 2743 ut
390 2712 434 2760 ego
442 2713 534 2760 quoque
543 2696 660 2744 interdum
672 2699 725 2758 (cur
734 2712 777 2744 ne-
809 2697 884 2760 Agr.)
894 2698 1007 2744 duoviccr.
1025 2696 1089 2744 Mox
1100 2695 1168 2758 cquae
1177 2698 1236 2743 bene
1245 2711 1258 2742 e
1266 2695 1328 2743 Flor.

257 2775 310 2822 gem
325 2769 632 2824 autpurgemcommunem
645 2761 789 2810 criticomm'
809 2770 833 2809 et
841 2763 898 2824 Agr.
908 2760 1098 2822 ediditRyckius.
1122 2759 1327 2808 ConsentitGuelf.
1358 2790 1360 2796 ·

256 2823 317 2872 hunc
335 2839 420 2872 noxam
430 2824 453 2885 Ρ)
470 2825 530 2872 inter
542 2835 647 2883 sectores,
664 2840 710 2872 non
726 2841 777 2873 me·
810 2826 850 2874 sed
861 2827 893 2874 sic
902 2827 951 2886 jam
959 2826 1016 2872 oiim
1027 2825 1114 2872 editum
1125 2825 1151 2872 in
1161 2825 1213 2872 edd.
1224 2841 1260 2887 pr.
1272 2825 1329 2872 Put.

258 2887 329 2936 diros.
362 2891 433 2938 Nunc
452 2905 507 2936 sane
525 2905 604 2938 vocem
622 2905 673 2936 eam
695 2891 776 2937 tolero.
810 2891 865 2938 Ber.
873 2890 950 2938 Rhen.
959 2890 984 2950 (e
992 2889 1136 2946 Buctnlc
1147 2889 1237 2952 Gryph.
1246 2888 1329 2936 Corre-

259 2953 335 3001 Iura.
352 2955 451 3002 Sensus:
464 2954 505 3018 qui
513 2963 604 3018 postera
611 2952 648 3001 die
654 2954 777 3017 profligare
810 2963 900 3002 ctorum
916 2954 972 3002 vitio
984 2952 1075 3016 irrepsit
1083 2955 1171 3015 equites
1186 2954 1288 3016 primum
1304 2953 1330 3000 in

257 3018 348 3066 hostem
359 3027 382 3066 et
390 3035 498 3082 proruere
508 3019 614 3076 debebat,
625 3019 777 3077 sirationem,
811 3019 847 3067 ed.
860 3019 937 3066 Rben.
955 3033 998 3067 sec.
1031 3018 1094 3066 Dein
1110 3031 1239 3078 rursusque
1250 3017 1330 3066 Guelf.

258 3083 380 3130 consilium
396 3084 470 3148 sequi,
486 3083 610 3147 prudenter
623 3099 690 3146 agere
700 3084 776 3132 vellet.
811 3084 863 3131 edd.
875 3084 966 3131 Puteol.
977 3083 1031 3131 Ber.
1042 3082 1097 3132 Alc
1108 3097 1193 3128 rursus
1207 3089 1329 3129 muscetu-

258 3147 322 3195 Mox
343 3150 419 3210 inops,
438 3147 531 3212 quode
550 3149 613 3195 Flor.
628 3163 671 3210 pro
689 3163 777 3195 vacuus
811 3145 1330 3211 uniuscueongruensmagisaiterursm

260 3211 452 3271 Pichenaedidir,
467 3212 537 3260 etiam
552 3212 577 3258 in
593 3211 628 3260 cd.
640 3229 676 3276 pr.
686 3212 777 3276 reperi:
812 3215 869 3271 illie,
889 3213 932 3276 (sic
949 3213 996 3260 Ru
1014 3227 1027 3260 e
1043 3209 1120 3273 Bud.)
1136 3225 1181 3273 pro
1197 3209 1267 3258 modo
1283 3211 1328 3272 his,

259 3284 285 3324 at
298 3279 394 3338 paratis
407 3280 464 3339 jam
478 3278 648 3338 dispositisque,
665 3291 777 3339 proper.
811 3277 881 3326 modo
900 3277 952 3325 illis
986 3277 1018 3326 V.
1041 3276 1072 3324 ad
1087 3291 1107 3324 c·
1125 3277 1164 3324 83.
1182 3275 1232 3323 init.
1256 3275 1328 3323 ΕΠ.

252 3341 585 3404 jeminaeum-(ruem
602 3341 673 3389 ΕΗ.
691 3343 778 3390 Noster
810 3341 874 3390 Bud.
889 3342 1003 3390 duoetvic.
1033 3343 1134 3390 ‘Burrus
1151 3340 1227 3388 Rhen.
1239 3355 1253 3387 e
1265 3340 1331 3388 Bud.

257 3406 328 3455 ctiam
341 3407 375 3452 A.
387 3407 411 3466 3,
429 3407 467 3454 21.
482 3407 541 3453 dum
556 3421 583 3452 ca
600 3409 663 3455 ratio
680 3407 778 3454 barbaro
811 3407 891 3454 Prrelii
905 3406 972 3454 istius
983 3405 1246 3454 nocturni-mentionem
1257 3403 1331 3453 facere

248 3473 315 3531 fuit.
348 3471 404 3518 Non
420 3487 474 3534 ergo
488 3480 580 3518 tantum
593 3469 711 3520 toleranda
721 3487 775 3520 vox.
811 3471 920 3520 Curtium
942 3471 981 3528 10,
1003 3473 1027 3519 c.
1044 3468 1183 3534 Rutgersius
1207 3468 1331 3517 arbitratur

258 3535 321 3583 Mox
331 3536 394 3584 Bud.
406 3539 474 3597 impr
488 3537 592 3593 canitic,
604 3543 631 3582 ut
641 3535 692 3584 cic.
700 3536 777 3584 Bruto
811 3535 869 3586 Var-
881 3536 946 3584 Lect
959 3535 982 3595 l,
996 3536 1034 3584 19,

260 3597 467 3662 intemeratis.
483 3599 616 3648 Deinidem
619 3616 677 3662 por.
677 3603 778 3663 jamque
845 3601 937 3648 Eadem
947 3607 1047 3661 utraque
1058 3599 1120 3663 acie]
1150 3597 1193 3647 ste
1201 3597 1331 3663 HonAgr.

260 3665 320 3726 dirp.
333 3664 687 3714 murmurosum
812 3665 863 3715 edd.
875 3681 910 3728 pr.
920 3664 996 3728 Ryck.
1005 3667 1023 3713 J
1025 3696 1032 3712 .
1041 3665 1114 3712 Gron.
1147 3663 1177 3711 In
1184 3663 1260 3713 MSS.
1266 3664 1329 3712 Bud

292 3732 387 3777 Dextro
397 3745 496 3778 sumum
506 3731 591 3794 cornu]
621 3730 668 3777 Int.
680 3729 778 3788 stetisse,
814 3729 892 3779 uuelt
899 3731 1095 3792 cademqucccier
1105 3728 1284 3792 quodetinsec·
1294 3729 1330 3778 ed.

258 3793 279 3842 si
289 3795 426 3842 veralectio.
458 3795 494 3842 At
504 3794 609 3842 Faernus
619 3796 730 3842 dextrum
745 3793 780 3842 lc
813 3795 890 3842 Rhen.
902 3795 982 3858 reperi.
1014 3791 1140 3844 Exciderat
1150 3801 1215 3854 utra,
1226 3794 1290 3858 quod
1305 3796 1331 3843 in

259 3860 345 3922 gebat3
363 3859 427 3922 quod
447 3861 539 3922 placet:
556 3873 612 3906 nam
628 3867 653 3907 et
666 3874 727 3907 mox
743 3867 780 3907 est
814 3859 870 3908 MS.
883 3858 967 3908 Gadi.
984 3874 1048 3908 uren.
1066 3875 1110 3908 sec
1126 3859 1252 3923 adscripsit
1286 3859 1333 3908 Sed

255 3926 381 3986 prinrcrwr
396 3925 564 3971 loeuuncornu
579 3926 717 3986 complente
734 3923 780 3972 nisi
813 3923 924 3972 addidere.
934 3932 1054 3988 atraquer
1078 3923 1132 3972 hinc
1148 3924 1215 3972 lectio
1231 3924 1331 3988 vulgatu

259 3989 319 4037 forte
335 3989 433 4038 verbum
454 3987 511 4036 latet
527 3987 553 4035 in
575 4004 691 4046 morum
716 3989 781 4053 quod
813 3991 938 4051 eademque
954 3997 1060 4052 utruque.
1092 3989 1209 4053 copulam
1224 3989 1263 4038 hic
1276 3989 1332 4036 alie-

259 4069 314 4103 sane
324 4062 403 4102 contra
412 4051 601 4102 consuemdinem
616 4054 654 4102 hic
669 4054 779 4118 ponitur3
814 4069 870 4103 nam
880 4069 936 4114 esse,
946 4054 1065 4118 sequentia
1072 4053 1161 4102 docent
1172 4053 1245 4100 Ean.
1261 4053 1333 4112 Quoi

259 4133 302 4167 nec
318 4119 415 4168 memini
434 4117 525 4182 uspiam
544 4118 569 4165 in
588 4118 630 4165 tali
650 4119 782 4167 narratione
813 4118 852 4166 hic
866 4118 896 4166 dc
910 4119 1010 4167 secunda
1020 4119 1129 4168 Rhenani
1143 4117 1235 4178 dicitur,
1247 4117 1333 4165 falsum

259 4183 322 4231 addi.
338 4183 410 4232 Euri.
441 4182 581 4248 legendum
599 4185 720 4246 dextrum,
738 4183 781 4231 ad-
814 4193 863 4232 est:
881 4185 1005 4247 vulgatum
1014 4191 1096 4232 servm.

153 4298 156 4303 ,
260 4248 358 4296 modum
368 4249 500 4297 verisimile
847 4251 943 4298 Netum
961 4265 1046 4310 pugne
1056 4249 1164 4322 mum]
1182 4245 1229 4293 ie.
1240 4253 1331 4305 maere,

295 4313 358 4387 Qum
366 4316 471 4378 vexiliis]
492 4316 584 4363 Verius
594 4329 637 4377 pro
648 4314 781 4361 vexillariis
815 4321 842 4361 ut
852 4329 923 4376 supra
933 4312 1028 4362 dictum.
1061 4311 1125 4361 Adc
1135 4311 1199 4374 lupe.
1211 4308 1330 4358 remu

259 4393 346 4502 pqsppn
361 4378 426 4450 upud
441 4386 555 4431 nostnun.
575 4379 614 4430 cf.
627 4378 692 4428 Pide
705 4377 781 4429 adA.
814 4378 889 4428 cult.
906 4377 977 4427 uer.
1062 4421 1066 4427 .
