3059 4975
253 254 290 309 32
640 245 946 305 HISTORIARUM
1152 253 1199 325 [Λ.
1210 267 1240 308 n.
1254 254 1323 311 823.

253 417 490 501 lurpcratorem,
515 432 550 475 uc
573 410 730 497 paucitate
756 409 959 475 salutantium
988 412 1158 498 trepidum,
1184 427 1216 477 et
1240 413 1324 479 selloe

253 500 435 565 festinanter
448 496 630 581 inpositum,
646 495 759 561 strictis
773 496 975 560 mucronibus
993 497 1127 583 rapiunt
1174 500 1324 566 Totidem

252 585 352 649 ferme
366 582 478 647 milites
493 581 525 645 in
540 581 650 647 itinere
660 581 890 669 adgregantur:
907 580 959 645 alii
973 584 1168 665 couscientia,
1183 584 1325 672 plerique

253 668 421 743 miraculo;
444 690 517 755 pars
526 668 669 767 'clamore
682 682 714 732 et
731 666 859 754 gaudio,
880 690 954 755 pars
976 668 1105 749 silentio,
1126 670 1265 735 animum
1284 695 1325 737 ex

252 769 366 821 eventu
381 778 448 818 sum
473 767 545 819 turi.

256 884 260 891 -
296 777 472 905 XXVllli
509 840 679 905 Stationem
705 840 738 902 in
763 839 871 904 castris
953 841 1009 905 bat
1032 841 1141 907 Julius
1167 841 1324 909 Martialis

255 927 427 992 Tribunus.
466 928 510 1005 Is,
523 924 737 1013 magnitudine
752 924 848 989 subiti
863 948 912 990 sce
924 926 994 1006 eris,
1008 949 1049 990 an
1063 951 1161 992 conru
1185 944 1218 993 ta
1230 928 1325 995 latius

253 1026 364 1092 castra,
378 1014 433 1091 ac,
446 1011 471 1075 si
490 1023 597 1077 contra
611 1011 762 1089 tenderet,
785 1010 915 1075 exitium
937 1024 1089 1093 metuens,
1104 1037 1171 1101 prae
1194 1014 1241 1078 uit
1258 1015 1324 1102 ple

252 1098 280 1162 ri
318 1122 358 1163 ue
374 1096 580 1185 suspicionem
602 1096 808 1162 conscientiae.
851 1099 1069 1195 Anteposuere
1083 1100 1176 1164 ceteri
1196 1124 1324 1187 quoque

254 1186 313 1248 Tri
335 1184 391 1248 uni
407 1182 674 1279 centurionesque
687 1182 852 1269 praesentia
865 1182 969 1247 dubirs
990 1195 1022 1247 et
1035 1184 1182 1250 honestis.
1227 1187 1323 1273 Isque

252 1269 380 1335 habitus
398 1269 573 1334 animorum
587 1268 660 1347 furt,
680 1281 717 1332 ut
736 1267 905 1355 pessimum
919 1267 1040 1334 facinus
1054 1270 1207 1335 auderent
1218 1272 1322 1359 pauci,

252 1354 358 1442 plures
371 1354 497 1434 vellent,
509 1376 616 1419 omnes
629 1366 819 1441 paterentur.

296 1443 441 1506 XXIX.
464 1442 601 1526 Ignarus
614 1438 738 1504 iuterim
750 1438 853 1504 Galba
863 1450 896 1505 et
909 1441 1003 1505 sacris
1011 1440 1158 1519 intentus,
1170 1444 1323 1530 fatigabat

252 1527 343 1591 alieni
353 1528 420 1615 jam
433 1526 563 1613 Imperii
572 1526 674 1590 Deos:
690 1548 763 1590 cum
774 1524 917 1590 adfertur
926 1549 1045 1608 rumor,
1058 1535 1080 1567 “
1091 1528 1321 1616 rapi-incastra,

252 1612 405 1678 incertum
427 1634 522 1700 quem
544 1614 743 1676 Senatorem:
770 1634 856 1690 mox,
879 1612 1036 1677 Othonem
1058 1637 1134 1693 esse,
1157 1616 1212 1700 qui
1234 1639 1323 1702 rape-

252 1700 374 1764 retur:”
404 1696 497 1763 simul
520 1721 559 1761 ex
584 1710 650 1761 tota
675 1696 764 1775 urbe,
789 1711 826 1761 ut
847 1697 980 1784 quisque
1001 1699 1113 1763 obvius
1134 1700 1248 1778 fuerat,
1270 1703 1322 1767 alii

252 1784 450 1849 formidinem
470 1796 630 1881 augentes,
652 1782 782 1869 quidam
802 1782 923 1847 minora
936 1807 1021 1862 vero,
1043 1808 1084 1849 ne
1104 1798 1173 1849 tum
1194 1786 1321 1872 quidem

252 1870 340 1934 obliti
353 1869 550 1935 adulatioms
594 1869 698 1955 Igitur
712 1866 958 1936 consultantibus
970 1870 1100 1957 placuit,
1116 1876 1139 1909 “
1152 1874 1322 1958 pertentari

252 1956 391 2020 animum
406 1954 552 2034 cohortis,
567 1977 640 2041 quae
662 1954 705 2021 in,
717 1952 834 2040 palatio
855 1955 1018 2020 stationem
1039 1957 1169 2043 agebat:
1193 1979 1250 2022 uec
1304 1982 1320 2021 r

251 2042 354 2129 ipsum
371 2041 523 2118 Galbam3
547 2040 638 2127 cujus
658 2040 781 2187 integra
799 2041 966 2104 auctoritas
986 2042 1156 2128 majoribus
1178 1981 1321 2108 remediis

187 2136 189 2140 '
252 2128 462 2192 servabatur.''
506 2126 581 2190 Piso
594 2149 652 2213 pro
666 2148 722 2211 gra
745 2124 816 2187 ibus
829 2124 942 2189 domus
956 2141 1081 2190 vocatos
1101 2128 1135 2190 in
1156 2128 1241 2193 hunc
1255 2152 1321 2193 mo-

252 2213 330 2277 dum
351 2212 515 2277 adlocutus
536 2223 599 2275 est:
625 2212 777 2275 “Sextus
799 2208 865 2272 dies
885 2210 1000 2296 agitur,
1022 2212 1255 2292 commilitones,
1277 2238 1319 2279 ex

251 2323 327 2385 quo,
349 2299 477 2385 ignarus
498 2295 610 2374 futuri,
632 2307 664 2360 et
685 2294 749 2359 sive
770 2294 944 2381 optandum
972 2297 1031 2361 hoc
1052 2320 1174 2376 nomen,
1198 2299 1262 2363 sive
1282 2301 1320 2364 ti-

250 2383 399 2454 mendum
421 2394 496 2459 erat,
513 2384 619 2446 Caesar
633 2380 769 2445 adscitus
791 2401 879 2454 sum;
910 2405 975 2468 quo
995 2382 1107 2448 domus
1128 2397 1242 2450 nostrae
1263 2401 1319 2451 aut

252 2468 446 2557 Reipublicae
456 2468 558 2534 fatum
572 2466 603 2532 in
615 2480 717 2532 vestra
730 2489 827 2532 manu
841 2466 977 2554 positum
990 2482 1052 2547 est3
1074 2493 1146 2550 non,
1162 2470 1237 2558 quia
1249 2496 1320 2537 meo

251 2556 376 2620 nomine
394 2555 558 2619 tristiorem
580 2577 686 2618 casum
707 2575 850 2640 paveam,
873 2562 925 2639 (ut
945 2555 1012 2641 qui,
1031 2555 1176 2620 adversas
1195 2580 1245 2622 res
1266 2582 1320 2622 ex-

197 2640 199 2643 ’
251 2653 369 2728 pertus,
398 2663 471 2705 cum
499 2639 635 2704 maxime
658 2638 787 2718 discam,
816 2660 856 2702 ne
884 2640 1034 2704 secundas
1059 2641 1187 2728 quidem
1215 2644 1319 2708 minus

284 2855 349 2908 Pars
357 2851 604 2965 chmorcctgluditsl,
611 2853 706 2902 Gaura
714 2849 769 2898 libri
803 2854 903 2900 Testari
914 2863 949 2902 est
956 2832 974 2902 ¹a
984 2851 1099 2904 Rhenano
1107 2857 1132 2920 (e
1142 2855 1225 2910 Budt.
1248 2858 1312 2904 Per.

229 2918 520 2982 'omnes(inhisBud.).
537 2918 574 2966 At
605 2915 768 2976 aernus,Mu-
801 2920 889 2965 tentori
907 2918 1317 2970 niss.F10r.Gue1f.edd.Pute01.

251 2982 768 3046 retus,Acidaliusetaliicorriguutgaudiir
800 2982 854 3029 Ber.
866 2984 930 3045 quod
940 2984 1038 3033 restituit
1050 2985 1159 3033 Pichena.
1186 2985 1224 3031 At
1234 2986 1268 3032 ed.
1280 3002 1317 3048 pr.

251 3047 288 3095 vel
302 3050 393 3110 gaudio
412 3049 456 3110 (sic
472 3045 560 3108 Pica).
592 3046 682 3094 Verum
699 3055 764 3109 puto.
798 3046 875 3106 plane,
887 3056 914 3094 ut
924 3048 1019 3112 Lipsius
1029 3049 1111 3109 voluit,
1118 3051 1275 3112 pratentnri:
1289 3059 1319 3098 et·

251 3113 316 3160 Num
324 3113 410 3160 milites
417 3128 497 3160 omnes
502 3114 596 3173 gladios
606 3111 710 3159 habenti
723 3109 769 3156 nisi
800 3110 976 3160 confunduntur
985 3114 1037 3161 ista
1047 3114 1144 3178 syllabae
1155 3114 1282 3162 sexcenties
1292 3115 1317 3161 in

251 3177 308 3224 velis
323 3177 451 3240 intelligere
462 3178 560 3225 strictis.
578 3176 640 3224 Mox
650 3176 768 3232 animum,
800 3173 874 3236 libris,
886 3184 914 3224 ut
924 3186 948 3224 et
957 3177 982 3224 in
993 3178 1037 3227 hoc
1045 3194 1113 3243 opere
1120 3179 1221 3228 vidimus
1228 3179 1319 3241 aliquo-

268 3238 678 3301 uodeFlor.deditPicheua,etiam
689 3239 769 3301 adpr.
800 3239 852 3288 tias,
880 3243 1022 3290 Peneum
1033 3260 1103 3307 supra
1111 3245 1161 3305 jam
1172 3257 1192 3288 c.
1204 3245 1243 3289 25.
1258 3243 1318 3290 dixit

250 3255 323 3353 hita.
348 3306 438 3354 Nullus
447 3305 529 3354 dubito
540 3319 596 3352 cum
606 3304 769 3368 Bip.recipere
800 3313 974 3370 nosterratque
985 3307 1009 3354 id
1019 3307 1058 3354 hic
1068 3323 1161 3370 quoque
1172 3306 1264 3362 sufficit,
1275 3321 1318 3356 nac

248 3373 346 3431 gaudio.
378 3368 687 3429 Phuesicetmfra2,70.
722 3375 726 3384 “
774 3370 1318 3433 ὐθοωεαῐίορνίωρενιοηίανε,ιιιαρυᾱ1ιί.

281 3439 366 3485 Julius
377 3433 516 3497 Martialis]
540 3433 617 3498 Ryclr.
628 3433 766 3497 suspicatur,
800 3433 864 3481 rium
883 3442 918 3482 est
927 3436 970 3493 27,
985 3436 1023 3481 10.
1033 3434 1130 3498 requirit
1148 3449 1236 3493 sfflsus,
1253 3436 1317 3498 quod

250 3517 305 3552 eum
319 3500 416 3560 essa,ad
433 3501 499 3562 cujus
512 3498 676 3549 bibliothecam
691 3505 768 3546 exstat
799 3506 858 3545 esset
869 3506 1023 3560 prasentare.
1039 3499 1112 3546 Eun.
1147 3499 1179 3547 V.
1194 3506 1217 3546 et
1231 3499 1256 3557 6,
1275 3503 1316 3548 20.

248 3568 393 3630 epigramma
403 3564 521 3613 Martialis
532 3565 557 3621 7,
570 3564 610 3610 16.
798 3561 830 3609 Bi
847 3564 993 3627 .praeferunt
1005 3566 1155 3625 protestari.
1180 3562 1242 3610 Mox
1254 3563 1315 3628 Agr.

281 3633 411 3692 Fatigabat
419 3628 493 3692 Deos]
510 3629 563 3678 sal.
574 3627 632 3674 dum
644 3625 713 3674 aliam
725 3642 764 3674 su·
797 3579 848 3675 cod
860 3635 974 3676 enecatos.

248 3691 765 3760 peruiamvictimamcadijubeusinndem
831 3693 902 3754 Refp.
914 3691 984 3758 soto]
1009 3692 1067 3740 MS.
1078 3693 1143 3741 Flcr.
1155 3693 1217 3755 Agr.
1228 3691 1314 3755 (Bud.)

249 3761 316 3808 litare
332 3767 416 3822 posset.
448 3759 511 3807 Mox
522 3757 657 3822 ssrmfdim
674 3757 764 3805 aFIor.
791 3756 893 3818 fatum
911 3757 981 3804 etiam
996 3757 1075 3805 Guelf.
1091 3757 1133 3805 sad
1148 3773 1163 3804 a
1183 3773 1255 3805 manu
1272 3774 1317 3806 sce.

249 3823 322 3873 edidit
342 3823 369 3871 J.
387 3822 489 3870 Gronov.
528 3820 662 3884 Vulgatum
683 3836 764 3869 verum
798 3820 881 3885 adpo
897 3821 1250 3870 Fatoruumesoelatinitatis
1258 3823 1317 3870 ratio

249 3898 315 3952 puto,
335 3887 399 3950 quod
415 3886 439 3934 in
458 3887 568 3934 omnibus
588 3884 669 3948 reperi.
680 3886 765 3935 *Eam
797 3884 891 3934 indicat.
902 3885 977 3934 Enu-
990 3886 1123 3935 consensus
1133 3887 1239 3935 codicum
1249 3888 1317 3947 jubet

249 3953 312 4002 Bud.
318 3966 411 4016 quoque
413 3953 583 4013 formidinem,
590 3957 658 3998 recte.
666 3948 766 4000 turon.
796 3950 877 4012 reponi
880 3950 978 4013 fotum,
989 3958 1017 3998 ut
1024 3950 1098 3999 fecere
1104 3951 1228 4014 Bip.bono
1238 3965 1316 4010 sensu,

248 4033 297 4128 prpl
304 4016 391 4128 matilosne
402 4015 483 4126 epistt,
495 4015 558 4079 quod
574 4015 640 4090 nulls
650 4015 708 4126 dpm
717 4015 765 4128 {ord
797 4013 971 4126 sidirsetipctione
978 4023 1057 4064 textus
1065 4018 1168 4078 juretur.
1180 4014 1317 4079 Ryck.sato

248 4097 313 4130 mro
364 4095 432 4138 nen,
460 4095 587 4142 uaeaugen
600 4094 684 4141 posse.
736 4096 748 4128 e
797 4092 845 4141 prae

249 4161 331 4195 rumor
341 4145 361 4192 is
371 4096 465 4192 adlatrih
479 4144 580 4193 excitare
589 4151 679 4191 metum
695 4144 765 4192 debe·
835 4147 868 4192 Ut
884 4146 934 4205 qui,
946 4145 1058 4192 adoerm
1075 4159 1113 4192 m
1128 4149 1247 4206 rapertus,
1262 4158 1317 4192 cum

249 4215 296 4262 bat
313 4209 368 4272 Bip.
379 4216 493 4257 tamense
510 4207 682 4257 uunturGrou.
798 4211 903 4256 maxime
921 4210 1011 4256 discam
1029 4208 1085 4271 etc]
1109 4209 1230 4256 Adversas
1250 4224 1317 4255 rese

284 4275 383 4324 Testari
394 4225 513 4338 animumh
531 4271 598 4319 Libri
608 4271 655 4318 fere
663 4281 765 4335 =portcn-
798 4273 854 4320 I·'lor
873 4272 944 4321 edidit
956 4273 1068 4336 Ryclrius.
1101 4275 1225 4321 Adversas
1242 4282 1264 4321 et
1368 4297 1370 4301 ν

248 4344 312 4390 turi.-
330 4355 359 4389 ex
376 4353 423 4402 quo
439 4355 490 4402 ego,
506 4337 654 4401 praetentari.
688 4340 764 4386 Inus,
798 4339 886 4386 cusam
902 4336 1317 4401 (estiuBud.)fuitetinGuelf.a
