3059 4975
245 217 306 292 coo
411 163 416 175 ⁸
534 217 566 272 o.
588 213 824 276 oonnntms
845 217 1021 278 'ricinos

248 376 414 442 Germanis
434 397 475 440 sn
499 377 647 443 Sarmatis
668 378 851 457 adscribam,
870 379 1001 454 dubito3
1024 401 1215 466 quemquam
1230 383 1315 449 Peu-

244 462 317 539 cini,
340 485 420 547 quos
449 461 577 548 quidam
600 465 769 528 Bastarnas
791 478 913 542 vocant,
928 488 1079 543 sermone,
1103 465 1202 544 cultu,
1226 467 1309 543 sede,

242 569 279 611 ec
301 545 473 624 domiciliis,
490 561 526 610 ut
547 547 707 626 Germani,
722 561 840 634 egunt:
864 549 969 612 sordes
990 549 1128 614 omnium
1149 575 1186 615 ac
1206 565 1314 637 torpor

244 653 429 718 procerum:
460 631 622 696 connubiis
639 631 755 710 mixtis,
776 632 917 696 nonnihil
935 634 968 696 in
991 635 1201 698 Sarmatarum
1223 635 1312 699 habi-

244 729 312 780 tum
325 715 494 780 fedantur.
532 715 650 780 Venedi
663 716 801 780 multum
815 740 855 781 ex
868 718 1008 782 moribus
1021 733 1192 784 traxerunt.
1224 721 1308 784 Nam

242 800 394 888 quicquid
422 802 501 864 inter
528 800 682 865 Peucinos
710 803 896 888 Fennosque
921 801 1069 870 silvarum
1092 827 1128 866 ac
1154 805 1307 869 montium

242 885 383 973 erigitur,
405 883 573 948 latrociniis
589 900 770 982 pererrant:
792 887 826 950 hi
847 901 951 950 tamen
966 887 1049 952 inter
1066 888 1238 954 Germanos
1251 911 1308 978 po

241 969 304 1034 tius
332 969 520 1048 referuntur,
543 985 618 1055 qum
638 983 670 1034 et
697 970 807 1035 domos
827 972 951 1058 fingunt
972 985 1004 1036 et
1025 988 1113 1038 scuta
1130 985 1255 1058 gestam
1276 985 1307 1037 ct

304 1076 358 1118 um
387 1077 447 1119 usu
482 1077 518 1118 nc
545 1054 726 1140 pernicitate
754 1056 914 1143 gaudent,
948 1080 1021 1144 quae
1052 1056 1158 1123 omnia
1185 1057 1309 1124 diversa

353 1137 391 1203 tis
411 1151 494 1217 sunt,
509 1139 541 1202 in
560 1139 700 1225 plaustro
714 1164 858 1228 equoque
872 1142 1055 1207 viventibus.
1100 1142 1216 1206 Fennis
1229 1141 1308 1208 mira

240 1223 358 1303 feritas,
384 1221 469 1288 foeda
535 1237 678 1310 opertas:
709 1249 772 1290 non
796 1249 893 1304 mma,
918 1249 982 1291 non
1006 1227 1090 1312 equi,
1113 1248 1176 1291 non
1202 1229 1303 1293 Pene-

242 1323 306 1376 tes:
330 1308 425 1374 victui
444 1247 551 1388 herbis,
571 1310 696 1374 vestitui
716 1311 823 1396 pelles,
843 1311 944 1376 cubile
960 1312 1094 1375 humus:
1123 1311 1240 1375 soloin
1259 1335 1307 1374 su.

239 1393 328 1483 ginis
354 1417 434 1480 spes,
460 1417 547 1478 quos,
576 1393 680 1481 inopie
700 1395 786 1472 ferri,
806 1396 928 1460 ossibus
948 1408 1100 1482 asperent.
1152 1395 1306 1480 Idemque

243 1492 373 1544 venatus
396 1479 478 1541 viros
503 1477 677 1564 pariterue
699 1479 830 1544 feminas
852 1480 918 1545 alit.
961 1480 1081 1545 Passim
1105 1479 1187 1544 enim
1211 1480 1307 1544 comi-

240 1577 357 1641 tantur,
372 1576 557 1650 partemque
579 1565 695 1649 praedae
716 1578 837 1652 petunt.
882 1567 950 1630 Nec
970 1565 1057 1630 aliud
1076 1564 1247 1630 infantibus
1259 1565 1304 1628 fe-

239 1671 344 1714 rorum
365 1645 575 1734 imbriumque
596 1649 779 1737 suffugium,
792 1674 893 1737 quom
914 1650 1004 1714 utin
1025 1649 1131 1736 aliquo
1146 1671 1302 1712 ramorum

236 1757 320 1798 nexu
334 1746 558 1819 conteguntur:
580 1734 643 1800 huc
665 1735 796 1800 redeunt
809 1738 952 1821 juvenes,
966 1735 1025 1800 boc
1045 1757 1154 1799 senum
1167 1745 1302 1819 recepta,

238 1818 352 1882 culum.
374 1883 377 1890 ,
397 1816 459 1882 Sed
476 1817 597 1884 beatius
617 1820 819 1898 arbitrentur,
856 1844 930 1886 uam
947 1821 1104 1906 ingemere
1116 1818 1210 1906 agris,
1224 1817 1302 1880 inin-⁴

238 1903 348 1968 borere
369 1902 523 1981 domibus,
546 1926 617 1968 suas
639 1903 816 1992 alienasque
834 1844 978 1970 lonunas
999 1925 1054 1992 spe
1073 1918 1223 1990 metuque
1235 1900 1303 1966 verss

239 2153 272 2202 sie
294 2151 422 2201 consmnter
445 2153 501 2202 MS
522 2153 602 2204 Turio.
624 2153 670 2202 Ed.
693 2154 754 2218 Spir.
787 2170 849 2214 cum,
873 2155 962 2203 hebent
977 2157 1096 2216 fingunte
1122 2153 1185 2217 quod
1204 2153 1302 2201 restitui.

239 2219 379 2266 Femineum
393 2225 518 2281 cenreqne
533 2228 586 2268 mite
598 2219 674 2266 Rben.
710 2219 755 2266 llle
786 2221 899 2280 Fingent
914 2221 973 2267 oedcr
989 2219 1015 2266 bi
1025 2219 1136 2282 populie
1151 2219 1201 2265 luto
1212 2218 1302 2273 scilicet,

238 2283 754 2344 temenmochnnorquc,etFennis,utcd.
787 2289 815 2330 nt
845 2282 924 2330 rustici
947 2283 1034 2341 nostri;
1065 2298 1118 2330 cum
1142 2282 1253 2329 Sermctae
1277 2282 1303 2328 in

239 2345 331 2394 Puteol.
364 2343 454 2393 Fennis
476 2347 545 2396 etiem
567 2345 682 2396 Beroaldi.
719 2347 755 2394 At
786 2345 894 2410 plaustris
904 2346 1059 2408 tigantvehen
1086 2362 1121 2400 ue.
1133 2345 1241 2409 equibus
1251 2344 1303 2392 illos

238 2410 317 2472 Rheg.
336 2417 464 2458 constanter
474 2413 569 2459 Femior
583 2411 660 2458 hebet
678 2411 752 2460 ΕΜ.
787 2411 884 2473 populos
902 2411 946 2458 hoc
964 2411 1057 2458 nomine
1091 2410 1158 2457 iserte
1174 2408 1302 2470 dnonguit.

238 2473 287 2525 Ed.
297 2475 368 2523 Rom.
378 2474 447 2523 etism
458 2476 603 2525 Fennorum.
787 2474 826 2523 Sic
837 2491 873 2539 ep.
886 2474 956 2524 Ovid.
969 2476 1031 2523 Fest
1044 2477 1067 2533 l,
1081 2475 1134 2521 lstt
1147 2471 1247 2521 hirundo
1258 2474 1302 2521 sub

272 2541 403 2587 Procerum
418 2542 536 2587 connubiis
547 2540 643 2604 miens]
658 2538 754 2588 libens·
787 2541 852 2588 tmbe
861 2528 921 2587 celsi
932 2543 1021 2587 luteum
1027 2540 1109 2604 fingit
1122 2553 1185 2601 opu,
1196 2537 1302 2583 omnino-

237 2602 755 2715 titiiitt'tlittt‘itltntti·
786 2606 996 2715 ilussfflj'lllgffi
1011 2602 1152 2713 griffi
1167 2601 1302 2724 ffiffill

239 2733 284 2779 bus
294 2729 441 2788 Althemeto,
453 2728 555 2778 Mureto.
583 2730 655 2791 Quod
663 2740 686 2779 et
695 2732 755 2779 mibi
787 2746 890 2793 recepere
901 2730 962 2777 Lali.
971 2699 1037 2777 Broc]
1048 2729 1103 2792 Bip.

237 2796 320 2860 placet.
354 2793 435 2853 Quare
445 2792 507 2841 enim
520 2794 579 2842 inter
590 2810 692 2859 proceres
703 2804 754 2842 ten-
820 2797 933 2843 Peditum
947 2811 994 2842 usu
1011 2792 1066 2854 eto]
1090 2795 1204 2841 Peditum
1222 2805 1301 2839 omnes

237 2856 771 2985 ufic
787 2855 1302 2985 munere

237 2985 390 3036 locutusest?
406 2986 529 3049 legendnm
548 2987 624 3049 potius
638 2939 716 3042 tilieti,
727 2996 754 3035 ut
787 2940 943 3040 netum'elibi
959 2986 983 3032 in
997 2984 1117 3032 besvenit.
1149 2984 1201 3031 Nec
1211 2981 1301 3040 dubito,

238 3052 334 3100 Colcrus
358 3050 438 3097 voluit.
479 3050 539 3098 God.
566 3050 644 3115 Kapp.
665 3052 694 3115 (s.
717 3050 752 3099 ed.
787 3066 866 3098 rerem
879 3066 927 3098 etse
940 3048 1116 3097 correctionem:
1133 3046 1181 3106 sed,
1196 3046 1252 3110 quie
1266 3053 1301 3092 te-

236 3116 309 3176 Nor.)
316 3116 404 3168 rumor,
412 3123 435 3161 ct
443 3124 496 3162 ente
506 3117 662 3176 omniumque.
681 3114 752 3163 Eun.
786 3129 840 3162 men
852 3123 875 3162 et
885 3114 957 3161 altem
967 3121 1085 3175 utcunque
1097 3110 1150 3159 ferri
1158 3119 1183 3158 et
1193 3108 1302 3172 explicari

237 3178 450 3229 Mictcretiemed.
463 3179 753 3227 Romsedomniumabs·
786 3187 869 3240 potest,
892 3193 942 3225 enm
967 3176 1042 3239 potius
1063 3174 1225 3233 exhibendam,
1242 3173 1301 3220 altc-

395 3304 754 3357 Μ,
786 3241 1063 3367 emme,
1056 3236 1290 3365 menn

236 3320 372 3421 dentibnnrg
386 3370 482 3418 testimo
498 3322 640 3419 locidglere
656 3323 686 3418 ul
697 3371 753 3433 Bip.
786 3378 859 3428 mun,
877 3369 918 3416 ced
935 3320 1036 3417 bompct
1053 3382 1116 3426 rere,
1139 3363 1301 3427 opponendum

238 3445 319 3499 torpor
325 3449 453 3497 procerum
460 3434 752 3499 opponiturrordibusom·
787 3433 871 3482 oensui.
886 3432 957 3480 Eum.
990 3432 1083 3480 Pedum
1099 3430 1194 3477 omnino
1211 3427 1300 3476 rectius,

237 3505 314 3550 nium.
348 3500 387 3548 It'u
404 3500 455 3560 jem
471 3499 600 3547 Acidalius.
641 3501 676 3549 Ut
690 3499 754 3562 leges
787 3494 1108 3545 RestituoeumbnliBrot
1117 3493 1173 3556 Bip.
1266 3555 1271 3565 Ι

237 3568 309 3614 minti
327 3579 381 3613 cnm
399 3564 481 3611 Uolero
500 3571 523 3611 et
538 3563 597 3623 eliis,
612 3578 659 3612 non
678 3577 753 3626 opus;
822 3563 879 3619 Quoe
890 3562 968 3608 omnio
984 3561 1076 3607 dicem
1091 3555 1222 3623 Samum]
1239 3554 1301 3605 Vide

236 3646 316 3679 sensus
326 3628 396 3677 idem
419 3627 517 3677 Crusius
527 3628 551 3676 in
563 3628 633 3676 Prob.
645 3628 754 3691 erinper-
787 3624 821 3673 Η.
833 3627 854 3678 1.
862 3625 902 3679 79.

238 3695 514 3819 Ψὸωωζέᾱὶἑῖιῗῦνὲίο
523 3770 551 3804 cx
563 3756 620 3804 meis
630 3755 695 3803 libris
705 3756 753 3819 pri.
788 3680 1301 3816 Nicandititegdpuidldffiobcpidldirtlldbi)

238 3840 284 3873 nte
295 3821 370 3885 Lipsii
384 3820 435 3869 edd.
470 3820 516 3869 Sed
526 3820 551 3867 id
561 3829 595 3867 cst
605 3820 688 3867 vitium
698 3836 754 3882 ope-
787 3818 845 3865 Post
855 3819 894 3865 red
904 3826 958 3864 vett
969 3816 1020 3863 edd.
1053 3813 1181 3862 Rhenanm
1191 3826 1213 3858 e.
1229 3810 1299 3858 lost

236 3902 324 3945 rurum,
342 3884 405 3948 quod
421 3884 468 3933 fuit
487 3885 513 3933 in
534 3883 633 3932 editione
648 3884 752 3947 ignobili,
786 3896 816 3929 ex
833 3880 926 3945 ingenio
941 3879 1039 3929 conexit
1055 3880 1098 3934 td,·
1117 3878 1175 3925 bene
1192 3875 1300 3949 fortene:

237 3954 304 4015 cujus
320 3948 454 4011 exemplum
467 3948 562 4011 Iripsiue
573 3948 755 3996 accommodavit
787 3946 827 3994 ced
837 3943 897 3993 illud
911 3958 1004 4007 quoque
1013 3945 1111 3999 bonnm
1123 3955 1165 3987 nec
1180 3937 1209 3986 de
1225 3952 1302 4012 conje-

236 4016 313 4082 prelis
324 4011 538 4078 typographorum
556 4020 579 4061 et
594 4020 671 4060 temen
686 4011 712 4059 id
723 4015 753 4061 ab
786 4022 852 4057 omre
869 4008 1005 4057 tollendum.
1038 4007 1108 4053 Forte
1126 4002 1172 4051 fuit
1190 4018 1205 4049 e
1218 4001 1301 4076 {Pomm

237 4080 346 4131 omnibus
361 4092 401 4141 seq
417 4109 424 4122 .
442 4074 567 4124 editoribus
584 4076 660 4124 Taciti
678 4092 754 4125 mvs-
785 4074 867 4121 rediri
893 4072 940 4121 Sed
950 4074 975 4119 rb
986 4073 1012 4119 ni
1023 4068 1144 4119 commode
1153 4066 1303 4128 intelbgrpo·

237 4154 290 4194 tum
317 4150 366 4191 este
401 4093 498 4189 domm
526 4140 596 4187 etiem
622 4156 652 4188 ex
668 4140 752 4189 licerit.
786 4138 919 4187 menan.
936 4133 1122 4185 nonomine.
1147 4129 1303 4180 mancum

237 4208 300 4257 Edd.
315 4214 401 4255 veteres
415 4204 451 4259 tin
464 4204 501 4252 his
518 4202 589 4250 Rom
607 4212 630 4251 et
646 4204 717 4263 Nor.)
731 4212 754 4253 et
786 4201 846 4251 Nor.
856 4202 911 4251 Sed.

237 4274 305 4321 bone
315 4278 369 4319 ente
380 4268 487 4332 Lindum
498 4281 586 4326 omnes,
598 4268 683 4344 quibus
699 4284 754 4317 usus
