<?xml version="1.0" encoding="UTF-8"?>
<!DOCTYPE html PUBLIC "-//W3C//DTD XHTML 1.0 Transitional//EN"
    "http://www.w3.org/TR/xhtml1/DTD/xhtml1-transitional.dtd">
<html xmlns="http://www.w3.org/1999/xhtml" xml:lang="en" lang="en">
 <head>
  <title>
</title>
<meta http-equiv="Content-Type" content="text/html;charset=utf-8" />
  <meta name='ocr-system' content='tesseract 3.04.00' />
  <meta name='ocr-capabilities' content='ocr_page ocr_carea ocr_par ocr_line ocrx_word'/>
</head>
<body>
  <div class='ocr_page' id='page_1' title='image "./ccorneliitaciti00grongoog/ccorneliitaciti00grongoog_0209.png"; bbox 0 0 3059 4975; ppageno 0'>
   <div class='ocr_carea' id='block_1_1' title="bbox 271 306 1335 384">
    <p class='ocr_par' dir='ltr' id='par_1_1' title="bbox 271 306 1335 384">
     <span class='ocr_line' id='line_1_1' title="bbox 271 306 1335 384; baseline 0 -15"><span class='ocrx_word' id='word_1_1' title='bbox 271 330 300 371; x_wconf 78' lang='lat' dir='ltr'>A.</span> <span class='ocrx_word' id='word_1_2' title='bbox 311 328 339 374; x_wconf 81' lang='lat' dir='ltr'>c.</span> <span class='ocrx_word' id='word_1_3' title='bbox 351 310 438 384; x_wconf 75' lang='grc'><strong>11]·</strong></span> <span class='ocrx_word' id='word_1_4' title='bbox 641 306 719 367; x_wconf 82' lang='lat' dir='ltr'>nm.</span> <span class='ocrx_word' id='word_1_5' title='bbox 742 306 801 369; x_wconf 88' lang='lat'>111.</span> <span class='ocrx_word' id='word_1_6' title='bbox 823 307 915 368; x_wconf 79' lang='lat' dir='ltr'>car.</span> <span class='ocrx_word' id='word_1_7' title='bbox 936 309 984 367; x_wconf 82' lang='lat' dir='ltr'>so.</span> <span class='ocrx_word' id='word_1_8' title='bbox 1277 314 1335 376; x_wconf 82' lang='lat' dir='ltr'>eos</span> 
     </span>
    </p>
   </div>
   <div class='ocr_carea' id='block_1_2' title="bbox 197 470 1431 1331">
    <p class='ocr_par' dir='ltr' id='par_1_2' title="bbox 270 470 1431 989">
     <span class='ocr_line' id='line_1_2' title="bbox 272 470 1336 560; baseline -0.001 -22"><span class='ocrx_word' id='word_1_9' title='bbox 272 496 344 540; x_wconf 87' lang='lat' dir='ltr'>rum</span> <span class='ocrx_word' id='word_1_10' title='bbox 359 471 585 541; x_wconf 86' lang='lat' dir='ltr'>Centurionum</span> <span class='ocrx_word' id='word_1_11' title='bbox 606 470 728 537; x_wconf 87' lang='lat' dir='ltr'>ordines</span> <span class='ocrx_word' id='word_1_12' title='bbox 747 471 921 557; x_wconf 83' lang='lat' dir='ltr'>legionibus</span> <span class='ocrx_word' id='word_1_13' title='bbox 939 470 1105 544; x_wconf 74' lang='lat' dir='ltr'>offerebat:</span> <span class='ocrx_word' id='word_1_14' title='bbox 1129 495 1167 537; x_wconf 88' lang='lat' dir='ltr'>eo</span> <span class='ocrx_word' id='word_1_15' title='bbox 1186 473 1336 560; x_wconf 82' lang='lat' dir='ltr'>suffragio</span> 
     </span>
     <span class='ocr_line' id='line_1_3' title="bbox 272 556 1431 657; baseline -0.001 -34"><span class='ocrx_word' id='word_1_16' title='bbox 272 558 499 623; x_wconf 91' lang='lat' dir='ltr'>turbidissimus</span> <span class='ocrx_word' id='word_1_17' title='bbox 520 557 652 657; x_wconf 84' lang='lat' dir='ltr'>quisque</span> <span class='ocrx_word' id='word_1_18' title='bbox 666 556 794 621; x_wconf 89' lang='lat' dir='ltr'>delecti:</span> <span class='ocrx_word' id='word_1_19' title='bbox 817 579 874 645; x_wconf 84' lang='lat' dir='ltr'>nec</span> <span class='ocrx_word' id='word_1_20' title='bbox 891 556 1034 623; x_wconf 62' lang='lat' dir='ltr'>miles‘in</span> <span class='ocrx_word' id='word_1_21' title='bbox 1049 556 1180 622; x_wconf 86' lang='lat' dir='ltr'>arbitrio</span> <span class='ocrx_word' id='word_1_22' title='bbox 1194 558 1339 640; x_wconf 62' lang='lat' dir='ltr'>Ducum,</span> <span class='ocrx_word' id='word_1_23' title='bbox 1429 625 1431 629; x_wconf 68' lang='lat'>,</span> 
     </span>
     <span class='ocr_line' id='line_1_4' title="bbox 272 641 1336 727; baseline 0.001 -18"><span class='ocrx_word' id='word_1_24' title='bbox 272 645 326 709; x_wconf 91' lang='lat' dir='ltr'>sed</span> <span class='ocrx_word' id='word_1_25' title='bbox 348 644 456 715; x_wconf 87' lang='lat' dir='ltr'>Duces</span> <span class='ocrx_word' id='word_1_26' title='bbox 477 642 603 712; x_wconf 87' lang='lat' dir='ltr'>mihtari</span> <span class='ocrx_word' id='word_1_27' title='bbox 623 641 770 716; x_wconf 82' lang='lat' dir='ltr'>violentia</span> <span class='ocrx_word' id='word_1_28' title='bbox 792 642 1010 715; x_wconf 79' lang='lat' dir='ltr'><strong>trahebantur:</strong></span> <span class='ocrx_word' id='word_1_29' title='bbox 1034 664 1108 727; x_wconf 84' lang='lat' dir='ltr'>quae</span> <span class='ocrx_word' id='word_1_30' title='bbox 1129 643 1282 723; x_wconf 85' lang='lat' dir='ltr'>seditiosa,</span> <span class='ocrx_word' id='word_1_31' title='bbox 1304 657 1336 710; x_wconf 90' lang='lat' dir='ltr'>et</span> 
     </span>
     <span class='ocr_line' id='line_1_5' title="bbox 271 727 1337 817; baseline -0.009 -20"><span class='ocrx_word' id='word_1_32' title='bbox 271 730 512 817; x_wconf 81' lang='lat' dir='ltr'>conrumpendae</span> <span class='ocrx_word' id='word_1_33' title='bbox 525 727 706 815; x_wconf 82' lang='lat' dir='ltr'>disciplinae,</span> <span class='ocrx_word' id='word_1_34' title='bbox 720 750 795 791; x_wconf 84' lang='lat' dir='ltr'>mox</span> <span class='ocrx_word' id='word_1_35' title='bbox 815 727 849 792; x_wconf 91' lang='lat' dir='ltr'>in</span> <span class='ocrx_word' id='word_1_36' title='bbox 870 727 1009 814; x_wconf 75' lang='lat' dir='ltr'>praedas</span> <span class='ocrx_word' id='word_1_37' title='bbox 1022 729 1171 807; x_wconf 84' lang='lat' dir='ltr'>vertebat,</span> <span class='ocrx_word' id='word_1_38' title='bbox 1190 730 1268 793; x_wconf 87' lang='lat' dir='ltr'><strong>nihil</strong></span> <span class='ocrx_word' id='word_1_39' title='bbox 1282 730 1337 798; x_wconf 85' lang='lat' dir='ltr'>sd.</span> 
     </span>
     <span class='ocr_line' id='line_1_6' title="bbox 270 812 1338 902; baseline -0.001 -24"><span class='ocrx_word' id='word_1_40' title='bbox 270 829 447 888; x_wconf 75' lang='lat' dir='ltr'>venientem</span> <span class='ocrx_word' id='word_1_41' title='bbox 471 814 658 884; x_wconf 89' lang='lat' dir='ltr'>Mucianum</span> <span class='ocrx_word' id='word_1_42' title='bbox 683 812 820 887; x_wconf 86' lang='lat' dir='ltr'>veritus3</span> <span class='ocrx_word' id='word_1_43' title='bbox 844 813 930 899; x_wconf 89' lang='lat' dir='ltr'>quod</span> <span class='ocrx_word' id='word_1_44' title='bbox 956 813 1116 879; x_wconf 84' lang='lat' dir='ltr'>exitiosius</span> <span class='ocrx_word' id='word_1_45' title='bbox 1141 829 1217 893; x_wconf 86' lang='lat' dir='ltr'>erat,</span> <span class='ocrx_word' id='word_1_46' title='bbox 1240 838 1338 902; x_wconf 85' lang='lat' dir='ltr'>quam</span> 
     </span>
     <span class='ocr_line' id='line_1_7' title="bbox 270 900 670 989; baseline -0.005 -22"><span class='ocrx_word' id='word_1_47' title='bbox 270 903 497 989; x_wconf 74' lang='lat' dir='ltr'>Vespasianum</span> <span class='ocrx_word' id='word_1_48' title='bbox 511 900 670 988; x_wconf 83' lang='lat' dir='ltr'>sprevisse.</span> 
     </span>
    </p>

    <p class='ocr_par' dir='ltr' id='par_1_3' title="bbox 197 982 1337 1331">
     <span class='ocr_line' id='line_1_8' title="bbox 315 982 1336 1083; baseline -0.002 -31"><span class='ocrx_word' id='word_1_49' title='bbox 315 990 354 1061; x_wconf 87' lang='lat' dir='ltr'>L.</span> <span class='ocrx_word' id='word_1_50' title='bbox 379 988 528 1059; x_wconf 77' lang='lat' dir='ltr'>Ceterum</span> <span class='ocrx_word' id='word_1_51' title='bbox 540 985 718 1083; x_wconf 88' lang='lat' dir='ltr'>propinqua</span> <span class='ocrx_word' id='word_1_52' title='bbox 727 984 838 1062; x_wconf 89' lang='lat' dir='ltr'>hieme,</span> <span class='ocrx_word' id='word_1_53' title='bbox 852 997 885 1047; x_wconf 88' lang='lat' dir='ltr'>et</span> <span class='ocrx_word' id='word_1_54' title='bbox 897 982 1100 1054; x_wconf 87' lang='lat' dir='ltr'>humentibus</span> <span class='ocrx_word' id='word_1_55' title='bbox 1110 984 1199 1049; x_wconf 90' lang='lat' dir='ltr'>Pado</span> <span class='ocrx_word' id='word_1_56' title='bbox 1208 988 1336 1075; x_wconf 87' lang='lat' dir='ltr'>campis,</span> 
     </span>
     <span class='ocr_line' id='line_1_9' title="bbox 197 1068 1336 1160; baseline -0.004 -23"><span class='ocrx_word' id='word_1_57' title='bbox 197 1072 199 1077; x_wconf 77' lang='grc'><strong>’</strong></span> <span class='ocrx_word' id='word_1_58' title='bbox 271 1073 452 1160; x_wconf 87' lang='lat' dir='ltr'>expeditum</span> <span class='ocrx_word' id='word_1_59' title='bbox 470 1094 582 1159; x_wconf 79' lang='lat' dir='ltr'>agmen</span> <span class='ocrx_word' id='word_1_60' title='bbox 603 1070 753 1135; x_wconf 84' lang='lat' dir='ltr'>rncedcre.</span> <span class='ocrx_word' id='word_1_61' title='bbox 798 1069 896 1155; x_wconf 86' lang='lat' dir='ltr'>Signa</span> <span class='ocrx_word' id='word_1_62' title='bbox 908 1068 1085 1155; x_wconf 71' lang='lat' dir='ltr'>aquilaeque</span> <span class='ocrx_word' id='word_1_63' title='bbox 1098 1070 1271 1137; x_wconf 87' lang='lat' dir='ltr'>victricium</span> <span class='ocrx_word' id='word_1_64' title='bbox 1293 1074 1336 1137; x_wconf 81' lang='lat' dir='ltr'>le.</span> 
     </span>
     <span class='ocr_line' id='line_1_10' title="bbox 270 1154 1337 1257; baseline -0.001 -35"><span class='ocrx_word' id='word_1_65' title='bbox 270 1159 411 1257; x_wconf 79' lang='lat' dir='ltr'>gionum,</span> <span class='ocrx_word' id='word_1_66' title='bbox 432 1158 544 1224; x_wconf 83' lang='lat' dir='ltr'>milites</span> <span class='ocrx_word' id='word_1_67' title='bbox 557 1156 739 1223; x_wconf 89' lang='lat' dir='ltr'>vulneribus</span> <span class='ocrx_word' id='word_1_68' title='bbox 759 1168 815 1219; x_wconf 89' lang='lat' dir='ltr'>aut</span> <span class='ocrx_word' id='word_1_69' title='bbox 836 1168 927 1219; x_wconf 84' lang='lat' dir='ltr'>aetate</span> <span class='ocrx_word' id='word_1_70' title='bbox 947 1178 1068 1241; x_wconf 85' lang='lat' dir='ltr'>graves,</span> <span class='ocrx_word' id='word_1_71' title='bbox 1087 1154 1230 1241; x_wconf 84' lang='lat' dir='ltr'>plerique</span> <span class='ocrx_word' id='word_1_72' title='bbox 1242 1158 1337 1230; x_wconf 83' lang='lat' dir='ltr'>etiam</span> 
     </span>
     <span class='ocr_line' id='line_1_11' title="bbox 270 1240 1337 1331; baseline -0.001 -21"><span class='ocrx_word' id='word_1_73' title='bbox 270 1246 392 1331; x_wconf 78' lang='lat' dir='ltr'>integri,</span> <span class='ocrx_word' id='word_1_74' title='bbox 413 1244 548 1315; x_wconf 88' lang='lat' dir='ltr'>Veronae</span> <span class='ocrx_word' id='word_1_75' title='bbox 568 1242 684 1308; x_wconf 87' lang='lat' dir='ltr'>relicti:</span> <span class='ocrx_word' id='word_1_76' title='bbox 719 1240 859 1305; x_wconf 87' lang='lat' dir='ltr'>sufficere</span> <span class='ocrx_word' id='word_1_77' title='bbox 879 1240 1020 1305; x_wconf 85' lang='lat' dir='ltr'>cobortes</span> <span class='ocrx_word' id='word_1_78' title='bbox 1044 1240 1176 1327; x_wconf 87' lang='lat' dir='ltr'>alaeque,</span> <span class='ocrx_word' id='word_1_79' title='bbox 1199 1254 1230 1306; x_wconf 94' lang='lat' dir='ltr'>et</span> <span class='ocrx_word' id='word_1_80' title='bbox 1251 1267 1269 1307; x_wconf 89' lang='lat' dir='ltr'>e</span> <span class='ocrx_word' id='word_1_81' title='bbox 1293 1244 1337 1309; x_wconf 68' lang='lat' dir='ltr'>le·</span> 
     </span>
    </p>
   </div>
   <div class='ocr_carea' id='block_1_3' title="bbox 269 1324 1339 2443">
    <p class='ocr_par' dir='ltr' id='par_1_4' title="bbox 269 1324 1339 2443">
     <span class='ocr_line' id='line_1_12' title="bbox 303 1324 1338 1416; baseline 0.002 -23"><span class='ocrx_word' id='word_1_82' title='bbox 303 1331 415 1395; x_wconf 91' lang='lat' dir='ltr'>onibus</span> <span class='ocrx_word' id='word_1_83' title='bbox 437 1329 518 1408; x_wconf 88' lang='lat' dir='ltr'>lecti,</span> <span class='ocrx_word' id='word_1_84' title='bbox 541 1328 707 1416; x_wconf 87' lang='lat' dir='ltr'>profligato</span> <span class='ocrx_word' id='word_1_85' title='bbox 725 1328 793 1415; x_wconf 84' lang='lat' dir='ltr'>jam</span> <span class='ocrx_word' id='word_1_86' title='bbox 815 1324 906 1403; x_wconf 83' lang='lat' dir='ltr'>belle,</span> <span class='ocrx_word' id='word_1_87' title='bbox 921 1326 1117 1393; x_wconf 86' lang='lat' dir='ltr'>videbantur.</span> <span class='ocrx_word' id='word_1_88' title='bbox 1162 1327 1338 1396; x_wconf 80' lang='lat' dir='ltr'>Undecima</span> 
     </span>
     <span class='ocr_line' id='line_1_13' title="bbox 269 1353 1335 1502; baseline -0.002 -21"><span class='ocrx_word' id='word_1_89' title='bbox 269 1353 351 1502; x_wconf 54' lang='lat' dir='ltr'>{igin</span> <span class='ocrx_word' id='word_1_90' title='bbox 371 1438 435 1481; x_wconf 85' lang='lat' dir='ltr'>sese</span> <span class='ocrx_word' id='word_1_91' title='bbox 454 1415 652 1501; x_wconf 81' lang='lat' dir='ltr'>adjunxerat,</span> <span class='ocrx_word' id='word_1_92' title='bbox 673 1413 763 1479; x_wconf 90' lang='lat' dir='ltr'>initio</span> <span class='ocrx_word' id='word_1_93' title='bbox 777 1424 941 1485; x_wconf 88' lang='lat' dir='ltr'>cunctata;</span> <span class='ocrx_word' id='word_1_94' title='bbox 965 1412 1031 1489; x_wconf 91' lang='lat' dir='ltr'>sed,</span> <span class='ocrx_word' id='word_1_95' title='bbox 1052 1412 1209 1499; x_wconf 84' lang='lat' dir='ltr'>prosperis</span> <span class='ocrx_word' id='word_1_96' title='bbox 1230 1415 1335 1494; x_wconf 86' lang='lat' dir='ltr'>rebus,</span> 
     </span>
     <span class='ocr_line' id='line_1_14' title="bbox 271 1496 1338 1588; baseline 0 -23"><span class='ocrx_word' id='word_1_97' title='bbox 271 1502 375 1579; x_wconf 77' lang='lat' dir='ltr'>anxia,</span> <span class='ocrx_word' id='word_1_98' title='bbox 397 1500 485 1588; x_wconf 88' lang='lat' dir='ltr'>quod</span> <span class='ocrx_word' id='word_1_99' title='bbox 505 1500 663 1566; x_wconf 86' lang='lat' dir='ltr'>defuisset.</span> <span class='ocrx_word' id='word_1_100' title='bbox 709 1501 770 1564; x_wconf 87' lang='lat' dir='ltr'>Sex</span> <span class='ocrx_word' id='word_1_101' title='bbox 794 1496 891 1561; x_wconf 90' lang='lat' dir='ltr'>millia</span> <span class='ocrx_word' id='word_1_102' title='bbox 906 1496 1136 1577; x_wconf 79' lang='lat' dir='ltr'>Dalmatarum,</span> <span class='ocrx_word' id='word_1_103' title='bbox 1159 1522 1265 1563; x_wconf 86' lang='lat' dir='ltr'>recens</span> <span class='ocrx_word' id='word_1_104' title='bbox 1282 1500 1338 1565; x_wconf 73' lang='lat' dir='ltr'>de-</span> 
     </span>
     <span class='ocr_line' id='line_1_15' title="bbox 270 1582 1335 1669; baseline 0 -21"><span class='ocrx_word' id='word_1_105' title='bbox 270 1585 378 1665; x_wconf 90' lang='lat' dir='ltr'>lectus,</span> <span class='ocrx_word' id='word_1_106' title='bbox 389 1586 623 1652; x_wconf 82' lang='lat' dir='ltr'>comitabantur.</span> <span class='ocrx_word' id='word_1_107' title='bbox 637 1585 793 1652; x_wconf 78' lang='lat' dir='ltr'>&#39;Ducebat</span> <span class='ocrx_word' id='word_1_108' title='bbox 803 1584 960 1669; x_wconf 81' lang='lat' dir='ltr'>Poppaeus</span> <span class='ocrx_word' id='word_1_109' title='bbox 972 1582 1125 1661; x_wconf 88' lang='lat' dir='ltr'>Silvanus,</span> <span class='ocrx_word' id='word_1_110' title='bbox 1138 1585 1335 1654; x_wconf 71' lang='lat' dir='ltr'>Considarise</span> 
     </span>
     <span class='ocr_line' id='line_1_16' title="bbox 271 1667 1338 1758; baseline 0.002 -23"><span class='ocrx_word' id='word_1_111' title='bbox 271 1671 319 1737; x_wconf 88' lang='lat' dir='ltr'>vis</span> <span class='ocrx_word' id='word_1_112' title='bbox 332 1672 528 1737; x_wconf 89' lang='lat' dir='ltr'>consiliorum</span> <span class='ocrx_word' id='word_1_113' title='bbox 542 1695 636 1758; x_wconf 89' lang='lat' dir='ltr'>penes</span> <span class='ocrx_word' id='word_1_114' title='bbox 650 1670 795 1735; x_wconf 88' lang='lat' dir='ltr'>Annium</span> <span class='ocrx_word' id='word_1_115' title='bbox 810 1671 953 1748; x_wconf 90' lang='lat' dir='ltr'>Bassum,</span> <span class='ocrx_word' id='word_1_116' title='bbox 967 1667 1097 1754; x_wconf 86' lang='lat' dir='ltr'>legionis</span> <span class='ocrx_word' id='word_1_117' title='bbox 1112 1668 1286 1755; x_wconf 84' lang='lat' dir='ltr'>Legatum:</span> <span class='ocrx_word' id='word_1_118' title='bbox 1310 1672 1338 1739; x_wconf 89' lang='lat' dir='ltr'>is</span> 
     </span>
     <span class='ocr_line' id='line_1_17' title="bbox 273 1753 1336 1837; baseline -0.001 -17"><span class='ocrx_word' id='word_1_119' title='bbox 273 1756 444 1837; x_wconf 87' lang='lat' dir='ltr'>Silvanum,</span> <span class='ocrx_word' id='word_1_120' title='bbox 471 1757 630 1822; x_wconf 80' lang='lat' dir='ltr'>socordem</span> <span class='ocrx_word' id='word_1_121' title='bbox 657 1756 751 1835; x_wconf 92' lang='lat' dir='ltr'>bello,</span> <span class='ocrx_word' id='word_1_122' title='bbox 773 1767 806 1821; x_wconf 86' lang='lat' dir='ltr'>ot</span> <span class='ocrx_word' id='word_1_123' title='bbox 828 1755 895 1819; x_wconf 89' lang='lat' dir='ltr'>dies</span> <span class='ocrx_word' id='word_1_124' title='bbox 922 1777 1026 1822; x_wconf 87' lang='lat' dir='ltr'>rerum</span> <span class='ocrx_word' id='word_1_125' title='bbox 1048 1753 1159 1818; x_wconf 83' lang='lat' dir='ltr'>verbis.</span> <span class='ocrx_word' id='word_1_126' title='bbox 1176 1770 1336 1837; x_wconf 87' lang='lat' dir='ltr'>terentem,</span> 
     </span>
     <span class='ocr_line' id='line_1_18' title="bbox 273 1840 1335 1929; baseline -0.001 -22"><span class='ocrx_word' id='word_1_127' title='bbox 273 1843 372 1929; x_wconf 85' lang='lat' dir='ltr'>speeie</span> <span class='ocrx_word' id='word_1_128' title='bbox 392 1843 533 1929; x_wconf 88' lang='lat' dir='ltr'>obsequii</span> <span class='ocrx_word' id='word_1_129' title='bbox 556 1844 693 1929; x_wconf 86' lang='lat' dir='ltr'>regebat,</span> <span class='ocrx_word' id='word_1_130' title='bbox 718 1842 759 1905; x_wconf 89' lang='lat' dir='ltr'>ad</span> <span class='ocrx_word' id='word_1_131' title='bbox 781 1841 957 1926; x_wconf 82' lang='lat' dir='ltr'>omniaque,</span> <span class='ocrx_word' id='word_1_132' title='bbox 983 1863 1056 1927; x_wconf 86' lang='lat' dir='ltr'>quae</span> <span class='ocrx_word' id='word_1_133' title='bbox 1078 1840 1200 1925; x_wconf 87' lang='lat' dir='ltr'>agenda</span> <span class='ocrx_word' id='word_1_134' title='bbox 1222 1840 1335 1921; x_wconf 87' lang='lat' dir='ltr'>forent,</span> 
     </span>
     <span class='ocr_line' id='line_1_19' title="bbox 272 1924 1338 2013; baseline -0.006 -22"><span class='ocrx_word' id='word_1_135' title='bbox 272 1928 378 2013; x_wconf 87' lang='lat' dir='ltr'>quieta</span> <span class='ocrx_word' id='word_1_136' title='bbox 391 1947 463 1994; x_wconf 86' lang='lat' dir='ltr'>cum</span> <span class='ocrx_word' id='word_1_137' title='bbox 486 1927 640 1993; x_wconf 88' lang='lat' dir='ltr'>industria</span> <span class='ocrx_word' id='word_1_138' title='bbox 653 1926 769 1994; x_wconf 87' lang='lat' dir='ltr'>aderat.</span> <span class='ocrx_word' id='word_1_139' title='bbox 813 1925 870 1994; x_wconf 82' lang='lat' dir='ltr'>Ad</span> <span class='ocrx_word' id='word_1_140' title='bbox 883 1925 940 1995; x_wconf 73' lang='lat' dir='ltr'>has.</span> <span class='ocrx_word' id='word_1_141' title='bbox 957 1925 1072 2011; x_wconf 68' lang='lat' dir='ltr'>aptas,</span> <span class='ocrx_word' id='word_1_142' title='bbox 1087 1949 1105 1988; x_wconf 91' lang='grc'>1</span> <span class='ocrx_word' id='word_1_143' title='bbox 1123 1924 1256 1990; x_wconf 85' lang='lat' dir='ltr'>classicis</span> <span class='ocrx_word' id='word_1_144' title='bbox 1271 1927 1338 1993; x_wconf 86' lang='lat' dir='ltr'>Ra.</span> 
     </span>
     <span class='ocr_line' id='line_1_20' title="bbox 270 2010 1339 2101; baseline 0.001 -24"><span class='ocrx_word' id='word_1_145' title='bbox 270 2013 466 2091; x_wconf 80' lang='lat' dir='ltr'>venantibus,</span> <span class='ocrx_word' id='word_1_146' title='bbox 476 2011 677 2099; x_wconf 83' lang='lat' dir='ltr'>legionariam</span> <span class='ocrx_word' id='word_1_147' title='bbox 687 2010 830 2077; x_wconf 85' lang='lat' dir='ltr'>militiam</span> <span class='ocrx_word' id='word_1_148' title='bbox 839 2010 1047 2096; x_wconf 84' lang='lat' dir='ltr'>poscentibus,</span> <span class='ocrx_word' id='word_1_149' title='bbox 1059 2010 1195 2096; x_wconf 88' lang='lat' dir='ltr'>optimus</span> <span class='ocrx_word' id='word_1_150' title='bbox 1205 2012 1339 2101; x_wconf 90' lang='lat' dir='ltr'>quisque</span> 
     </span>
     <span class='ocr_line' id='line_1_21' title="bbox 272 2095 1338 2185; baseline 0 -20"><span class='ocrx_word' id='word_1_151' title='bbox 272 2099 398 2166; x_wconf 86' lang='lat' dir='ltr'>adsciti:</span> <span class='ocrx_word' id='word_1_152' title='bbox 429 2099 555 2169; x_wconf 85' lang='lat' dir='ltr'>classem</span> <span class='ocrx_word' id='word_1_153' title='bbox 571 2098 728 2165; x_wconf 85' lang='lat' dir='ltr'>Dalmatae</span> <span class='ocrx_word' id='word_1_154' title='bbox 749 2096 940 2185; x_wconf 87' lang='lat' dir='ltr'>supplevere.</span> <span class='ocrx_word' id='word_1_155' title='bbox 985 2096 1153 2161; x_wconf 86' lang='lat' dir='ltr'>Exercitus</span> <span class='ocrx_word' id='word_1_156' title='bbox 1168 2095 1338 2185; x_wconf 84' lang='lat' dir='ltr'>Ducesque</span> 
     </span>
     <span class='ocr_line' id='line_1_22' title="bbox 271 2182 1337 2264; baseline 0.002 -17"><span class='ocrx_word' id='word_1_157' title='bbox 271 2184 312 2247; x_wconf 89' lang='lat' dir='ltr'>ad</span> <span class='ocrx_word' id='word_1_158' title='bbox 327 2184 449 2249; x_wconf 85' lang='lat' dir='ltr'>Fanum</span> <span class='ocrx_word' id='word_1_159' title='bbox 464 2186 615 2249; x_wconf 87' lang='lat' dir='ltr'>Fortunae</span> <span class='ocrx_word' id='word_1_160' title='bbox 627 2186 687 2248; x_wconf 86' lang='lat' dir='ltr'>iter</span> <span class='ocrx_word' id='word_1_161' title='bbox 701 2182 824 2261; x_wconf 89' lang='lat' dir='ltr'>sistunt,</span> <span class='ocrx_word' id='word_1_162' title='bbox 839 2182 879 2246; x_wconf 93' lang='lat' dir='ltr'>de</span> <span class='ocrx_word' id='word_1_163' title='bbox 893 2204 1015 2246; x_wconf 90' lang='lat' dir='ltr'>summa</span> <span class='ocrx_word' id='word_1_164' title='bbox 1027 2204 1133 2245; x_wconf 89' lang='lat' dir='ltr'>rerum</span> <span class='ocrx_word' id='word_1_165' title='bbox 1146 2194 1337 2264; x_wconf 86' lang='lat' dir='ltr'>cunctantes,</span> 
     </span>
     <span class='ocr_line' id='line_1_23' title="bbox 271 2266 1338 2357; baseline 0.002 -24"><span class='ocrx_word' id='word_1_166' title='bbox 271 2269 368 2357; x_wconf 90' lang='lat' dir='ltr'>quod,</span> <span class='ocrx_word' id='word_1_167' title='bbox 396 2277 418 2310; x_wconf 87' lang='lat'><strong>“</strong></span> <span class='ocrx_word' id='word_1_168' title='bbox 439 2282 539 2334; x_wconf 91' lang='lat' dir='ltr'>motas</span> <span class='ocrx_word' id='word_1_169' title='bbox 563 2292 603 2333; x_wconf 86' lang='lat' dir='ltr'>ex</span> <span class='ocrx_word' id='word_1_170' title='bbox 628 2270 707 2335; x_wconf 92' lang='lat' dir='ltr'>urbe</span> <span class='ocrx_word' id='word_1_171' title='bbox 726 2268 893 2334; x_wconf 77' lang='lat' dir='ltr'>Praetorias</span> <span class='ocrx_word' id='word_1_172' title='bbox 915 2268 1086 2347; x_wconf 82' lang='lat' dir='ltr'>cohortes,”</span> <span class='ocrx_word' id='word_1_173' title='bbox 1110 2266 1283 2348; x_wconf 87' lang='lat' dir='ltr'>audierant,</span> <span class='ocrx_word' id='word_1_174' title='bbox 1305 2283 1338 2335; x_wconf 90' lang='lat' dir='ltr'>et</span> 
     </span>
     <span class='ocr_line' id='line_1_24' title="bbox 271 2345 1338 2443; baseline -0.002 -22"><span class='ocrx_word' id='word_1_175' title='bbox 271 2356 368 2421; x_wconf 88' lang='lat' dir='ltr'>teneri</span> <span class='ocrx_word' id='word_1_176' title='bbox 392 2354 543 2443; x_wconf 86' lang='lat' dir='ltr'>praesidiis</span> <span class='ocrx_word' id='word_1_177' title='bbox 562 2354 768 2441; x_wconf 89' lang='lat' dir='ltr'>Apenninum</span> <span class='ocrx_word' id='word_1_178' title='bbox 789 2355 955 2419; x_wconf 86' lang='lat' dir='ltr'>rebantur:</span> <span class='ocrx_word' id='word_1_179' title='bbox 986 2367 1019 2419; x_wconf 93' lang='lat' dir='ltr'>et</span> <span class='ocrx_word' id='word_1_180' title='bbox 1039 2345 1134 2440; x_wconf 91' lang='lat' dir='ltr'>ipsos,</span> <span class='ocrx_word' id='word_1_181' title='bbox 1157 2352 1191 2417; x_wconf 89' lang='lat' dir='ltr'>in</span> <span class='ocrx_word' id='word_1_182' title='bbox 1211 2378 1245 2418; x_wconf 91' lang='lat' dir='ltr'>re</span> <span class='ocrx_word' id='word_1_183' title='bbox 1268 2354 1338 2419; x_wconf 82' lang='lat' dir='ltr'>&#39;one</span> 
     </span>
    </p>
   </div>
   <div class='ocr_carea' id='block_1_4' title="bbox 273 2439 1336 2540">
    <p class='ocr_par' dir='ltr' id='par_1_5' title="bbox 273 2439 1336 2540">
     <span class='ocr_line' id='line_1_25' title="bbox 273 2439 1336 2540; baseline -0.003 -33"><span class='ocrx_word' id='word_1_184' title='bbox 273 2442 355 2508; x_wconf 90' lang='lat' dir='ltr'>bello</span> <span class='ocrx_word' id='word_1_185' title='bbox 378 2442 504 2520; x_wconf 88' lang='lat' dir='ltr'>adtrita,</span> <span class='ocrx_word' id='word_1_186' title='bbox 530 2440 636 2540; x_wconf 78' lang='lat' dir='ltr'>inopia</span> <span class='ocrx_word' id='word_1_187' title='bbox 660 2452 693 2506; x_wconf 88' lang='lat' dir='ltr'>et</span> <span class='ocrx_word' id='word_1_188' title='bbox 717 2439 870 2505; x_wconf 76' lang='lat' dir='ltr'>seditiosae</span> <span class='ocrx_word' id='word_1_189' title='bbox 895 2439 1030 2504; x_wconf 89' lang='lat' dir='ltr'>militum</span> <span class='ocrx_word' id='word_1_190' title='bbox 1053 2462 1145 2505; x_wconf 86' lang='lat' dir='ltr'>voces</span> <span class='ocrx_word' id='word_1_191' title='bbox 1169 2450 1250 2505; x_wconf 84' lang='lat' dir='ltr'>terre</span> <span class='ocrx_word' id='word_1_192' title='bbox 1312 2454 1336 2520; x_wconf 91' lang='lat' dir='ltr'>t,</span> 
     </span>
    </p>
   </div>
   <div class='ocr_carea' id='block_1_5' title="bbox 165 2521 1339 2616">
    <p class='ocr_par' dir='ltr' id='par_1_6' title="bbox 165 2521 1339 2616">
     <span class='ocr_line' id='line_1_26' title="bbox 165 2521 1339 2616; baseline 0 -24"><span class='ocrx_word' id='word_1_193' title='bbox 165 2544 167 2548; x_wconf 84' lang='grc'><em>·</em></span> <span class='ocrx_word' id='word_1_194' title='bbox 270 2529 445 2594; x_wconf 80' lang='lat' dir='ltr'>clavarium</span> <span class='ocrx_word' id='word_1_195' title='bbox 467 2527 692 2614; x_wconf 80' lang='lat' dir='ltr'>flagitantium:</span> <span class='ocrx_word' id='word_1_196' title='bbox 719 2549 777 2590; x_wconf 91' lang='lat' dir='ltr'>nec</span> <span class='ocrx_word' id='word_1_197' title='bbox 798 2526 962 2614; x_wconf 83' lang='lat' dir='ltr'>pecuniam</span> <span class='ocrx_word' id='word_1_198' title='bbox 983 2521 1039 2590; x_wconf 82' lang='lat' dir='ltr'>au‘t</span> <span class='ocrx_word' id='word_1_199' title='bbox 1052 2526 1246 2591; x_wconf 80' lang='lat' dir='ltr'>frumentum</span> <span class='ocrx_word' id='word_1_200' title='bbox 1265 2549 1339 2616; x_wconf 90' lang='lat' dir='ltr'>pro-</span> 
     </span>
    </p>
   </div>
   <div class='ocr_carea' id='block_1_6' title="bbox 270 2741 1338 3209">
    <p class='ocr_par' dir='ltr' id='par_1_7' title="bbox 270 2741 1337 2887">
     <span class='ocr_line' id='line_1_27' title="bbox 270 2741 1337 2824; baseline -0.002 -12"><span class='ocrx_word' id='word_1_201' title='bbox 270 2741 416 2821; x_wconf 66' lang='grc'><strong>11111131,</strong></span> <span class='ocrx_word' id='word_1_202' title='bbox 433 2765 458 2811; x_wconf 88' lang='grc'>9.</span> <span class='ocrx_word' id='word_1_203' title='bbox 474 2762 515 2810; x_wconf 89' lang='lat' dir='ltr'>uhi</span> <span class='ocrx_word' id='word_1_204' title='bbox 532 2777 579 2810; x_wconf 90' lang='lat' dir='ltr'>non</span> <span class='ocrx_word' id='word_1_205' title='bbox 593 2762 691 2810; x_wconf 85' lang='lat' dir='ltr'>debebat</span> <span class='ocrx_word' id='word_1_206' title='bbox 704 2761 731 2809; x_wconf 83' lang='lat' dir='ltr'>J.</span> <span class='ocrx_word' id='word_1_207' title='bbox 744 2762 785 2810; x_wconf 76' lang='lat' dir='ltr'>rr.</span> <span class='ocrx_word' id='word_1_208' title='bbox 849 2761 1002 2821; x_wconf 30' lang='lat' dir='ltr'>,Propinqua</span> <span class='ocrx_word' id='word_1_209' title='bbox 1028 2745 1115 2822; x_wconf 70' lang='lat' dir='ltr'>laicate]</span> <span class='ocrx_word' id='word_1_210' title='bbox 1148 2759 1209 2823; x_wconf 83' lang='lat' dir='ltr'>Agr.</span> <span class='ocrx_word' id='word_1_211' title='bbox 1233 2761 1337 2824; x_wconf 76' lang='lat' dir='ltr'>propio·</span> 
     </span>
     <span class='ocr_line' id='line_1_28' title="bbox 272 2822 1181 2887; baseline -0.004 -13"><span class='ocrx_word' id='word_1_212' title='bbox 272 2826 416 2874; x_wconf 81' lang='lat' dir='ltr'>Gronovium</span> <span class='ocrx_word' id='word_1_213' title='bbox 436 2825 524 2885; x_wconf 81' lang='lat' dir='ltr'>audire,</span> <span class='ocrx_word' id='word_1_214' title='bbox 544 2833 567 2873; x_wconf 89' lang='lat' dir='ltr'>et</span> <span class='ocrx_word' id='word_1_215' title='bbox 587 2828 636 2872; x_wconf 76' lang='lat' dir='ltr'>vim</span> <span class='ocrx_word' id='word_1_216' title='bbox 654 2825 731 2887; x_wconf 88' lang='lat' dir='ltr'>potins</span> <span class='ocrx_word' id='word_1_217' title='bbox 750 2841 787 2873; x_wconf 89' lang='lat' dir='ltr'>re·</span> <span class='ocrx_word' id='word_1_218' title='bbox 819 2830 915 2885; x_wconf 64' lang='grc'><strong>(11111111,</strong></span> <span class='ocrx_word' id='word_1_219' title='bbox 927 2832 955 2870; x_wconf 93' lang='lat' dir='ltr'>ut</span> <span class='ocrx_word' id='word_1_220' title='bbox 964 2822 1073 2873; x_wconf 86' lang='lat' dir='ltr'>Muretus</span> <span class='ocrx_word' id='word_1_221' title='bbox 1083 2823 1181 2871; x_wconf 83' lang='lat' dir='ltr'>volebat.</span> 
     </span>
    </p>

    <p class='ocr_par' dir='ltr' id='par_1_8' title="bbox 270 2885 1338 3209">
     <span class='ocr_line' id='line_1_29' title="bbox 270 2885 1338 3002; baseline -0.005 -1"><span class='ocrx_word' id='word_1_222' title='bbox 270 2891 354 2952; x_wconf 66' lang='lat' dir='ltr'>a...</span> <span class='ocrx_word' id='word_1_223' title='bbox 368 2891 621 3002; x_wconf 48' lang='lat' dir='ltr'>tmmttllssnllm</span> <span class='ocrx_word' id='word_1_224' title='bbox 637 2891 720 3000; x_wconf 75' lang='lat' dir='ltr'>tm</span> <span class='ocrx_word' id='word_1_225' title='bbox 739 2903 788 3000; x_wconf 71' lang='lat' dir='ltr'>tn</span> <span class='ocrx_word' id='word_1_226' title='bbox 819 2885 1141 3000; x_wconf 52' lang='grc' dir='ltr'><strong>1111ᾜωὶ111111</strong></span> <span class='ocrx_word' id='word_1_227' title='bbox 1160 2890 1338 2940; x_wconf 53' lang='lat' dir='ltr'>mmmm·</span> 
     </span>
     <span class='ocr_line' id='line_1_30' title="bbox 272 2961 1334 3080; baseline 0.004 -15"><span class='ocrx_word' id='word_1_228' title='bbox 272 2961 499 3065; x_wconf 59' lang='lat' dir='ltr'>dbdrdemdnidmre</span> <span class='ocrx_word' id='word_1_229' title='bbox 516 3019 566 3064; x_wconf 84' lang='lat' dir='ltr'>vim</span> <span class='ocrx_word' id='word_1_230' title='bbox 575 3019 600 3080; x_wconf 71' lang='lat' dir='ltr'><em>fl</em></span> <span class='ocrx_word' id='word_1_231' title='bbox 610 2969 669 3080; x_wconf 45' lang='lat' dir='ltr'>pic.</span> <span class='ocrx_word' id='word_1_232' title='bbox 685 2986 734 3064; x_wconf 77' lang='lat' dir='ltr'>nob</span> <span class='ocrx_word' id='word_1_233' title='bbox 750 3031 787 3064; x_wconf 89' lang='lat' dir='ltr'>re-</span> <span class='ocrx_word' id='word_1_234' title='bbox 852 3018 970 3078; x_wconf 78' lang='lat' dir='ltr'>Poppaeus</span> <span class='ocrx_word' id='word_1_235' title='bbox 989 2985 1115 3079; x_wconf 69' lang='lat' dir='ltr'>Silvanus]</span> <span class='ocrx_word' id='word_1_236' title='bbox 1142 3017 1182 3064; x_wconf 86' lang='lat' dir='ltr'>Sic</span> <span class='ocrx_word' id='word_1_237' title='bbox 1198 3017 1254 3066; x_wconf 89' lang='lat' dir='ltr'>MS.</span> <span class='ocrx_word' id='word_1_238' title='bbox 1271 3019 1334 3069; x_wconf 79' lang='lat' dir='ltr'>mor.</span> 
     </span>
     <span class='ocr_line' id='line_1_31' title="bbox 271 3078 1337 3146; baseline 0 -16"><span class='ocrx_word' id='word_1_239' title='bbox 271 3097 369 3144; x_wconf 85' lang='lat' dir='ltr'>spexere</span> <span class='ocrx_word' id='word_1_240' title='bbox 383 3081 427 3129; x_wconf 82' lang='lat' dir='ltr'>viri</span> <span class='ocrx_word' id='word_1_241' title='bbox 440 3089 573 3144; x_wconf 83' lang='lat' dir='ltr'>praestantes</span> <span class='ocrx_word' id='word_1_242' title='bbox 586 3084 656 3130; x_wconf 86' lang='lat' dir='ltr'>verba</span> <span class='ocrx_word' id='word_1_243' title='bbox 668 3089 731 3130; x_wconf 79' lang='lat' dir='ltr'>recto</span> <span class='ocrx_word' id='word_1_244' title='bbox 745 3083 787 3130; x_wconf 80' lang='lat' dir='ltr'>iti·</span> <span class='ocrx_word' id='word_1_245' title='bbox 820 3081 882 3130; x_wconf 91' lang='lat' dir='ltr'>unde</span> <span class='ocrx_word' id='word_1_246' title='bbox 891 3079 993 3128; x_wconf 87' lang='lat' dir='ltr'>Pichena</span> <span class='ocrx_word' id='word_1_247' title='bbox 1000 3078 1079 3127; x_wconf 86' lang='lat' dir='ltr'>edidit.</span> <span class='ocrx_word' id='word_1_248' title='bbox 1090 3081 1167 3127; x_wconf 82' lang='lat' dir='ltr'>Ceteri</span> <span class='ocrx_word' id='word_1_249' title='bbox 1175 3081 1254 3143; x_wconf 84' lang='lat' dir='ltr'>scripti</span> <span class='ocrx_word' id='word_1_250' title='bbox 1261 3083 1337 3146; x_wconf 88' lang='lat' dir='ltr'>(Bud.</span> 
     </span>
     <span class='ocr_line' id='line_1_32' title="bbox 272 3143 1335 3209; baseline 0 -15"><span class='ocrx_word' id='word_1_251' title='bbox 272 3161 342 3194; x_wconf 75' lang='lat' dir='ltr'>sares</span> <span class='ocrx_word' id='word_1_252' title='bbox 359 3145 453 3194; x_wconf 85' lang='lat' dir='ltr'>sedhoc</span> <span class='ocrx_word' id='word_1_253' title='bbox 463 3145 542 3193; x_wconf 88' lang='lat' dir='ltr'>obiter.</span> <span class='ocrx_word' id='word_1_254' title='bbox 574 3146 683 3209; x_wconf 89' lang='lat' dir='ltr'>Denique</span> <span class='ocrx_word' id='word_1_255' title='bbox 694 3148 744 3194; x_wconf 80' lang='lat' dir='ltr'>nim</span> <span class='ocrx_word' id='word_1_256' title='bbox 758 3161 787 3192; x_wconf 84' lang='lat' dir='ltr'>aa</span> <span class='ocrx_word' id='word_1_257' title='bbox 819 3143 893 3208; x_wconf 85' lang='lat' dir='ltr'>Agr.)</span> <span class='ocrx_word' id='word_1_258' title='bbox 903 3144 983 3192; x_wconf 86' lang='lat' dir='ltr'>etedd.</span> <span class='ocrx_word' id='word_1_259' title='bbox 1001 3145 1137 3208; x_wconf 75' lang='lat' dir='ltr'>Pompeius.</span> <span class='ocrx_word' id='word_1_260' title='bbox 1152 3144 1335 3208; x_wconf 80' lang='lat' dir='ltr'>V.ad2,86.l,</span> 
     </span>
    </p>
   </div>
   <div class='ocr_carea' id='block_1_7' title="bbox 197 3209 949 3274">
    <p class='ocr_par' dir='ltr' id='par_1_9' title="bbox 197 3209 949 3274">
     <span class='ocr_line' id='line_1_33' title="bbox 197 3209 949 3274; baseline -0.001 -18"><span class='ocrx_word' id='word_1_261' title='bbox 197 3227 198 3230; x_wconf 43' lang='lat'>¹</span> <span class='ocrx_word' id='word_1_262' title='bbox 267 3212 400 3272; x_wconf 77' lang='lat' dir='ltr'>potentiam</span> <span class='ocrx_word' id='word_1_263' title='bbox 410 3209 520 3272; x_wconf 76' lang='lat' dir='ltr'>conjungi</span> <span class='ocrx_word' id='word_1_264' title='bbox 538 3225 612 3274; x_wconf 87' lang='lat' dir='ltr'>posse,</span> <span class='ocrx_word' id='word_1_265' title='bbox 629 3219 657 3258; x_wconf 84' lang='grc'>111</span> <span class='ocrx_word' id='word_1_266' title='bbox 673 3209 719 3258; x_wconf 81' lang='lat' dir='ltr'>alia</span> <span class='ocrx_word' id='word_1_267' title='bbox 731 3223 786 3274; x_wconf 78' lang='lat' dir='ltr'>syn-</span> <span class='ocrx_word' id='word_1_268' title='bbox 820 3210 860 3265; x_wconf 82' lang='grc'><strong>77.</strong></span> <span class='ocrx_word' id='word_1_269' title='bbox 877 3211 949 3256; x_wconf 77' lang='lat' dir='ltr'>Ean.</span> 
     </span>
    </p>
   </div>
   <div class='ocr_carea' id='block_1_8' title="bbox 268 3273 1340 4560">
    <p class='ocr_par' dir='ltr' id='par_1_10' title="bbox 268 3273 1340 4560">
     <span class='ocr_line' id='line_1_34' title="bbox 271 3273 1336 3338; baseline 0.002 -16"><span class='ocrx_word' id='word_1_270' title='bbox 271 3289 358 3338; x_wconf 85' lang='lat' dir='ltr'>onyma</span> <span class='ocrx_word' id='word_1_271' title='bbox 373 3275 443 3328; x_wconf 82' lang='lat' dir='ltr'>etism</span> <span class='ocrx_word' id='word_1_272' title='bbox 460 3273 522 3338; x_wconf 84' lang='lat' dir='ltr'>apud</span> <span class='ocrx_word' id='word_1_273' title='bbox 537 3283 651 3334; x_wconf 77' lang='grc'><strong>1111111111,</strong></span> <span class='ocrx_word' id='word_1_274' title='bbox 665 3273 785 3322; x_wconf 86' lang='lat' dir='ltr'>dubitatu-</span> <span class='ocrx_word' id='word_1_275' title='bbox 851 3275 1016 3336; x_wconf 66' lang='lat' dir='ltr'>nnmerum]</span> <span class='ocrx_word' id='word_1_276' title='bbox 1048 3273 1185 3323; x_wconf 80' lang='lat' dir='ltr'>Diearebus</span> <span class='ocrx_word' id='word_1_277' title='bbox 1195 3275 1290 3338; x_wconf 82' lang='lat' dir='ltr'>agendis</span> <span class='ocrx_word' id='word_1_278' title='bbox 1299 3275 1336 3324; x_wconf 89' lang='lat' dir='ltr'>di·</span> 
     </span>
     <span class='ocr_line' id='line_1_35' title="bbox 271 3337 1329 3402; baseline 0.003 -16"><span class='ocrx_word' id='word_1_279' title='bbox 271 3355 324 3386; x_wconf 87' lang='lat' dir='ltr'>rum</span> <span class='ocrx_word' id='word_1_280' title='bbox 341 3339 458 3391; x_wconf 82' lang='lat' dir='ltr'>neminem</span> <span class='ocrx_word' id='word_1_281' title='bbox 473 3346 538 3401; x_wconf 80' lang='lat' dir='ltr'>puto.</span> <span class='ocrx_word' id='word_1_282' title='bbox 555 3339 629 3386; x_wconf 79' lang='lat' dir='ltr'>nnn.</span> <span class='ocrx_word' id='word_1_283' title='bbox 661 3339 718 3388; x_wconf 85' lang='lat' dir='ltr'>Non</span> <span class='ocrx_word' id='word_1_284' title='bbox 728 3353 788 3402; x_wconf 84' lang='lat' dir='ltr'>opus</span> <span class='ocrx_word' id='word_1_285' title='bbox 819 3337 1010 3400; x_wconf 72' lang='lat' dir='ltr'>ansvaaptos</span> <span class='ocrx_word' id='word_1_286' title='bbox 1312 3374 1329 3394; x_wconf 82' lang='lat'>.-</span> 
     </span>
     <span class='ocr_line' id='line_1_36' title="bbox 268 3403 1336 3478; baseline -0.003 -26"><span class='ocrx_word' id='word_1_287' title='bbox 268 3413 318 3460; x_wconf 77' lang='lat' dir='ltr'>erat</span> <span class='ocrx_word' id='word_1_288' title='bbox 326 3405 631 3466; x_wconf 81' lang='lat' dir='ltr'>tantaverborumambage.</span> <span class='ocrx_word' id='word_1_289' title='bbox 649 3403 788 3478; x_wconf 77' lang='lat' dir='ltr'>Legendum</span> <span class='ocrx_word' id='word_1_290' title='bbox 852 3403 972 3450; x_wconf 66' lang='lat' dir='ltr'>Dobewtoe</span> <span class='ocrx_word' id='word_1_291' title='bbox 982 3403 1129 3466; x_wconf 74' lang='lat' dir='ltr'>supplevere]</span> <span class='ocrx_word' id='word_1_292' title='bbox 1154 3403 1220 3452; x_wconf 89' lang='lat' dir='ltr'>Bud.</span> <span class='ocrx_word' id='word_1_293' title='bbox 1232 3407 1336 3468; x_wconf 64' lang='grc'><strong>111111).</strong></span> 
     </span>
     <span class='ocr_line' id='line_1_37' title="bbox 271 3467 1336 3596; baseline 0.001 -15"><span class='ocrx_word' id='word_1_294' title='bbox 271 3467 649 3594; x_wconf 51' lang='lat' dir='ltr'>mgiddnbertdiddsoqlldgrilddibued</span> <span class='ocrx_word' id='word_1_295' title='bbox 657 3468 786 3596; x_wconf 42' lang='lat' dir='ltr'>{fiebat}</span> <span class='ocrx_word' id='word_1_296' title='bbox 816 3468 893 3578; x_wconf 51' lang='lat' dir='ltr'>Pkded</span> <span class='ocrx_word' id='word_1_297' title='bbox 900 3533 998 3581; x_wconf 76' lang='lat' dir='ltr'>Fanum</span> <span class='ocrx_word' id='word_1_298' title='bbox 1005 3533 1133 3594; x_wconf 76' lang='lat' dir='ltr'>Fortuna]</span> <span class='ocrx_word' id='word_1_299' title='bbox 1158 3532 1259 3582; x_wconf 80' lang='lat' dir='ltr'>Esurbs</span> <span class='ocrx_word' id='word_1_300' title='bbox 1266 3533 1336 3582; x_wconf 85' lang='lat' dir='ltr'>hodie</span> 
     </span>
     <span class='ocr_line' id='line_1_38' title="bbox 272 3595 1336 3660; baseline 0.002 -14"><span class='ocrx_word' id='word_1_301' title='bbox 272 3597 316 3646; x_wconf 89' lang='lat' dir='ltr'>Est</span> <span class='ocrx_word' id='word_1_302' title='bbox 323 3600 498 3656; x_wconf 83' lang='lat' dir='ltr'>subobscurum,</span> <span class='ocrx_word' id='word_1_303' title='bbox 510 3612 589 3646; x_wconf 87' lang='lat' dir='ltr'>sensus</span> <span class='ocrx_word' id='word_1_304' title='bbox 599 3605 677 3644; x_wconf 85' lang='lat' dir='ltr'>autem</span> <span class='ocrx_word' id='word_1_305' title='bbox 687 3596 788 3660; x_wconf 77' lang='lat' dir='ltr'>intelligi</span> <span class='ocrx_word' id='word_1_306' title='bbox 820 3611 913 3659; x_wconf 88' lang='lat' dir='ltr'>qnoque</span> <span class='ocrx_word' id='word_1_307' title='bbox 925 3595 1009 3643; x_wconf 87' lang='lat' dir='ltr'>dicitur</span> <span class='ocrx_word' id='word_1_308' title='bbox 1022 3599 1106 3644; x_wconf 77' lang='lat' dir='ltr'>Fano:</span> <span class='ocrx_word' id='word_1_309' title='bbox 1132 3612 1188 3644; x_wconf 85' lang='lat' dir='ltr'>mox</span> <span class='ocrx_word' id='word_1_310' title='bbox 1202 3606 1336 3652; x_wconf 68' lang='lat' dir='ltr'>manontes</span> 
     </span>
     <span class='ocr_line' id='line_1_39' title="bbox 272 3659 1336 3726; baseline 0.003 -18"><span class='ocrx_word' id='word_1_311' title='bbox 272 3671 348 3722; x_wconf 82' lang='lat' dir='ltr'>potest</span> <span class='ocrx_word' id='word_1_312' title='bbox 365 3678 378 3710; x_wconf 88' lang='lat' dir='ltr'>e</span> <span class='ocrx_word' id='word_1_313' title='bbox 394 3661 551 3725; x_wconf 88' lang='lat' dir='ltr'>sequentibus.</span> <span class='ocrx_word' id='word_1_314' title='bbox 583 3661 639 3708; x_wconf 89' lang='lat' dir='ltr'>Non</span> <span class='ocrx_word' id='word_1_315' title='bbox 659 3661 709 3724; x_wconf 88' lang='lat' dir='ltr'>ipse</span> <span class='ocrx_word' id='word_1_316' title='bbox 726 3660 788 3708; x_wconf 89' lang='lat' dir='ltr'>Cen·</span> <span class='ocrx_word' id='word_1_317' title='bbox 820 3668 855 3707; x_wconf 85' lang='lat' dir='ltr'>est</span> <span class='ocrx_word' id='word_1_318' title='bbox 869 3659 1028 3720; x_wconf 78' lang='lat' dir='ltr'>deliberantes,</span> <span class='ocrx_word' id='word_1_319' title='bbox 1044 3660 1074 3708; x_wconf 91' lang='lat' dir='ltr'>de</span> <span class='ocrx_word' id='word_1_320' title='bbox 1089 3675 1137 3724; x_wconf 91' lang='lat' dir='ltr'>quo</span> <span class='ocrx_word' id='word_1_321' title='bbox 1147 3663 1199 3723; x_wconf 85' lang='lat' dir='ltr'>jam</span> <span class='ocrx_word' id='word_1_322' title='bbox 1215 3678 1286 3726; x_wconf 85' lang='lat' dir='ltr'>supra</span> <span class='ocrx_word' id='word_1_323' title='bbox 1299 3664 1336 3712; x_wconf 89' lang='lat' dir='ltr'>di-</span> 
     </span>
     <span class='ocr_line' id='line_1_40' title="bbox 272 3725 982 3783; baseline 0.003 -11"><span class='ocrx_word' id='word_1_324' title='bbox 272 3726 372 3774; x_wconf 88' lang='lat' dir='ltr'>turiones</span> <span class='ocrx_word' id='word_1_325' title='bbox 379 3729 477 3783; x_wconf 77' lang='lat' dir='ltr'>meabat,</span> <span class='ocrx_word' id='word_1_326' title='bbox 489 3727 505 3773; x_wconf 88' lang='lat' dir='ltr'>i.</span> <span class='ocrx_word' id='word_1_327' title='bbox 516 3741 536 3774; x_wconf 90' lang='lat' dir='ltr'>e.</span> <span class='ocrx_word' id='word_1_328' title='bbox 548 3725 638 3774; x_wconf 87' lang='lat' dir='ltr'>ordines</span> <span class='ocrx_word' id='word_1_329' title='bbox 647 3725 731 3774; x_wconf 85' lang='lat' dir='ltr'>dabat:</span> <span class='ocrx_word' id='word_1_330' title='bbox 746 3725 788 3774; x_wconf 85' lang='lat' dir='ltr'>sed</span> <span class='ocrx_word' id='word_1_331' title='bbox 820 3733 891 3773; x_wconf 84' lang='lat' dir='ltr'>ctum</span> <span class='ocrx_word' id='word_1_332' title='bbox 908 3725 982 3774; x_wconf 80' lang='lat' dir='ltr'>Eun.</span> 
     </span>
     <span class='ocr_line' id='line_1_41' title="bbox 271 3787 1337 3853; baseline 0.006 -19"><span class='ocrx_word' id='word_1_333' title='bbox 271 3789 402 3851; x_wconf 81' lang='lat' dir='ltr'>legionibus</span> <span class='ocrx_word' id='word_1_334' title='bbox 417 3791 564 3852; x_wconf 75' lang='lat' dir='ltr'>permittebat</span> <span class='ocrx_word' id='word_1_335' title='bbox 580 3789 713 3838; x_wconf 84' lang='lat' dir='ltr'>electionem</span> <span class='ocrx_word' id='word_1_336' title='bbox 725 3789 787 3840; x_wconf 83' lang='lat' dir='ltr'>Gen·</span> <span class='ocrx_word' id='word_1_337' title='bbox 852 3790 1003 3853; x_wconf 79' lang='lat' dir='ltr'>Inregione]</span> <span class='ocrx_word' id='word_1_338' title='bbox 1031 3787 1098 3837; x_wconf 87' lang='lat' dir='ltr'>Male</span> <span class='ocrx_word' id='word_1_339' title='bbox 1108 3790 1170 3838; x_wconf 88' lang='lat' dir='ltr'>enim</span> <span class='ocrx_word' id='word_1_340' title='bbox 1182 3791 1291 3840; x_wconf 87' lang='lat' dir='ltr'>omnibus</span> <span class='ocrx_word' id='word_1_341' title='bbox 1306 3793 1337 3840; x_wconf 81' lang='lat' dir='ltr'>li.</span> 
     </span>
     <span class='ocr_line' id='line_1_42' title="bbox 272 3853 1335 3917; baseline 0.005 -17"><span class='ocrx_word' id='word_1_342' title='bbox 272 3854 399 3902; x_wconf 85' lang='lat' dir='ltr'>turianum.</span> <span class='ocrx_word' id='word_1_343' title='bbox 415 3853 487 3902; x_wconf 72' lang='lat' dir='ltr'>Enn-</span> <span class='ocrx_word' id='word_1_344' title='bbox 819 3853 867 3905; x_wconf 82' lang='lat' dir='ltr'>bris</span> <span class='ocrx_word' id='word_1_345' title='bbox 884 3853 957 3907; x_wconf 75' lang='lat' dir='ltr'>(Bud.</span> <span class='ocrx_word' id='word_1_346' title='bbox 974 3863 1077 3917; x_wconf 82' lang='lat' dir='ltr'>quoque)</span> <span class='ocrx_word' id='word_1_347' title='bbox 1094 3856 1122 3902; x_wconf 79' lang='lat' dir='ltr'>io</span> <span class='ocrx_word' id='word_1_348' title='bbox 1139 3857 1236 3917; x_wconf 78' lang='lat' dir='ltr'>legione.</span> <span class='ocrx_word' id='word_1_349' title='bbox 1259 3857 1335 3905; x_wconf 76' lang='lat' dir='ltr'>Isrrs.</span> 
     </span>
     <span class='ocr_line' id='line_1_43' title="bbox 313 3916 1337 3985; baseline 0.004 -20"><span class='ocrx_word' id='word_1_350' title='bbox 313 3921 371 3975; x_wconf 81' lang='lat' dir='ltr'>Qnae</span> <span class='ocrx_word' id='word_1_351' title='bbox 387 3920 496 3970; x_wconf 78' lang='lat' dir='ltr'>seditiosa</span> <span class='ocrx_word' id='word_1_352' title='bbox 512 3920 567 3981; x_wconf 81' lang='lat' dir='ltr'>etc]</span> <span class='ocrx_word' id='word_1_353' title='bbox 593 3917 697 3981; x_wconf 82' lang='lat' dir='ltr'>Rycldus</span> <span class='ocrx_word' id='word_1_354' title='bbox 715 3916 787 3966; x_wconf 87' lang='lat' dir='ltr'>inter·</span> <span class='ocrx_word' id='word_1_355' title='bbox 820 3917 859 3967; x_wconf 90' lang='lat' dir='ltr'>Sic</span> <span class='ocrx_word' id='word_1_356' title='bbox 868 3919 972 3982; x_wconf 86' lang='lat' dir='ltr'>placebat</span> <span class='ocrx_word' id='word_1_357' title='bbox 982 3918 1052 3969; x_wconf 83' lang='lat' dir='ltr'>etiam</span> <span class='ocrx_word' id='word_1_358' title='bbox 1060 3919 1157 3973; x_wconf 84' lang='lat' dir='ltr'>Faemo.</span> <span class='ocrx_word' id='word_1_359' title='bbox 1176 3921 1242 3968; x_wconf 89' lang='lat' dir='ltr'>Bene</span> <span class='ocrx_word' id='word_1_360' title='bbox 1251 3922 1337 3985; x_wconf 83' lang='lat' dir='ltr'>recepit</span> 
     </span>
     <span class='ocr_line' id='line_1_44' title="bbox 270 3981 1336 4048; baseline 0.003 -18"><span class='ocrx_word' id='word_1_361' title='bbox 270 3983 419 4045; x_wconf 88' lang='lat' dir='ltr'>punctionem</span> <span class='ocrx_word' id='word_1_362' title='bbox 428 3991 542 4045; x_wconf 83' lang='lat' dir='ltr'>receptam</span> <span class='ocrx_word' id='word_1_363' title='bbox 556 3983 663 4042; x_wconf 86' lang='lat' dir='ltr'>mutavit,</span> <span class='ocrx_word' id='word_1_364' title='bbox 675 3995 787 4044; x_wconf 75' lang='lat' dir='ltr'>novaque</span> <span class='ocrx_word' id='word_1_365' title='bbox 818 3981 930 4036; x_wconf 80' lang='lat' dir='ltr'>Pichena.</span> <span class='ocrx_word' id='word_1_366' title='bbox 964 3983 1051 4031; x_wconf 82' lang='lat' dir='ltr'>Contra</span> <span class='ocrx_word' id='word_1_367' title='bbox 1060 3999 1131 4048; x_wconf 85' lang='lat' dir='ltr'>supra</span> <span class='ocrx_word' id='word_1_368' title='bbox 1141 3985 1175 4033; x_wconf 85' lang='lat' dir='ltr'>A.</span> <span class='ocrx_word' id='word_1_369' title='bbox 1190 3987 1228 4043; x_wconf 86' lang='lat'>12,</span> <span class='ocrx_word' id='word_1_370' title='bbox 1244 3985 1285 4032; x_wconf 73' lang='lat'>43.</span> <span class='ocrx_word' id='word_1_371' title='bbox 1298 4001 1336 4033; x_wconf 67' lang='lat' dir='ltr'>ra</span> 
     </span>
     <span class='ocr_line' id='line_1_45' title="bbox 271 4045 1337 4109; baseline 0.004 -15"><span class='ocrx_word' id='word_1_372' title='bbox 271 4047 388 4094; x_wconf 78' lang='lat' dir='ltr'>seriteotiae</span> <span class='ocrx_word' id='word_1_373' title='bbox 402 4046 495 4098; x_wconf 86' lang='lat' dir='ltr'>initium</span> <span class='ocrx_word' id='word_1_374' title='bbox 509 4045 564 4094; x_wconf 83' lang='lat' dir='ltr'>fecit</span> <span class='ocrx_word' id='word_1_375' title='bbox 577 4047 602 4094; x_wconf 89' lang='lat' dir='ltr'>in</span> <span class='ocrx_word' id='word_1_376' title='bbox 614 4047 704 4095; x_wconf 76' lang='grc'><strong>11111111</strong></span> <span class='ocrx_word' id='word_1_377' title='bbox 722 4048 787 4094; x_wconf 78' lang='lat' dir='ltr'>Mox</span> <span class='ocrx_word' id='word_1_378' title='bbox 817 4049 900 4108; x_wconf 77' lang='lat' dir='ltr'>gisnes</span> <span class='ocrx_word' id='word_1_379' title='bbox 910 4045 935 4094; x_wconf 91' lang='lat' dir='ltr'>in</span> <span class='ocrx_word' id='word_1_380' title='bbox 946 4049 1046 4108; x_wconf 78' lang='lat' dir='ltr'>kgiorses</span> <span class='ocrx_word' id='word_1_381' title='bbox 1056 4049 1179 4108; x_wconf 77' lang='lat' dir='ltr'>mutandas</span> <span class='ocrx_word' id='word_1_382' title='bbox 1188 4049 1337 4109; x_wconf 84' lang='lat' dir='ltr'>conjecimus.</span> 
     </span>
     <span class='ocr_line' id='line_1_46' title="bbox 271 4109 1336 4175; baseline 0.003 -18"><span class='ocrx_word' id='word_1_383' title='bbox 271 4114 297 4164; x_wconf 72' lang='lat' dir='ltr'>tn</span> <span class='ocrx_word' id='word_1_384' title='bbox 311 4127 350 4172; x_wconf 77' lang='lat' dir='ltr'>pr.</span> <span class='ocrx_word' id='word_1_385' title='bbox 366 4128 386 4160; x_wconf 82' lang='lat' dir='ltr'>a.</span> <span class='ocrx_word' id='word_1_386' title='bbox 404 4125 457 4160; x_wconf 85' lang='lat' dir='ltr'>sane</span> <span class='ocrx_word' id='word_1_387' title='bbox 471 4110 504 4159; x_wconf 91' lang='lat' dir='ltr'>sic</span> <span class='ocrx_word' id='word_1_388' title='bbox 518 4119 553 4162; x_wconf 84' lang='lat' dir='ltr'>est</span> <span class='ocrx_word' id='word_1_389' title='bbox 567 4119 590 4158; x_wconf 88' lang='lat' dir='ltr'>et</span> <span class='ocrx_word' id='word_1_390' title='bbox 606 4111 630 4158; x_wconf 91' lang='lat' dir='ltr'>in</span> <span class='ocrx_word' id='word_1_391' title='bbox 646 4109 681 4158; x_wconf 86' lang='lat' dir='ltr'>ed</span> <span class='ocrx_word' id='word_1_392' title='bbox 695 4125 730 4174; x_wconf 85' lang='lat' dir='ltr'>pr.</span> <span class='ocrx_word' id='word_1_393' title='bbox 745 4111 788 4160; x_wconf 87' lang='lat' dir='ltr'>sed</span> <span class='ocrx_word' id='word_1_394' title='bbox 818 4112 854 4160; x_wconf 81' lang='lat' dir='ltr'>Et</span> <span class='ocrx_word' id='word_1_395' title='bbox 872 4111 1046 4163; x_wconf 80' lang='lat' dir='ltr'>confunduntur</span> <span class='ocrx_word' id='word_1_396' title='bbox 1063 4129 1097 4163; x_wconf 81' lang='lat' dir='ltr'>aa</span> <span class='ocrx_word' id='word_1_397' title='bbox 1115 4129 1181 4162; x_wconf 74' lang='grc'><strong>11111</strong></span> <span class='ocrx_word' id='word_1_398' title='bbox 1201 4113 1288 4175; x_wconf 78' lang='lat' dir='ltr'>passim</span> <span class='ocrx_word' id='word_1_399' title='bbox 1309 4114 1336 4161; x_wconf 86' lang='lat' dir='ltr'>in</span> 
     </span>
     <span class='ocr_line' id='line_1_47' title="bbox 271 4175 1340 4238; baseline 0.002 -16"><span class='ocrx_word' id='word_1_400' title='bbox 271 4175 389 4236; x_wconf 86' lang='lat' dir='ltr'>vulgarem</span> <span class='ocrx_word' id='word_1_401' title='bbox 398 4175 606 4238; x_wconf 87' lang='lat' dir='ltr'>interpunctionem</span> <span class='ocrx_word' id='word_1_402' title='bbox 615 4175 734 4224; x_wconf 87' lang='lat' dir='ltr'>meliorem</span> <span class='ocrx_word' id='word_1_403' title='bbox 742 4191 787 4238; x_wconf 89' lang='lat' dir='ltr'>pu·</span> <span class='ocrx_word' id='word_1_404' title='bbox 820 4175 885 4224; x_wconf 87' lang='lat' dir='ltr'>libris</span> <span class='ocrx_word' id='word_1_405' title='bbox 900 4183 956 4224; x_wconf 82' lang='lat' dir='ltr'>vett.</span> <span class='ocrx_word' id='word_1_406' title='bbox 972 4177 1044 4225; x_wconf 80' lang='lat' dir='ltr'>Eun.</span> <span class='ocrx_word' id='word_1_407' title='bbox 1077 4179 1138 4226; x_wconf 87' lang='lat' dir='ltr'>Mor</span> <span class='ocrx_word' id='word_1_408' title='bbox 1154 4177 1216 4224; x_wconf 90' lang='lat' dir='ltr'>Bud</span> <span class='ocrx_word' id='word_1_409' title='bbox 1228 4177 1284 4224; x_wconf 82' lang='lat' dir='ltr'>bello</span> <span class='ocrx_word' id='word_1_410' title='bbox 1298 4184 1340 4238; x_wconf 56' lang='grc' dir='ltr'>111ι</span> 
     </span>
     <span class='ocr_line' id='line_1_48' title="bbox 272 4239 946 4303; baseline 0.007 -17"><span class='ocrx_word' id='word_1_411' title='bbox 272 4249 303 4286; x_wconf 83' lang='lat' dir='ltr'>to·</span> <span class='ocrx_word' id='word_1_412' title='bbox 322 4239 421 4288; x_wconf 74' lang='lat' dir='ltr'>Sensusz</span> <span class='ocrx_word' id='word_1_413' title='bbox 433 4240 530 4294; x_wconf 80' lang='lat' dir='ltr'>istanmt</span> <span class='ocrx_word' id='word_1_414' title='bbox 539 4239 608 4288; x_wconf 89' lang='lat' dir='ltr'>modo</span> <span class='ocrx_word' id='word_1_415' title='bbox 615 4239 720 4290; x_wconf 84' lang='lat' dir='ltr'>seditiosa</span> <span class='ocrx_word' id='word_1_416' title='bbox 727 4241 787 4289; x_wconf 89' lang='lat' dir='ltr'>etad</span> <span class='ocrx_word' id='word_1_417' title='bbox 820 4243 919 4291; x_wconf 74' lang='lat' dir='ltr'>arnan.</span> <span class='ocrx_word' id='word_1_418' title='bbox 944 4300 946 4303; x_wconf 22' lang='lat'>¹</span> 
     </span>
     <span class='ocr_line' id='line_1_49' title="bbox 271 4302 1337 4368; baseline -0.003 -16"><span class='ocrx_word' id='word_1_419' title='bbox 271 4304 461 4366; x_wconf 79' lang='lat' dir='ltr'>corrumpendam</span> <span class='ocrx_word' id='word_1_420' title='bbox 471 4305 616 4368; x_wconf 84' lang='lat' dir='ltr'>disciplinam</span> <span class='ocrx_word' id='word_1_421' title='bbox 627 4302 734 4363; x_wconf 83' lang='lat' dir='ltr'>valentis,</span> <span class='ocrx_word' id='word_1_422' title='bbox 746 4305 788 4354; x_wconf 85' lang='lat' dir='ltr'>sed</span> <span class='ocrx_word' id='word_1_423' title='bbox 854 4307 1004 4367; x_wconf 66' lang='lat' dir='ltr'>obvanam]</span> <span class='ocrx_word' id='word_1_424' title='bbox 1030 4306 1101 4365; x_wconf 87' lang='lat' dir='ltr'>Quod</span> <span class='ocrx_word' id='word_1_425' title='bbox 1128 4305 1337 4356; x_wconf 70' lang='lat' dir='ltr'>retertumetori.</span> 
     </span>
     <span class='ocr_line' id='line_1_50' title="bbox 270 4321 1336 4440; baseline 0.004 -26"><span class='ocrx_word' id='word_1_426' title='bbox 270 4367 342 4420; x_wconf 86' lang='lat' dir='ltr'>etiarn</span> <span class='ocrx_word' id='word_1_427' title='bbox 353 4367 407 4416; x_wconf 89' lang='lat' dir='ltr'>hinc</span> <span class='ocrx_word' id='word_1_428' title='bbox 416 4369 456 4418; x_wconf 88' lang='lat' dir='ltr'>ille</span> <span class='ocrx_word' id='word_1_429' title='bbox 466 4369 606 4421; x_wconf 85' lang='lat' dir='ltr'>occasionem</span> <span class='ocrx_word' id='word_1_430' title='bbox 620 4369 738 4433; x_wconf 78' lang='lat' dir='ltr'>praedandi</span> <span class='ocrx_word' id='word_1_431' title='bbox 748 4385 787 4422; x_wconf 88' lang='lat' dir='ltr'>su·</span> <span class='ocrx_word' id='word_1_432' title='bbox 819 4370 899 4434; x_wconf 89' lang='lat' dir='ltr'>ginem</span> <span class='ocrx_word' id='word_1_433' title='bbox 912 4369 1003 4429; x_wconf 77' lang='lat' dir='ltr'>babuit,</span> <span class='ocrx_word' id='word_1_434' title='bbox 1014 4370 1081 4434; x_wconf 86' lang='lat' dir='ltr'>quasi</span> <span class='ocrx_word' id='word_1_435' title='bbox 1091 4321 1127 4416; x_wconf 78' lang='lat' dir='ltr'>ad</span> <span class='ocrx_word' id='word_1_436' title='bbox 1132 4366 1241 4440; x_wconf 66' lang='lat' dir='ltr'>militares</span> <span class='ocrx_word' id='word_1_437' title='bbox 1251 4369 1336 4431; x_wconf 81' lang='lat' dir='ltr'>claros,</span> 
     </span>
     <span class='ocr_line' id='line_1_51' title="bbox 273 4431 1337 4496; baseline 0.005 -18"><span class='ocrx_word' id='word_1_438' title='bbox 273 4433 358 4480; x_wconf 87' lang='lat' dir='ltr'>mebat.</span> <span class='ocrx_word' id='word_1_439' title='bbox 374 4431 446 4481; x_wconf 83' lang='lat' dir='ltr'>Ean.</span> <span class='ocrx_word' id='word_1_440' title='bbox 820 4434 946 4496; x_wconf 87' lang='lat' dir='ltr'>dequibus</span> <span class='ocrx_word' id='word_1_441' title='bbox 961 4448 997 4482; x_wconf 82' lang='lat' dir='ltr'>res</span> <span class='ocrx_word' id='word_1_442' title='bbox 1010 4435 1060 4494; x_wconf 84' lang='lat' dir='ltr'>jam</span> <span class='ocrx_word' id='word_1_443' title='bbox 1074 4441 1136 4480; x_wconf 78' lang='lat' dir='ltr'>nota</span> <span class='ocrx_word' id='word_1_444' title='bbox 1171 4431 1248 4481; x_wconf 74' lang='lat' dir='ltr'>simui</span> <span class='ocrx_word' id='word_1_445' title='bbox 1261 4433 1337 4483; x_wconf 69' lang='lat' dir='ltr'>sama</span> 
     </span>
     <span class='ocr_line' id='line_1_52' title="bbox 822 4495 1336 4560; baseline 0.006 -14"><span class='ocrx_word' id='word_1_446' title='bbox 822 4499 1009 4558; x_wconf 56' lang='lat' dir='ltr'>noguenariam</span> <span class='ocrx_word' id='word_1_447' title='bbox 1024 4496 1115 4547; x_wconf 82' lang='lat' dir='ltr'>Plinius</span> <span class='ocrx_word' id='word_1_448' title='bbox 1129 4495 1189 4546; x_wconf 82' lang='lat' dir='ltr'>dixit</span> <span class='ocrx_word' id='word_1_449' title='bbox 1198 4495 1244 4560; x_wconf 84' lang='lat' dir='ltr'>Ep.</span> <span class='ocrx_word' id='word_1_450' title='bbox 1257 4500 1282 4559; x_wconf 80' lang='lat'>2,</span> <span class='ocrx_word' id='word_1_451' title='bbox 1298 4499 1336 4550; x_wconf 91' lang='lat' dir='ltr'>ll.</span> 
     </span>
    </p>
   </div>
   <div class='ocr_carea' id='block_1_9' title="bbox 0 0 1534 4975">
    <p class='ocr_par' dir='ltr' id='par_1_11' title="bbox 0 0 1534 4975">
     <span class='ocr_line' id='line_1_53' title="bbox 0 0 1534 4975; baseline 0 0"><span class='ocrx_word' id='word_1_452' title='bbox 0 0 1534 4975; x_wconf 95' lang='lat' dir='ltr'> </span> 
     </span>
    </p>
   </div>
  </div>
 </body>
</html>
