3059 4975
253 288 307 345 roc
630 235 934 341 nrsronnnun
1142 285 1315 359 [naua

249 448 368 513 litatem
389 433 489 527 suam,
508 450 626 512 metum
647 468 684 511 ac
697 443 885 510 discrimen”
901 457 989 510 osten
1064 493 1075 533 ,
1097 450 1120 485 “
1135 446 1246 514 sicum
1261 470 1315 515 ex.

251 534 349 599 ercitu
368 532 503 613 Carina,
568 531 705 596 tentibus
725 530 853 618 campis,
877 543 940 595 tam
960 554 1076 618 paucas
1095 532 1246 623 cohortes
1257 534 1316 605 eir.

251 618 482 685 cumfudisset”
548 640 662 703 amque
687 618 759 682 totis
785 616 891 681 castris
919 616 1050 682 modesti
1079 640 1247 699 sermones,
1270 634 1312 701 et,

250 704 454 769 inserentibus
475 727 507 769 se
522 702 765 768 Centuricnibus
785 700 1009 790 Tribunisque,
1031 702 1153 769 laudari
1175 710 1197 744 “
1210 707 1315 792 provi-

250 789 355 855 dentia
368 790 477 868 Ducis,
492 789 579 877 quod
593 787 754 863 coloniam,
769 788 884 851 virium
897 800 930 851 et
942 811 1039 876 opum
1053 788 1197 869 validam,
1217 793 1315 859 robur

249 900 286 940 ao
300 874 403 939 omem
424 875 506 940 bello
522 874 674 961 legisset.”
717 874 791 960 Ipse
810 886 965 959 postremo
981 876 1149 962 Spurinna,
1172 899 1235 943 nou
1248 892 1313 943 tam

249 960 373 1058 culpam
393 961 594 1048 exprobrans,
609 981 704 1046 quam
722 958 841 1023 ratione
855 959 1028 1039 ostendens,
1048 960 1161 1025 relictis
1174 962 1315 1051 explora·

250 1048 380 1124 toribus,
394 1062 511 1111 ceteros
522 1044 711 1109 Placentiam
723 1044 861 1123 reduxit,
875 1042 979 1109 minus
989 1045 1131 1111 turbidos
1144 1060 1175 1111 et
1185 1047 1315 1136 imperia

249 1133 441 1219 accipientes.
468 1130 600 1197 Solidati
611 1129 703 1208 muri,
714 1129 951 1217 propugnacula
960 1130 1078 1211 addita,
1089 1145 1189 1197 auctae
1202 1146 1313 1213 turres,

249 1218 373 1304 provisa
385 1232 556 1306 parataque
568 1239 632 1281 nou
647 1238 734 1281 arma
747 1216 852 1295 modo,
868 1215 921 1279 sed
940 1216 1125 1303 obsequium
1139 1230 1170 1284 et
1181 1218 1312 1315 parendi

249 1326 354 1402 amon
383 1304 468 1390 quod
492 1302 591 1368 solum
612 1301 672 1366 illis
691 1302 833 1388 partibus
853 1300 965 1381 deluit,
988 1324 1061 1367 cum
1082 1302 1206 1369 virtutis
1226 1304 1313 1371 haud

300 1402 421 1454 niteret.

247 1412 377 1540 poBXX.
401 1479 448 1541 At
470 1476 605 1553 Caecina,
626 1474 713 1540 velut
733 1474 840 1539 relicta
863 1489 934 1573 post
956 1474 1055 1563 Alpes
1080 1476 1197 1543 saevitia
1219 1500 1255 1541 ac
1277 1476 1314 1542 li-

249 1561 359 1640 centia,
374 1562 516 1627 modesto
528 1560 651 1647 agmine
664 1583 720 1647 per
729 1560 854 1625 Italiam
868 1561 1001 1625 sucessit
1045 1564 1199 1627 Ornatum
1214 1562 1313 1650 ipsius

247 1647 416 1735 municipia
439 1660 471 1711 et
493 1645 621 1711 coloniae
645 1645 676 1709 in
701 1645 877 1733 superbiam
900 1646 1081 1712 trahebant:
1110 1648 1197 1734 quod
1218 1650 1312 1713 versi-

247 1731 349 1797 colore
370 1732 489 1820 sagulo,
511 1734 646 1812 braccas,
670 1743 795 1819 tegmen
823 1732 1002 1811 barbarum,
1027 1731 1168 1812 indutus,
1189 1745 1312 1822 togatos

246 1817 299 1882 adl
342 1830 476 1885 ueretur.
521 1820 661 1883 Uxorem
683 1840 810 1904 quoque
822 1816 902 1903 ejus,
919 1816 1106 1897 Saloninam,
1121 1840 1313 1907 quamquam

246 1904 279 1967 in
294 1926 315 1968 n
360 1905 410 1970 ius
422 1905 568 1991 injuriam
582 1903 696 1991 insigni
709 1926 793 1989 equo
806 1914 952 1990 ostroque
961 1903 1138 1981 veheretur,
1152 1916 1312 1992 tamquam

246 1989 311 2054 laesi
325 1991 552 2077 gravabantur:
575 1990 668 2054 insita
681 1988 864 2053 mortalibus
877 2000 999 2067 natura,
1013 2000 1165 2054 recentem
1179 1989 1310 2055 aliorum

246 2074 423 2142 felicitatem
447 2076 538 2163 aegris
559 2075 657 2140 oculis
680 2074 890 2161 introspicere,
916 2074 1108 2161 modumque
1130 2076 1265 2141 fortunae
1289 2098 1310 2141 a

245 2294 711 2408 ixiifflwssffiffmmff
721 2311 761 2344 ex-
793 2311 863 2373 suprs
880 2294 1073 2410 ἙῙΙῗῖὲὴιαιιιὶανί.Ι
1094 2294 1215 2407 beffos
1230 2268 1311 2347 sutem

256 2376 283 2407 ru
325 2378 332 2408 ε
394 2376 419 2407 m
570 2376 671 2407 crumas.
708 2374 759 2408 res.
793 2375 888 2409 omnino
964 2376 1013 2409 ene
1055 2375 1108 2408 non
1190 2374 1228 2408 ess
1243 2376 1310 2411 voces

244 2424 418 2473 Freinshemius
426 2426 583 2472 inertmlmas
594 2425 642 2473 sine
649 2424 713 2473 libris
721 2425 761 2473 de·
789 2422 1001 2474 male'iuculcetas:
1014 2377 1066 2473 ’nin
1076 2424 1139 2502 quod
1154 2424 1259 2490 ineptum
1275 2425 1309 2474 rbi

244 2489 285 2536 dit.
319 2487 350 2538 Id
366 2489 472 2553 Ryclrius
488 2498 558 2553 negat
573 2505 628 2538 cum
644 2490 761 2538 Gronorio
791 2503 883 2538 sensum
893 2491 993 2538 faciantr
1005 2505 1116 2539 curetum
1126 2505 1173 2538 non
1184 2499 1208 2539 et
1214 2491 1310 2540 retinere

243 2552 315 2614 hujus
334 2554 380 2602 lod
396 2555 513 2602 sententia¹
529 2554 655 2603 ccumire·
688 2555 760 2613 Quod
791 2554 862 2602 simul
871 2554 969 2604 militem
980 2564 1004 2602 et
1013 2555 1092 2620 paucis
1103 2554 1225 2604 consilium
1235 2554 1309 2604 Ducis

242 2631 287 2680 ego
302 2633 349 2665 non
359 2618 432 2666 rideo.
465 2618 555 2668 Omnes
569 2619 608 2666 isti
623 2617 708 2667 milites
723 2619 760 2666 in-
790 2619 1003 2682 probnoepcsseutl
1018 2619 1308 2694 sedquianontamiuops

241 2690 303 2730 ortes
311 2692 384 2743 erant,
395 2698 454 2746 quos
466 2691 591 2731 castrorum
606 2683 647 2730 ills
660 2683 760 2732 munitio
789 2684 910 2732 verbomm
923 2683 1024 2732 Tacitus
1050 2683 1097 2732 mc
1106 2691 1186 2732 sutem
1196 2683 1311 2748 suipsius

242 2746 321 2794 statim
336 2746 414 2810 fregit.
445 2748 487 2806 Et,
506 2762 560 2796 urm
576 2748 660 2795 laboris
677 2747 760 2796 intole-
788 2756 904 2795 auctorem
915 2756 1003 2796 certum
1013 2748 1102 2797 hsbeor
1120 2750 1308 2798 armarentur:

242 2811 317 2858 mnus
332 2811 436 2860 homines
452 2827 530 2875 sapere
541 2811 639 2871 doceret,
653 2827 699 2860 non
711 2827 759 2860 crc-
789 2825 813 2859 rr
830 2813 1013 2861 Carnuntem
1033 2814 1191 2874 Troianoque
1209 2815 1306 2860 halari

241 2874 321 2935 dibile,
337 2876 513 2938 ignsvioeimum
543 2891 643 2939 nemque
655 2876 758 2926 maxime
784 2877 1100 2941 procreationemque
1110 2886 1151 2937 cst,
1162 2877 1308 2936 laudabatur,

236 2939 365 2988 secuntias
374 2940 427 2988 illas
439 2939 468 2988 de
477 2956 523 3004 pru
568 2941 601 2988 tis
610 2940 685 2989 Duris
694 2941 758 2990 locu.
788 2939 873 3004 nempe
879 2942 909 2988 ab
916 2950 1015 3006 utroque
1020 2957 1110 3005 genere.
1121 2941 1212 2990 Gnou-
1228 2941 1308 2990 Recte.

241 3011 293 3052 tum
314 3007 381 3053 ese?
413 3005 479 3068 Ergo
499 3007 596 3053 verbum
617 3004 677 3052 illud
703 3007 758 3054 satis
789 3004 1309 3070 Madnmefimfluelfifflumctlpnce·

239 3076 331 3180 ,iim
365 3068 437 3118 Adde
451 3069 513 3116 infra
527 3084 548 3117 c
558 3070 598 3116 23.
611 3068 673 3116 med.
706 3071 758 3118 Nec
789 3077 950 3133 terrequeante
957 3069 1108 3130 Rhenanum,
1120 3069 1161 3134 qui
1172 3069 1307 3119 correxitex

241 3133 248 3144 ⁹
268 3132 300 3181 ud
316 3144 385 3197 neget
394 3133 456 3197 quis,
471 3149 501 3182 ex
518 3135 619 3181 laenas.
631 3132 757 3181 lucilefieri
787 3132 881 3196 iugenio
897 3135 1009 3183 hodera.-
1036 3133 1092 3198 quia
1108 3135 1250 3184 scmsatirus
1272 3150 1306 3183 se-

240 3197 341 3272 potuim
351 3200 522 3246 nmttsstmuu
539 3213 594 3244 nam
609 3197 641 3244 sic
651 3197 757 3245 scribitur
788 3197 873 3260 quitur.
907 3198 972 3262 Ergo
987 3199 1053 3262 nobis
1069 3199 1147 3248 licebit
1160 3199 1239 3259 etiam,
1255 3213 1308 3263 pro·

239 3275 265 3308 m
276 3261 348 3310 MSS.
358 3277 412 3310 cum
423 3261 548 3338 sepissime
557 3263 583 3308 irs
592 3261 617 3308 in
628 3261 719 3309 literam
732 3279 757 3310 m
847 3263 963 3326 passivum
973 3272 1064 3312 mutare
1074 3263 1211 3312 substantivi
1221 3278 1308 3312 asum.

239 3335 391 3374 convertatur.
424 3327 501 3388 Igitur
515 3325 636 3389 praeferam
652 3325 758 3376 Freinsb.
813 3339 859 3375 rur.
891 3329 1025 3390 Sequuntur
1040 3327 1103 3376 lull.
1118 3336 1141 3376 et
1154 3327 1208 3392 Bip.
1242 3327 1273 3376 In
1284 3343 1307 3376 c.

239 3391 401 3438 surrectionem
418 3390 506 3451 ceteris,
521 3391 592 3438 etiem
607 3390 633 3438 J.
646 3390 757 3439 Gronorii
787 3391 1303 3456 Agr.esr1²rtacrpalooenacc‚gloaems

238 3454 758 3519 uscordlrrlmar,donccelibrisscriptis·me-
822 3457 900 3513 Quam
919 3459 1009 3504 rarione
1025 3457 1156 3522 murdrac]
1180 3456 1206 3504 h.
1221 3472 1241 3505 e.
1258 3465 1308 3506 arte

237 3517 284 3567 lius
301 3520 359 3583 quid
376 3519 511 3583 proferetur.
544 3519 599 3568 MS.
617 3519 680 3568 Flor-
696 3520 756 3582 Agr.
789 3529 870 3568 suaet
882 3520 948 3569 lectis
963 3521 1084 3569 ostendam
1098 3520 1212 3569 militibus
1229 3520 1305 3568 stulti-

238 3583 312 3647 (neg.
324 3582 398 3644 lull.)
408 3584 444 3630 erl.
452 3599 487 3647 pr.
497 3582 574 3632 Rbeu.
586 3599 637 3648 sqq.
650 3586 758 3632 vetustir-
788 3583 845 3632 tiam
856 3593 880 3632 et
890 3585 1026 3633 convincens
1036 3584 1118 3650 culpae.
1134 3584 1207 3634 Eas.
1240 3583 1304 3632 But

237 3650 330 3695 elmere
348 3648 412 3710 quod
421 3649 523 3696 ebenum
534 3663 589 3707 esse,
600 3648 677 3711 quivis
687 3647 756 3696 ridet.
787 3650 878 3697 rarlons
889 3649 1016 3698 atenim

233 3712 336 3760 seara
345 3720 424 3759 amen
435 3722 469 3760 at
476 3713 601 3760 sm
618 3713 691 3760 aas.
716 3712 756 3761 nx
818 3713 932 3774 arasa,
943 3720 1036 3775 ames
1047 3711 1120 3776 rara]
1144 3715 1200 3764 ran.
1213 3697 1304 3764 omel-

232 3775 346 3823 -Rhecsci
357 3777 447 3824 cerebro
457 3791 506 3825 esse
516 3779 697 3832 camoenam,
711 3776 756 3824 ssl-
786 3791 839 3826 mus
850 3778 962 3827 Verosim.
975 3779 1000 3840 2,
1017 3778 1041 3834 7.
1051 3779 1190 3841 glossemata
1205 3794 1252 3828 esse
1267 3793 1304 3826 re-

235 3855 305 3887 rum:
321 3841 381 3889 clare
391 3841 492 3888 sicBud.
521 3837 676 3890 Rectelllreu
686 3841 754 3889 iutcl-
785 3849 853 3904 putat
863 3843 932 3892 verba
947 3842 991 3896 ists
1006 3843 1099 3890 ῠναεεαι
1116 3851 1208 3906 tegmen
1224 3844 1305 3890 barba·

234 3903 333 3968 liffl‘tdiu
341 3904 440 3953 meritos
456 3905 495 3954 Sic
502 3905 536 3954 Η.
544 3906 567 3963 l,
576 3906 616 3953 23·
626 3907 755 3980 uetustisfl-
785 3921 848 3966 rum,
860 3907 923 3971 quod
933 3921 981 3954 evo
993 3905 1069 3956 Taciti
1084 3908 1139 3956 satis
1149 3917 1210 3956 note
1219 3905 1305 3955 fuerint

234 3969 751 4083 maturauerat
784 3971 1303 4098 astruerentur,

233 4097 379 4161 stRyckius
411 4097 719 4147 Aeidnliusomnlsturbst.
781 4097 1145 4149 bicmcrbusiunostrisauimis:
1157 4097 1304 4147 nocnescirit

265 4163 375 4210 Laudari
388 4162 564 4223 prouidentiam
574 4161 663 4223 usas]
696 4163 750 4225 ligo
781 4163 894 4212 AEmilius
902 4165 1000 4224 Probus,
1008 4165 1057 4214 rive
1065 4163 1189 4227 Nepoqin
1197 4161 1302 4212 charus

232 4228 344 4274 sermonis
364 4226 476 4274 ratiomm
497 4228 589 4291 exigere
607 4228 632 4274 τὸ
653 4228 750 4274 laudm
780 4228 804 4275 3.
838 4230 883 4277 Est
902 4229 944 4276 boc
961 4243 1081 4277 commane
1099 4231 1193 4288 vitiam,
1212 4225 1300 4291 inquit,

231 4304 278 4340 nou
288 4305 376 4350 conseq
388 4298 415 4337 ut
425 4290 476 4337 vult
484 4291 625 4339 l'reinshem
637 4291 683 4339 nisi
691 4291 746 4339 cst:
779 4295 873 4354 aragois
884 4294 1006 4356 literisque
1016 4294 1159 4354 eruturum,
1169 4298 1196 4340 ut
1207 4293 1299 4340 inuidia

230 4357 424 4403 ausemano
436 4356 589 4404 Centuriones
604 4357 749 4417 Tithonique
775 4356 861 4418 glorta
872 4360 995 4405 acmessit
1012 4358 1088 4407 lnrs.
1116 4359 1146 4406 lu
1157 4357 1204 4405 fine
1217 4355 1300 4420 ospitis

230 4419 333 4465 asama
366 4419 413 4466 Sed
430 4418 508 4467 mitior
524 4421 550 4468 lu
568 4430 678 4484 promptu
695 4435 750 4468 urra
778 4419 814 4466 ed.
833 4437 867 4484 pr.
882 4424 1052 4484 proeuerrlrsent
1068 4437 1111 4487 pro
1125 4423 1299 4486 provectum,

230 4489 280 4529 ests
297 4496 338 4532 nec
349 4483 415 4544 parvi
428 4486 548 4545 momenti,
560 4483 622 4549 quod
634 4494 659 4534 et
670 4483 709 4532 hic
724 4494 748 4532 ct
778 4484 864 4534 vitiose.
882 4485 954 4533 Ean.
