3059 4975
211 266 285 311 mc.
300 251 361 325 ott]
617 246 696 307 Lm.
717 247 742 305 Ι.
764 246 857 308 CAP.
877 250 904 311 7.
1269 256 1305 313 13

257 417 337 481 VH.
359 414 456 479 Forte
469 427 666 499 congruerat,
681 426 720 479 ut
733 410 839 478 Clodii
853 410 957 477 Macri
967 422 999 476 et
1010 410 1133 477 Fonteii
1146 414 1307 503 Capitonis

212 501 313 567 oedes
323 498 551 564 nuntiarentur.
582 498 783 577 Macrum,in
796 497 908 565 Africa
917 497 1003 561 baud
1012 497 1108 562 dubie
1116 502 1306 581 turbantem,
1382 540 1385 547 ·

214 586 393 653 Trebonius
408 584 617 662 Garuciauus,
637 588 838 663 Procurator,
862 584 948 647 ‘ussu
964 583 1095 658 Galbae3
1123 584 1307 674 Capitonem

213 672 247 737 in
262 670 442 749 Germania,
456 692 530 734 cum
543 669 655 735 similia
666 684 829 758 ooeptaret,
896 668 1012 733 melius
1025 668 1176 757 Aquinus
1194 685 1226 737 et
1246 676 1309 737 Fa-

213 758 286 825 bius
296 757 420 836 Valens,
436 755 551 854 Legati
563 756 734 843 legionum,
745 756 973 834 interfecerant,
984 768 1151 843 antequam
1161 759 1309 846 juberen-

214 859 277 909 tur.
321 846 425 908 Fuere
444 866 500 929 qm
518 842 690 923 crederent,
711 841 908 941 Capitonem,
928 854 965 905 ut
981 842 1111 907 avaritia
1130 858 1162 908 et
1181 844 1309 909 libidine

214 930 337 995 foedum
358 952 394 993 ac
415 927 619 1006 maculosum,
639 928 687 994 ita
706 926 894 1016 cogitatione
911 948 1017 991 rerum
1038 949 1191 995 novarum
1215 930 1310 995 absti-

216 1016 337 1091 nuisse;
360 1014 416 1079 sed
434 1038 454 1079 a
468 1014 608 1102 Legatis,
622 1014 741 1079 bellum
750 1012 969 1102 suadentibus,
983 1028 1149 1100 postquam
1163 1015 1310 1103 inpellere

217 1101 424 1189 nequiverint,
445 1100 564 1165 cumen
581 1122 618 1165 ac
638 1099 748 1165 dolum
769 1097 975 1186 compositum
994 1098 1096 1165 rdtro:
1120 1115 1153 1166 et
1174 1101 1310 1165 Galbam

216 1188 388 1253 mobilitate
402 1185 528 1273 ingenii,
543 1208 595 1265 an,
609 1208 649 1250 ne
662 1186 757 1251 altius
769 1196 970 1264 scrutaretur,
985 1206 1115 1273 quoquo
1125 1186 1219 1251 modo
1230 1200 1309 1267 acta,

217 1274 294 1363 quia
315 1272 432 1338 mutari
453 1294 517 1337 non
544 1284 697 1359 poterant,
726 1270 951 1358 comprobasse.
996 1272 1145 1337 Ceterum
1173 1286 1310 1359 utraque

217 1360 318 1426 cedes
331 1358 452 1423 sinistre
465 1372 609 1445 accepta:
631 1371 665 1422 et
677 1357 778 1422 inviso
791 1354 884 1421 semel
900 1356 1005 1421 Princi
1046 1402 1056 1436 ,
1075 1380 1131 1423 seu
1143 1358 1235 1437 bene,
1255 1380 1311 1425 seu

217 1444 400 1510 malefacta
418 1456 576 1531 premunt.
622 1445 698 1508 Jam
717 1442 901 1508 adserebant
920 1464 980 1506 ven
1010 1465 1041 1506 ra
1059 1456 1173 1509 cuncta
1190 1466 1314 1531 praepo-

218 1545 320 1597 tentes
340 1530 460 1595 liberti:
489 1552 652 1593 servorum
675 1550 787 1594 manus
811 1526 922 1593 subitis
944 1526 1056 1608 avidae,
1079 1542 1123 1610 et,
1151 1542 1313 1617 tamquam

218 1617 307 1715 apud
327 1639 442 1695 aenan,
466 1614 663 1680 festinantes:
694 1614 865 1701 eademque
887 1636 977 1679 novae
999 1613 1080 1714 aulae
1104 1614 1196 1715 mala,
1222 1638 1313 1714 aeque

218 1699 1314 1885 &lt,tldimitti&tttpillblttbtftit

221 1874 371 1962 corporis,
385 1887 423 1938 ut
436 1887 483 1938 est
495 1896 564 1938 mos
577 1871 677 1961 vulgi,
690 1872 966 1961 comparantibus..

220 2087 753 2153 retumosintelligatetelectusmbvexillia
784 2086 900 2150 adfecta
932 2087 1060 2138 Sedceteri
1073 2088 1127 2140 libri
1140 2106 1221 2142 omnes
1233 2094 1317 2161 vulgr-

221 2154 752 2218 Itrquemagisdietiuctepaullupostlllpcici
784 2160 836 2201 tum
850 2152 944 2201 habent.
962 2154 1036 2202 Ειιιι.
1059 2155 1146 2205 Similis
1156 2157 1250 2207 ablativi
1261 2174 1316 2207 uun·

221 2221 340 2267 exercitur
356 2221 437 2268 elector
455 2220 560 2267 nominat
575 2226 597 2267 et
609 2221 752 2268 Gemcmm
785 2216 880 2266 structio
889 2218 923 2265 A.
932 2219 957 2279 4,
971 2219 1010 2268 19.
1037 2218 1105 2268 Male
1114 2219 1139 2267 in
1150 2222 1200 2270 cod.
1210 2223 1271 2287 Agr.
1282 2233 1317 2273 eat

221 2285 320 2332 omne.
352 2284 455 2342 Omitto,
476 2284 541 2347 quod
561 2283 679 2333 notionem
699 2298 752 2331 eam
781 2288 936 2346 premuntur,
948 2282 1012 2346 quod
1023 2283 1129 2346 Ryokius
1141 2286 1283 2349 preferebat.

222 2348 285 2396 rucis
296 2348 362 2397 nobis
371 2348 463 2410 ingerit,
474 2350 524 2396 sine
535 2364 602 2397 eren
628 2363 650 2396 o.
676 2348 753 2398 lura.
817 2348 878 2396 Jam
888 2350 1012 2408 afferebant
1026 2364 1049 2395 o.
1059 2349 1093 2412 a]
1115 2350 1169 2399 Hoc
1179 2367 1211 2415 qu
1243 2368 1272 2401 ue
1282 2362 1317 2403 te-

224 2412 486 2461 Firmatcorreotionem
497 2412 573 2476 Lipsii
631 2428 651 2461 r.
666 2412 702 2460 ed.
717 2429 752 2477 pr.
786 2425 849 2459 mere
859 2420 968 2471 tentatur,
979 2412 1055 2475 primo
1066 2428 1081 2459 a
1090 2412 1192 2463 Piohena
1202 2423 1225 2464 et
1257 2418 1318 2466 rein-

221 2478 314 2526 Cetera
323 2477 753 2528 addanteilbenodltoecienmnerl.
786 2474 1317 2544 ahemio,qniinterpungivoluntpostcanctor

224 2541 286 2590 inde
302 2560 316 2591 a
331 2543 446 2592 Rheuano
464 2544 490 2605 (e
500 2543 576 2604 Bud.)
591 2544 622 2590 od
632 2544 705 2590 bonet
716 2545 755 2592 io·
787 2549 811 2590 et
825 2540 858 2588 ita
871 2542 1008 2590 senteutiam
1021 2553 1179 2608 corrumpunt.
1210 2544 1248 2594 De
1258 2547 1317 2602 eliu,

224 2623 291 2654 eane
298 2608 590 2656 camaracensem.
598 2608 670 2656 Eun.
682 2607 755 2668 Quod
805 2606 830 2653 ui
840 2615 946 2654 nocerent
957 2607 1048 2665 Galba,
1059 2607 1157 2656 dixerat.
1184 2609 1256 2659 Venit
1266 2619 1318 2659 ιιιι.

223 2671 255 2720 de
273 2673 376 2722 Ferreus
392 2672 504 2732 adfatur,
522 2686 570 2719 non
588 2673 622 2720 ita
637 2687 662 2720 se
676 2671 756 2723 habet.
851 2669 1009 2719 merendam
1018 2671 1153 2721 libertomm
1162 2682 1319 2726 eremorum.

226 2737 252 2785 Is
263 2751 309 2785 non
321 2753 350 2785 ex
362 2737 463 2800 ingenio,
476 2725 756 2786 eedexaiiiarariantan
790 2735 845 2783 Non
860 2737 919 2784 bene
932 2737 1138 2786 etiamesuocod.
1154 2737 1318 2804 (Agr.)1iye.

224 2800 346 2850 lacrimari
357 2802 449 2864 promit
789 2799 843 2847 kim
860 2798 924 2848 dedit
941 2801 1073 2862 qfferebont,
1094 2803 1157 2864 quod
1175 2803 1276 2851 coinon
1293 2803 1319 2852 in

260 2869 340 2917 Clodii
354 2868 452 2931 Moeri]
471 2865 564 2914 Mentio
579 2867 630 2928 ejus
644 2866 669 2914 in
683 2881 758 2916 numo
788 2872 892 2912 martem
905 2873 987 2928 sponte
1001 2865 1085 2914 venat.
1112 2866 1229 2930 loquitur
1239 2867 1267 2916 de
1280 2869 1318 2926 iis,

223 2931 310 2980 uuna
321 2947 358 2995 ap.
370 2929 482 2980 Patiuum
496 2930 528 2978 ad
540 2931 605 2980 Suet.
619 2932 722 2981 Galbam
735 2946 756 2980 e.
790 2927 844 2976 duta
852 2943 929 2992 opera,
937 2937 1057 2992 tamquam
1063 2930 1092 2977 de
1099 2931 1270 2988 mercatoribus,
1278 2934 1319 2997 qui

230 2996 269 3044 ll.
789 2993 978 3042 marcomannica
987 2993 1102 3042 mserum
1117 2995 1190 3045 Ena.
1217 2997 1321 3046 Piehena

259 3063 374 3110 Fonteius
390 3061 488 3126 capue]
509 3060 599 3110 conari
614 3061 686 3122 hujne
701 3060 758 3109 anni
790 3058 895 3106 voluerat
906 3061 961 3122 jam
974 3059 1131 3120 offerebantur
1146 3077 1169 3107 o.
1178 3076 1198 3108 c.
1213 3061 1320 3112 Freirrab.

227 3141 283 3174 cnm
292 3125 320 3174 C.
331 3126 400 3174 Julio
410 3125 483 3174 Rufo.
495 3125 645 3175 secessim
659 3135 683 3174 et
692 3125 758 3174 Fasti
788 3123 861 3172 tram
872 3123 998 3183 afflrcllunt
1009 3139 1031 3170 v.
1038 3138 1059 3171 c.
1069 3123 1191 3173 Acidalius
1202 3125 1227 3172 τὸ
1237 3129 1320 3187 effere.

229 3190 313 3239 urea
326 3190 389 3239 Mox
401 3189 466 3238 Bm
479 3193 641 3240 coenaretur.
671 3190 758 3239 Paullo
788 3188 846 3236 aaut
855 3186 954 3237 delebat.
980 3187 1052 3247 Quod
1064 3187 1202 3237 ballemand
1212 3205 1241 3238 ex
1253 3191 1320 3240 Picb.

226 3263 283 3303 aute
291 3255 362 3303 Acin,
372 3255 578 3316 mdenetparm.
791 3251 929 3300 arreinsh.
944 3251 1019 3301 auten
1030 3254 1180 3317 wambane,
1191 3253 1255 3320 apud
1264 3256 1321 3306 aros

260 3317 573 3382 Hautduttesurtomem]
591 3318 758 3381 Vocemejxi,
790 3317 944 3379 mareperio.
1045 3363 1049 3372 .

225 3383 759 3449 quaabernreaeshoptimolmozetpuim
824 3382 954 3430 Servorum
968 3397 1053 3431 manue
1068 3384 1153 3432 sunta
1167 3385 1256 3451 ovida]
1277 3383 1321 3434 Aa

228 3449 263 3499 ita
283 3451 394 3498 amnem
416 3450 488 3498 verbu
505 3449 543 3498 usi
562 3448 639 3512 prisci.
682 3448 759 3498 brea.
791 3445 961 3506 assumat,
971 3447 1217 3511 qnasubitofortunae
1225 3465 1321 3500 munere

229 3515 325 3578 Nempe
334 3529 387 3562 rere
404 3528 458 3578 qua
471 3527 517 3562 vox
532 3513 558 3561 iu
573 3513 652 3562 Gueif.
670 3511 760 3577 (Bud)
791 3514 939 3570 obvenerant,
956 3519 984 3558 ιιι
998 3520 1058 3559 recte
1073 3512 1182 3561 Pirhena.
1216 3513 1322 3564 venne

229 3579 283 3627 edd.
299 3587 355 3626 retr.
371 3588 395 3627 at
409 3593 457 3628 non
470 3577 497 3626 in
509 3577 547 3626 cd.
560 3594 597 3643 pr.
610 3576 676 3627 codd.
695 3577 759 3628 rra.
791 3574 956 3638 exprimuntur
973 3589 1048 3623 mores
1062 3575 1185 3626 hominum
1202 3577 1321 3629 famelico·

228 3643 291 3706 Agr.
306 3643 379 3692 Ειιιι.
792 3653 856 3700 rum,
873 3639 958 3704 quibua
972 3655 1002 3688 ex
1015 3639 1052 3688 ins
1145 3656 1232 3706 magna
1245 3657 1270 3693 re
1283 3643 1320 3693 in.

265 3709 488 3758 Crimenocdolum
494 3705 581 3772 comp]
594 3706 659 3757 Bud.
670 3708 761 3756 crimea
789 3703 927 3768 germinandi
937 3704 1034 3752 facultas
1074 3713 1098 3754 ra
1108 3715 1150 3754 aar.
1164 3707 1237 3757 ura.

225 3773 263 3822 ad
273 3774 352 3820 dolam
360 3788 435 3836 comp.
826 3769 962 3831 Eademque
969 3783 1035 3817 noooe
1042 3771 1115 3835 culoe]
1127 3771 1246 3821 Sententia
1253 3772 1321 3838 (nam

263 3839 299 3886 Et
313 3838 392 3886 envas
409 3839 481 3886 merei
495 3837 613 3900 Principe
627 3836 684 3900 eta]
705 3835 761 3899 ligo
793 3833 851 3882 alios
865 3832 981 3883 involvere
995 3833 1072 3897 video)
1089 3835 1169 3884 erdem
1181 3837 1244 3885 nula
1255 3852 1322 3886 nova

228 3902 269 3951 bic
284 3917 332 3950 non
347 3902 472 3950 laesissem.
503 3903 540 3951 At
553 3901 620 3949 huit
636 3901 760 3960 Gruterus,
794 3899 854 3946 auiae
864 3898 985 3947 Galbiana
994 3898 1073 3960 fuisse,
1088 3915 1142 3963 quae
1152 3900 1241 3960 veteris,
1252 3901 1277 3949 id
1288 3911 1323 3951 est

225 3966 273 4030 qui
290 3969 381 4015 volebat
396 3974 438 4022 at;
455 3966 540 4015 besere
553 3966 602 4026 alii,
617 3965 660 4030 qui
675 3965 761 4015 vellent
794 3961 949 4012 Neronianae:
978 3963 1018 4010 sed
1044 3979 1090 4012 non
1114 3981 1181 4028 aeque
1206 3976 1322 4015 excusata.

229 4033 379 4092 accusativos,
402 4046 461 4095 quos
481 4031 551 4080 etiam
574 4029 657 4080 Sinum
681 4029 760 4078 edidit.
794 4027 860 4087 Quid
875 4028 927 4076 ita?
949 4027 1005 4092 quia
1020 4030 1085 4077 Nero
1100 4038 1152 4080 artu
1169 4038 1192 4078 et
1207 4031 1323 4081 natalibus

230 4095 322 4143 Verum
343 4110 391 4144 non
407 4111 459 4143 raro
479 4081 562 4144 Tacito
578 4094 610 4142 ad
623 4095 760 4143 contendam
795 4091 913 4156 Princeps,
930 4093 986 4156 quie
999 4094 1099 4155 juvenis,
1117 4094 1173 4158 quia
1188 4094 1213 4142 in
1246 4095 1322 4144 lebem

226 4161 300 4208 talem
310 4159 761 4224 transituafitpercopulam,quomodo
794 4157 863 4205 ειὶιιιιι
884 4157 1004 4220 munaus.
1039 4159 1123 4222 Itaque
1144 4111 1278 4222 plusculitin
1299 4158 1322 4206 ei

230 4239 274 4272 noe
287 4225 357 4273 etiam
371 4226 397 4272 in
411 4224 643 4274 remaculautimur.
670 4222 761 4272 Deinde
793 4221 861 4270 licere
876 4222 984 4270 volebant
997 4222 1188 4286 etignoscebant.
1223 4222 1323 4270 Nonsic

226 4288 704 4352 infactaprcmuntintelligemodoeum.
730 4288 760 4336 In
793 4286 818 4334 in
830 4287 914 4346 Galba,
926 4285 1214 4351 quielectusrquisenex‚
1225 4284 1323 4349 ideoque

232 4355 296 4404 Flor.
311 4359 346 4420 (ct
356 4353 431 4418 Bud)
442 4362 478 4402 cst
485 4355 602 4418 principi,
612 4362 640 4401 ιιι
651 4353 761 4403 rescrctm
793 4349 895 4414 prudens
912 4365 960 4415 ease
973 4349 1085 4400 debebat:
1103 4351 1144 4414 qui
1158 4349 1256 4414 denique
1268 4365 1323 4414 par.
