3059 4975
212 216 283 299 ic.
298 242 360 314 m]
591 240 670 299 nm.
691 240 732 297 11.
754 240 846 301 cnr:
870 246 895 301 1.
1239 242 1276 303 ar

256 406 285 469 Ι.
310 408 488 470 Suausssr
504 406 573 491 jam
587 406 740 483 Fortuna,
754 406 789 469 in
803 404 925 469 diversa
938 408 1026 491 parte
1041 418 1207 483 terrarum,
1219 403 1275 467 ini-

212 491 259 555 tia
278 514 462 576 caussasque
483 490 532 554 lm
573 490 630 567 rio,
643 490 730 589 quod
750 492 835 555 varia
849 504 941 569 sorte,
955 488 1063 555 laetum
1080 488 1276 590 Reipublicae

211 589 269 641 aut
296 590 397 653 atrox,
423 575 498 662 ipsis
555 576 632 639 rinci
654 577 725 640 rbus
757 600 952 664 prosperum,
986 589 1042 641 aut
1076 574 1172 639 exibo
1202 574 1273 641 fuit.

212 662 309 726 Titus
323 661 534 748 Vespasianus
548 687 567 727 e
583 664 606 725 J
608 600 708 739 udas,
730 662 880 727 incolumi
901 662 1004 727 adhuc
1027 662 1141 741 Galba,
1163 660 1275 725 missus

211 771 231 811 a
248 762 348 834 patre,
367 770 508 812 caussam
549 748 726 812 reiectionis
746 755 768 787 “
790 748 926 813 officium
947 771 1022 833 erga
1044 747 1221 834 Principem
1242 760 1274 811 et

211 847 367 897 maturam
381 771 706 919 petendislsonoribus
713 834 896 920 juventam”
909 834 1036 899 ferebat.
1083 833 1150 898 Sed·
1159 830 1275 917 vulgus

211 918 350 1005 fingendi
364 918 493 983 avidum
506 918 701 1006 disperserat,
717 928 738 958 “
753 918 887 983 accitum
906 919 939 983 in
953 918 1149 1005 adoptionem
1161 919 1188 982 :''
1210 940 1275 981 ma-

211 1006 289 1068 teria
302 1004 506 1083 sermonibus,
520 1004 640 1069 senium
653 1018 685 1068 et
698 1004 815 1070 orbitas
829 1004 982 1091 Principis
995 1020 1027 1068 et
1039 1002 1276 1091 intemperantia

211 1088 353 1166 civitatis,
369 1089 467 1154 donec
489 1112 572 1154 unus
592 1090 735 1188 eligatur,
758 1088 874 1155 multos
895 1090 1079 1155 destinandi.
1123 1089 1274 1176 Augebat

211 1176 328 1239 famam
344 1174 442 1273 ipsius
460 1176 527 1240 Titi
543 1176 575 1239 in
598 1199 714 1254 emum,
728 1190 990 1263 quantascumque
1010 1176 1145 1241 fortunae
1166 1197 1275 1262 capax,

213 1260 307 1325 decor
327 1285 390 1325 ons
405 1285 478 1325 cum
500 1200 636 1348 quadism
656 1263 826 1348 majestate,
846 1285 919 1349 pros
958 1286 1002 1325 rae
1017 1260 1196 1348 Vespasiani
1215 1282 1275 1339 res,

213 1369 355 1433 praesaga
373 1370 530 1433 respousa,
552 1361 594 1424 et,
616 1347 769 1411 inclinatis
790 1346 831 1411 ad
852 1285 1040 1413 crediirdum
1061 1346 1182 1425 animis,
1208 1344 1276 1409 loco

212 1432 353 1498 ominum
374 1432 468 1506 etiam
487 1432 628 1497 fortuita.
670 1433 737 1497 Ubi
751 1433 904 1511 Corinthi,
920 1432 1050 1500 Achaiae
1069 1434 1158 1513 urbe,
1177 1444 1277 1497 certos

212 1518 342 1581 nuntios
361 1516 478 1603 accepit
496 1517 536 1581 de
552 1518 679 1583 interitu
696 1519 819 1597 Galbae,
839 1532 871 1583 ei
889 1518 1028 1597 aderant,
1048 1518 1103 1617 qui
1117 1542 1204 1583 arma
1219 1516 1277 1583 Vi-

212 1602 288 1667 tellii
302 1601 481 1688 bellumque
494 1604 704 1683 adfirmarent,
722 1604 835 1669 anxius
852 1603 966 1685 animm
984 1628 1091 1692 paucis
1105 1606 1276 1669 amicorum

213 1688 372 1765 adhibitis,
401 1703 515 1753 cuncta
543 1688 700 1775 utrimque
728 1690 904 1777 perlustrat
959 1698 980 1729 “
1012 1691 1045 1755 Si
1073 1702 1217 1777 pergeret
1243 1689 1276 1753 in

214 1774 334 1852 urbem,
354 1774 475 1837 nullam
493 1774 584 1838 officii
602 1776 744 1860 gratiam
762 1776 795 1839 in
813 1776 939 1841 alterius
958 1777 1107 1841 honorem
1121 1774 1276 1861 susceptis
1332 1804 1333 1809 ¹

214 1883 251 1925 ac
271 1883 304 1923 se
325 1858 465 1938 Vitelho,
490 1860 555 1923 sive
576 1861 704 1939 Othoni,
718 1862 866 1926 obsidem
887 1862 962 1926 fore.
1008 1862 1063 1926 Sin
1084 1861 1210 1939 rediret,
1232 1860 1278 1925 of-

215 1944 334 2009 fensam
357 1944 445 2031 haud
467 1944 596 2008 dubiam
618 1946 759 2009 victoris:
795 1948 849 2010 sed
872 1947 989 2011 incerta
1011 1946 1115 2011 adhuc
1137 1946 1277 2025 victoria,

214 2045 247 2094 et
268 2030 455 2095 concedente
474 2030 508 2092 in
529 2044 633 2116 partes
653 2045 752 2117 patre,
774 2032 873 2095 fihum
895 2046 1086 2097 excusatum.
1142 2032 1197 2097 Sin
1214 2031 1279 2097 Ve-

250 2193 319 2248 Qnod
335 2194 400 2239 narie
414 2192 503 2249 ortum]
529 2192 586 2239 Non
602 2193 733 2255 suspicabar
796 2194 922 2256 Prospere
949 2196 1015 2257 Vesp.
1038 2194 1088 2256 res]
1119 2192 1211 2253 Ultima
1231 2193 1279 2241 duo

214 2256 344 2314 demendo,
352 2256 733 2319 ubsqucVeticanoiuissetzcujus
763 2260 833 2305 verba
854 2272 902 2305 non
924 2266 989 2307 erant
1009 2259 1034 2305 in
1052 2259 1107 2307 MS.
1127 2259 1191 2306 Bud.
1213 2267 1236 2307 et
1253 2259 1279 2306 in

214 2322 283 2371 lectio
292 2320 596 2384 siveramegitmeaerius
607 2322 733 2384 paulinis·
763 2322 843 2371 Guelf.
854 2338 869 2370 s
879 2338 951 2371 manu
962 2338 1006 2373 sec.
1019 2322 1097 2371 sddits
1110 2323 1202 2371 suntin
1216 2338 1279 2371 mar-

216 2386 283 2433 tueri.
308 2385 509 2443 Nemineo,uari
520 2386 733 2449 mormsoipmm.
762 2387 823 2449 gine.
857 2387 926 2435 Unde
937 2387 1064 2436 Rhenanus
1072 2388 1162 2436 volebat
1169 2404 1280 2451 prospere

216 2450 258 2509 Et,
270 2450 392 2511 Herodes,
403 2450 583 2514 mlgeteinepta
589 2459 612 2499 et
621 2466 732 2499 exsensa:
759 2466 870 2514 masaga
880 2467 997 2515 responsa,
1007 2454 1075 2516 plane
1085 2461 1112 2500 ut
1120 2463 1154 2501 est
1164 2453 1189 2500 in
1200 2453 1279 2502 (ruet

217 2516 275 2590 quid
290 2516 413 2574 enim-ast,
430 2515 492 2562 varie
507 2524 584 2563 ortum
595 2531 644 2563 esse
654 2517 734 2578 lmpe-
762 2519 824 2564 Sane
836 2517 918 2566 ulienae
930 2528 985 2566 sunt
996 2518 1131 2582 Vespasiani
1143 2519 1215 2582 patris
1226 2534 1278 2566 ress

216 2595 278 2628 num
297 2579 451 2644 Vespasiani?
469 2579 524 2628 Imu
540 2596 601 2628 unus
620 2589 643 2627 et
659 2590 734 2628 certus
762 2597 818 2628 cum
836 2581 866 2630 tle
881 2582 954 2646 ipsius
969 2583 1035 2632 honis
1051 2599 1125 2632 sermo
1141 2583 1179 2632 sit.
1211 2584 1281 2632 Forte

110 2657 114 2666 “
216 2645 280 2694 iliius
299 2653 371 2694 ortus·
418 2643 499 2694 Scribo
519 2661 549 2694 ex
568 2645 669 2708 vestigiis
687 2645 735 2694 illis
763 2654 856 2695 tantum
873 2663 995 2712 prosperae
1014 2663 1051 2696 res
1068 2647 1158 2712 scripsit
1176 2647 1279 2715 Tacitus.

216 2709 302 2772 priscis,
312 2711 373 2771 qnod
383 2711 452 2756 serie
461 2716 530 2756 sorte.
558 2711 640 2772 Atque
649 2709 683 2756 its
692 2719 735 2758 est.
762 2709 835 2758 Eas.
927 2727 929 2732 ·

218 2774 348 2836 Imperium
356 2774 560 2835 Vespasianorum,
572 2774 628 2821 felix
634 2775 735 2838 Reipet
796 2778 915 2838 Prasagn
925 2777 1045 2852 response]
1063 2777 1201 2840 Legendum
1214 2794 1280 2840 prae-

216 2839 307 2899 infelix,
326 2839 430 2902 itemque
447 2838 503 2900 ipsis
519 2838 666 2904 Principibus
680 2839 733 2886 fuit
763 2841 839 2902 sugis,
861 2856 977 2902 response,
997 2841 1100 2890 diximus
1121 2841 1179 2891 Obs.
1198 2845 1223 2900 2,
1240 2845 1281 2891 2⁰.

218 2903 293 2950 liras.
310 2901 734 2968 Emmdstiouibipsianaepetsecer-
763 2905 855 2952 Gnosi.
889 2905 979 2954 Verum
998 2915 1063 2968 pum
1095 2905 1159 2954 Nsm
1176 2910 1282 2954 ominum

217 2967 312 3016 tissime
321 2966 407 3015 addam
417 2965 551 3030 presidium
561 2969 592 3014 ab
602 2966 648 3015 alio
655 2976 735 3015 sucto-
762 2983 820 3016 mox
830 2969 924 3028 mentio,
936 2986 989 3033 quae
999 2977 1054 3018 sunt
1064 2971 1182 3034 presagia.
1209 2971 1282 3021 Ean.

218 3033 249 3080 ris
261 3033 313 3080 loos
326 3032 389 3080 inira
398 3047 418 3079 c.
429 3033 468 3079 95.
501 3033 599 3093 Magrus
610 3039 633 3080 et
648 3034 735 3079 misere
764 3031 801 3082 Ci
814 3035 878 3082 Suet.
889 3033 938 3082 'rie
951 3037 974 3082 2.

218 3098 467 3155 civites,e0dcmmsno
478 3096 591 3144 Othonem
602 3097 735 3144 Vitellium-
797 3099 859 3144 Loco
880 3101 984 3148 cinisum
1006 3100 1078 3147 etiem
1095 3099 1215 3162 fortuite]
1244 3100 1284 3150 Sic

218 3177 261 3223 qne
271 3177 353 3223 passe,
366 3163 429 3207 inter
444 3161 535 3219 Vinios,
546 3162 641 3220 Fabios,
652 3164 735 3220 Icelos,
764 3162 837 3212 edidit
846 3163 866 3210 F
867 3163 949 3212 reinsh
968 3165 1082 3212 Ominum
1091 3171 1145 3212 este
1155 3165 1228 3227 libris,
1239 3166 1283 3214 hs·

219 3228 347 3284 Asiaticos,
355 3227 425 3272 varie
431 3231 454 3272 et
460 3225 639 3284 pudendamrte
646 3229 735 3288 egebat.
765 3227 850 3290 betque
867 3229 946 3276 Gueli.
961 3229 1060 3276 alterum
1075 3244 1104 3278 ex
1118 3229 1225 3293 ingenius
1243 3231 1283 3279 sed

220 3289 360 3338 Fnsrrrsu·
377 3289 445 3338 Sicet
454 3289 487 3334 H.
496 3290 567 3348 3,80.
589 3292 663 3337 Varie
673 3292 737 3352 legn-
766 3307 833 3340 vere:
851 3293 962 3342 sententia
969 3293 1019 3342 brec
1027 3293 1110 3342 Tacito
1119 3303 1141 3342 et
1149 3295 1205 3344 alibi
1215 3311 1284 3356 usur·

219 3363 355 3404 terumsors
353 3355 417 3417 fuit.
425 3354 519 3402 Osos.
525 3354 623 3417 Recepit
629 3353 736 3402 Pichena.
766 3365 828 3418 pate.
862 3356 942 3420 Vulgo
952 3366 1000 3406 erat
1011 3360 1049 3406 vei
1059 3361 1107 3406 loco
1120 3362 1234 3419 emnium,
1246 3361 1284 3408 vel

218 3419 265 3468 Ed.
277 3436 314 3483 pr.
324 3434 384 3466 ncne
390 3425 471 3466 ertum
480 3420 569 3478 oberte,
577 3419 738 3482 utraquescri-
768 3422 1065 3485 mninnmetiemsortunc.
1084 3421 1156 3470 Ena.
1164 3423 1284 3472 Budom·

215 3492 292 3546 ptura
312 3483 436 3544 conjuncta
457 3491 481 3530 et
502 3473 606 3541 confuse,
627 3492 655 3531 ut
675 3484 739 3532 alibi.
769 3487 837 3532 nium
851 3487 924 3532 etiem
933 3487 1045 3548 sortem.
1078 3487 1173 3536 Grotius
1186 3488 1285 3536 anmi

220 3549 293 3596 Enni.
318 3547 382 3596 Bud
401 3548 464 3596 male
482 3549 548 3594 varie
566 3554 646 3595 ortum
663 3563 739 3597 semen
769 3549 875 3596 Freinsh.
886 3549 942 3598 locis
956 3566 986 3598 ex
997 3550 1030 3596 H.
1044 3551 1066 3610 l,
1080 3553 1118 3600 86.
1134 3554 1157 3611 2,
1170 3554 1208 3600 84.
1220 3553 1285 3602 addit

221 3629 243 3660 r.
250 3629 277 3675 p.
769 3613 843 3664 alium
852 3629 944 3679 quoque
955 3614 1054 3664 similem
1066 3615 1091 3664 H
1112 3619 1136 3674 t,
1148 3619 1187 3664 26.

254 3679 351 3725 Missus
362 3679 467 3742 epatre]
480 3675 535 3731 Qua
545 3677 575 3725 de
584 3693 609 3726 re
618 3677 652 3724 its
660 3677 739 3741 Hege-
803 3681 849 3728 Sed
860 3677 1012 3744 imminete]
1024 3682 1070 3728 Sed
1076 3681 1148 3730 edidit
1155 3681 1233 3730 Rhen.
1244 3683 1286 3746 (ex

220 3741 381 3804 sippusffll.
399 3745 544 3792 Sententiam
551 3743 740 3804 noviPrimipis
769 3742 873 3806 ingenio)
892 3747 956 3792 bene.
989 3745 1140 3808 Antiquiores
1158 3747 1209 3794 edd.
1229 3748 1286 3797 item

222 3805 330 3869 (Galba)
342 3809 370 3856 de
383 3809 439 3855 bello
448 3809 552 3856 Judcico
564 3808 681 3854 sensnm
697 3809 741 3854 Vc·
770 3807 824 3855 MS.
836 3807 910 3871 (Bud.
917 3810 951 3870 et)
964 3809 1042 3856 Guelf.
1050 3819 1087 3858 et:
1099 3811 1162 3875 quod
1169 3813 1287 3876 quomodo

219 3872 529 3934 rpesienoconsiiiamsnit:
538 3873 649 3934 misitque
658 3872 741 3919 Titum
770 3873 833 3920 cred
843 3872 931 3920 iactum
941 3873 979 3931 sit,
990 3883 1060 3938 patet.
1077 3877 1123 3924 Sed
1133 3875 1195 3924 idem
1207 3879 1286 3926 Guelf.

152 3985 154 3992 ,
211 3937 297 3997 fllium
309 3944 333 3985 et
343 3939 435 4000 Regem
446 3937 589 3999 Agrippam.
626 3938 697 3984 Tem
712 3938 740 3984 de
771 3945 795 3984 et
804 3937 839 3984 ed.
851 3953 885 4000 pr.
898 3939 1012 3986 incertam
1018 3941 1094 3988 adhuc
1105 3944 1237 4003 victoriam,
1247 3959 1287 3991 ve.

220 4001 315 4048 Achaia
331 4003 438 4061 revertit,
454 4008 572 4063 comperto
586 4002 648 4063 qnod
664 4002 740 4050 Galba
772 4017 825 4048 rum
836 4000 890 4050 Ms.
899 4017 914 4050 a
924 4018 986 4050 man.
998 4019 1041 4052 sec
1053 4006 1121 4054 male.
1144 4007 1229 4055 Sensus
1237 4015 1287 4055 ests

220 4068 326 4114 occisuri
354 4067 467 4129 Agrippa
488 4067 591 4114 somam
615 4067 738 4113 contendit.
772 4065 812 4114 sed
823 4066 914 4114 veniam
925 4069 1011 4131 sperari
1021 4085 1087 4132 posse
1099 4086 1129 4118 ex
1141 4086 1177 4128 eo,
1190 4071 1253 4134 quod
1263 4071 1288 4117 id

223 4128 298 4178 ers.
448 4178 452 4183 ,
771 4131 859 4178 factum
876 4131 906 4178 sit
920 4131 1007 4181 incerta
1022 4135 1097 4183 adhuc
1112 4135 1213 4193 victoria,
1229 4150 1288 4197 prae·

252 4197 333 4242 Decor
344 4196 406 4259 oris]
423 4193 462 4242 Sic
474 4194 591 4258 eleganter
604 4211 634 4242 ex
648 4195 741 4258 ingenio
773 4195 858 4254 sertim,
870 4195 890 4243 si
902 4206 967 4260 pater
979 4198 1003 4246 in
1018 4209 1094 4260 partes
1106 4199 1197 4246 victoris
1208 4212 1288 4245 conce-

222 4259 468 4307 sorrexitRhenanus.
498 4260 655 4308 Libriomnes
666 4262 743 4307 decori
775 4259 829 4307 dat:
847 4259 1024 4324 intelligendum
1035 4264 1143 4326 estsere.-
1161 4277 1215 4308 num
1226 4260 1289 4309 rsiale

223 4324 260 4370 sel
270 4325 368 4372 deceris.
393 4325 465 4373 litem
483 4322 546 4373 Bud.
558 4325 654 4373 decoris.
681 4325 742 4386 Agr.
776 4327 924 4388 infensorum
937 4326 1016 4384 Guelf.
1030 4327 1081 4374 edd.
1095 4327 1151 4373 Pur.
1167 4324 1287 4386 Beshlc.

226 4388 331 4436 decores.
776 4389 846 4437 Elis.
860 4391 922 4438 Bud.
935 4389 1226 4438 inccrtnsdlsncvictmin.
1250 4391 1289 4438 Sic
