3059 4975
226 293 254 338 r.
270 278 297 339 s.
312 280 384 356 ra]
417 244 421 250 ’
608 249 908 363 marmure·
1256 285 1296 349 7³

270 443 447 510 LXXIX.
470 443 639 511 Conversis
648 442 793 510 ad'ciiile
811 442 940 509 bellum
950 442 1072 522 animis,
1085 454 1214 509 externa
1231 442 1298 511 sine

226 546 304 593 cura
316 530 521 595 habebantur.
566 532 618 593 Eo
631 530 797 595 audentius
813 526 1004 609 Rhoxolani,
1019 529 1191 595 Sarmatica
1207 552 1296 616 gens,

226 614 330 711 priore
342 614 443 679 hieme
456 614 542 679 caesis
556 615 680 680 duabus
691 614 883 695 cohortibus,
895 638 1010 701 magna
1024 624 1078 703 spe
1092 614 1133 678 ad
1148 616 1296 679 Moesiam

260 722 297 764 ru
339 715 441 765 rantz.
464 724 577 765 novem
604 701 702 765 millia
729 702 883 788 equitum,
913 700 1063 765 ferociora
1094 724 1236 765 successu
1265 714 1298 767 et

226 722 259 763 sn

226 808 251 871 p
315 810 343 851 ae
364 784 464 873 magis
484 810 581 873 quam
624 810 719 875 ugnae
738 788 867 852 intenta.
918 787 1021 873 Igitur
1041 808 1138 873 vagos
1158 800 1191 851 et
1210 786 1298 852 incu-

226 870 323 936 riosos
345 873 438 936 tertia
458 871 552 969 legio,
574 809 729 958 adiunctis
749 871 884 951 auxiliis,
905 887 1032 959 repente
1053 870 1183 937 invasit:
1209 872 1298 1021 apud

227 958 389 1023 Romanos
415 966 520 1021 omma
548 957 658 1045 proelio
682 973 775 1046 apta:
811 959 972 1036 Sarmatae,
997 958 1126 1046 dispersi
1150 958 1224 1045 cupi
1245 959 1298 1023 ine

227 1042 357 1128 praedae,
368 1054 425 1107 aut
445 1060 556 1129 graves
568 1066 661 1107 onere
674 1045 876 1123 sarcinarum,
892 1056 925 1107 et
941 1043 1062 1107 lubrico
1079 1042 1226 1109 itinerum
1243 1044 1299 1109 ad-

227 1142 334 1216 empta
346 1152 500 1216 equorum
516 1128 706 1216 pernicitate,
726 1126 814 1194 uelut
831 1128 928 1193 vincti
947 1128 1157 1195 cedebantur.
1200 1130 1299 1194 Nam·

229 1236 292 1300 que
304 1215 418 1279 mirum
433 1214 530 1293 dictu,
544 1228 582 1279 ut
596 1215 636 1279 sit
648 1215 749 1281 omnis
764 1216 978 1279 Sarmatarum
992 1214 1093 1279 virtus
1105 1215 1193 1280 velut
1209 1228 1299 1279 extra

227 1300 328 1386 ipsos:
358 1300 498 1365 nihil·ad
518 1301 694 1388 pedestrem
715 1322 856 1389 pugnam
877 1314 942 1365 tam
962 1300 1131 1388 ignavum:
1162 1299 1218 1366 ubi
1241 1324 1299 1399 per

228 1399 348 1451 turmas
360 1387 525 1465 advenere,
539 1386 593 1451 vix
613 1386 680 1451 ulla
696 1388 777 1453 acies
794 1385 957 1451 obstiterit.
1001 1388 1064 1451 Sed
1078 1398 1148 1451 tum
1167 1385 1299 1453 humido

227 1470 280 1535 die
293 1485 326 1535 et
338 1472 441 1536 soluto
460 1470 535 1558 gelu
547 1494 651 1559 neque
664 1473 758 1551 conti,
779 1495 881 1559 neque
902 1470 1008 1559 gladii,
1023 1495 1103 1570 quos
1122 1471 1299 1559 praelongos

227 1569 365 1643 utraque
385 1580 481 1621 manu
501 1573 626 1645 regunt,
648 1557 731 1637 usui,
753 1556 947 1645 lapsantibus
970 1580 1059 1644 equrs
1084 1572 1116 1623 et
1136 1558 1300 1645 cataphra-

227 1655 350 1707 ctarum
375 1643 522 1730 pondere.
571 1643 613 1707 Id
634 1643 834 1730 Principibus
855 1656 887 1709 et
906 1642 1096 1709 nobilissimo
1118 1642 1232 1730 cuique
1253 1656 1299 1709 te·

227 1750 331 1813 gmen,
345 1728 454 1793 ferreis
471 1728 593 1793 laminis
613 1743 670 1793 aut
689 1729 837 1817 praeduro
859 1729 942 1793 corio
963 1742 1160 1805 consertum
1183 1741 1221 1793 nt
1243 1730 1299 1794 ad-

227 1836 335 1878 versus
367 1814 447 1879 ictus
473 1813 706 1902 inpenetrabile,
740 1814 785 1879 ita
815 1813 848 1878 in
872 1829 926 1879 etu
957 1813 1094 1879 hostium
1148 1814 1299 1883 rovolutis

226 1898 363 1965 inhabile
384 1900 425 1964 ad
445 1899 691 1985 resurgendum:
719 1899 812 1964 simul
863 1900 996 1965 titudine
1017 1914 1049 1965 et
1069 1838 1198 1971 moditia
1218 1901 1300 1967 nivis

226 1984 462 2051 hauriebantur.
521 1986 684 2047 Romanus
706 1984 796 2048 miles
818 1984 901 2049 facili
926 1984 1022 2049 lorica
1046 2000 1078 2049 et
1103 1985 1209 2049 missili
1232 1986 1298 2074 pilo

227 2082 285 2135 aut
304 2070 418 2134 lanceis
436 2068 608 2148 adsultans,
631 2070 686 2133 ubi
707 2093 755 2134 res
776 2081 926 2167 posceret,
948 2068 1009 2133 levi
1029 2069 1134 2157 gladio
1148 2070 1298 2137 inermem

228 2156 403 2221 Sarmatam
423 2156 541 2242 (neque
561 2154 643 2219 enim
665 2154 792 2220 defendi
812 2168 900 2220 scuto
921 2178 989 2222 mos
1010 2156 1071 2237 est)
1090 2156 1232 2221 cominus
1251 2158 1300 2223 fo-

227 2240 350 2306 diebat:
373 2242 472 2306 donec
490 2240 592 2329 pauci,
605 2240 662 2327 qui
682 2240 793 2339 proelio
813 2264 849 2305 su
873 2241 1042 2321 erfuerant,
1059 2240 1230 2331 paludibus
1243 2244 1299 2308 ab·

227 2326 394 2395 derentru:
418 2327 462 2393 ibi
476 2326 594 2394 saevitia
606 2327 716 2397 hiems
729 2340 761 2394 et
775 2264 983 2393 vivdlnerum
995 2327 1163 2417 absumpti.
1208 2330 1299 2397 Post-

260 2529 357 2590 Magna
369 2543 410 2591 spe
419 2529 451 2576 ud
464 2528 580 2576 Mariam
595 2525 747 2594 irruperant]
779 2528 886 2590 dispersi.
910 2526 960 2592 (Sic
970 2525 1028 2576 etin
1039 2525 1114 2590 Bnd.)
1125 2527 1152 2576 J.
1166 2527 1299 2580 Gronovius

228 2591 390 2640 AdMoeriom
401 2607 481 2642 ornnes
491 2609 534 2641 sar.
544 2599 569 2639 et
578 2591 631 2640 edd.
656 2593 713 2640 Post
724 2599 747 2640 et
778 2602 877 2640 veterem
895 2593 1000 2641 ordinem
1020 2593 1121 2641 restitnit
1141 2609 1168 2642 ac
1186 2594 1299 2644 defendit.

221 2657 520 2721 ferocioedd.omnesante
528 2656 746 2720 Rhen.is(eBnd.)
778 2655 839 2718 Ejus
862 2657 961 2705 rationes
986 2657 1046 2706 mihi
1071 2671 1118 2705 non
1146 2659 1297 2720 satisfaciunt,

227 2721 300 2770 edidit
310 2737 355 2770 ear
370 2725 402 2770 sic
412 2731 435 2771 et
446 2721 527 2771 Guuf.
549 2721 661 2770 Similiter
674 2737 695 2769 c.
705 2722 747 2777 77.
778 2735 836 2784 quas
845 2721 958 2784 inspiciat,
969 2723 1011 2785 qui
1025 2722 1093 2771 volet.
1110 2721 1297 2772 Freinshemium

227 2802 271 2850 pro
279 2794 303 2834 et
315 2789 426 2850 preteriti
437 2805 482 2834 aaa
491 2794 552 2834 recte
564 2784 653 2833 cditrrm
662 2799 692 2834 es
704 2803 747 2847 pr.
778 2799 858 2832 verum
867 2786 950 2834 vidisse
960 2797 1024 2850 puto,
1037 2801 1091 2834 cum
1101 2786 1127 2833 J.
1139 2785 1167 2834 F.
1179 2787 1298 2837 Gronovio

227 2867 283 2900 ura.
315 2852 362 2900 Sed
378 2860 432 2916 post
448 2855 589 2914 irruperant
609 2864 656 2897 non
678 2850 748 2899 debet
778 2849 868 2909 etaliis,
880 2851 921 2914 qui
929 2851 979 2912 ejus
987 2851 1148 2898 correctionem
1157 2852 1297 2900 scartisunt.

228 2931 276 2964 esse
291 2926 413 2980 punctum,
429 2916 469 2964 sed
484 2915 561 2963 minor
577 2913 702 2972 distinctio,
720 2923 748 2963 ut
778 2913 850 2962 nas.
866 2915 924 2962 dam
935 2915 1055 2963 Acidalius
1061 2917 1086 2962 τὶ
1096 2922 1141 2964 aar
1148 2924 1202 2964 ante
1209 2931 1299 2980 graves

228 2981 254 3028 in
269 2981 348 3029 Guelf.
380 2982 493 3030 Sarmata
507 2980 646 3044 irruperant,
663 2994 747 3028 norem
779 2979 898 3026 locaverat.

228 3045 311 3104 millia,
328 3056 352 3094 et
361 3061 448 3094 caussa
462 3045 596 3108 irruptionis
611 3043 703 3104 ferocis,
719 3053 748 3092 ut
816 3046 899 3093 Virtus
910 3044 973 3091 velat
984 3049 1052 3091 extra
1063 3043 1135 3107 pror]
1168 3043 1262 3108 Nempe
1272 3045 1298 3092 in

228 3111 258 3158 ab
269 3110 344 3172 initio,
355 3119 503 3159 etsucccssus
519 3109 642 3173 superioris
656 3109 748 3159 hiemis.
778 3108 913 3172 pernicitate
930 3123 1052 3172 equorum,
1071 3123 1118 3157 non
1135 3107 1160 3155 in
1178 3109 1257 3157 animo
1275 3119 1299 3158 et

228 3175 314 3223 Paullo
333 3183 388 3238 post
407 3190 488 3223 omnes
507 3173 562 3222 libri
584 3175 656 3221 tertia
676 3176 747 3235 legio,
778 3173 878 3236 corporis
889 3175 977 3232 robore,
986 3183 1015 3220 ut
1024 3173 1093 3221 hodie
1102 3172 1185 3222 sercin
1196 3181 1299 3222 tannen-

229 3254 328 3304 eemque
337 3241 362 3287 in
377 3240 463 3288 Moesia
474 3239 547 3287 fuisse
561 3245 625 3302 patet
635 3253 665 3285 ex
675 3238 710 3285 H.
721 3240 746 3298 2,
777 3236 808 3284 tis
825 3238 917 3289 bellicis
951 3237 1053 3286 Videtur
1067 3237 1164 3286 ductum
1176 3253 1192 3285 a
1205 3238 1297 3300 Stoicis,

228 3303 270 3358 74.
300 3305 410 3353 Savillius
420 3305 507 3352 frustra
516 3303 608 3364 conjicit
625 3308 672 3349 tres
688 3304 748 3364 legi-
779 3301 820 3364 qui
840 3305 956 3364 negabant
976 3305 1129 3350 exstrinsecus
1148 3317 1196 3351 esse
1214 3303 1299 3352 debere

228 3384 290 3428 ones,
302 3369 359 3433 quis
372 3378 418 3417 tres
431 3368 514 3432 Legati
525 3365 664 3416 Consularis
679 3380 746 3413 orna·
778 3367 837 3414 bene
847 3366 939 3414 vivendi
949 3366 1054 3417 rationes
1072 3368 1143 3416 Ean.

227 3442 309 3481 menta
318 3433 430 3498 accepisse
439 3433 556 3480 dicuntur.
588 3431 637 3480 Tot
646 3430 748 3493 legiones
810 3429 944 3491 Advertere]
965 3430 1047 3479 Heins
1065 3432 1157 3479 volebat
1173 3433 1298 3494 adsiluere,

227 3497 253 3544 in
272 3497 357 3546 Mada
375 3507 427 3545 tum
444 3498 524 3551 iubae,
540 3512 622 3545 rerum
638 3504 682 3554 est,
698 3494 746 3543 vid.
779 3503 805 3542 ut
818 3493 849 3542 Α.
863 3497 887 3554 2,
900 3494 941 3542 21.
974 3494 1105 3559 MoxAgr.
1117 3497 1298 3558 tegimenti

228 3562 294 3610 Suet.
304 3563 377 3626 vesp.
387 3578 408 3610 a.
419 3563 444 3610 6.
454 3560 494 3609 sed
509 3576 557 3609 non
572 3574 653 3609 omnes
668 3567 748 3608 contra
778 3559 822 3607 hoc
833 3558 871 3607 eit.
1066 3601 1068 3606 ,

227 3641 312 3674 norem
327 3627 403 3674 millia
417 3627 566 3675 barbaromm
583 3640 638 3673 cum
654 3623 749 3672 auxiliis
812 3623 931 3672 Proedaro
949 3621 1023 3689 eorm]
1056 3623 1094 3672 stc
1112 3624 1185 3674 MSS.
1204 3632 1228 3674 et
1245 3625 1297 3674 edd

227 3691 311 3740 ductae.
352 3692 408 3739 Una
427 3691 488 3754 legio
509 3705 564 3738 cnm
585 3689 633 3738 suis
653 3689 748 3737 auxiliis
778 3703 866 3736 omnes.
883 3689 978 3753 lipsius
989 3688 1019 3736 de
1029 3687 1084 3736 Mil.
1095 3689 1166 3737 Rom.
1174 3691 1199 3752 3,
1211 3691 1234 3738 6.
1243 3705 1299 3740 con·

227 3755 362 3804 sufficiebat.
394 3755 478 3804 Honos
491 3762 570 3803 tamen
585 3769 640 3801 cnm
653 3754 748 3816 [regatis
776 3753 832 3815 jecit
842 3767 923 3814 corna,
935 3754 990 3818 quia
1001 3753 1033 3801 sic
1043 3753 1151 3802 nonnulli
1163 3755 1193 3804 de
1205 3755 1299 3806 Sarma.

227 3821 337 3868 omnibns
362 3821 553 3869 communicatus.
582 3818 655 3867 Eun.
688 3817 747 3866 God.
779 3817 809 3866 tis
826 3817 947 3877 tradidere,
967 3817 1007 3866 sed
1022 3817 1071 3866 sine
1088 3835 1176 3882 mussa,
1194 3830 1223 3870 ut
1239 3830 1300 3872 reete

226 3887 289 3948 Agr.
300 3887 448 3950 remotiora
458 3899 565 3932 successu
575 3889 606 3931 et.
629 3883 684 3931 Hoc
692 3883 749 3946 Bip.
777 3883 866 3945 judicat
874 3883 899 3931 J.
909 3883 1046 3931 Gronovius.
1058 3883 1129 3932 Ean.
1148 3885 1210 3934 Cum
1217 3887 1300 3950 Lipsip

226 3950 311 3999 omissa
324 3950 395 4014 priori
409 3950 492 4014 copula
505 3963 623 4014 recepere:
640 3955 710 4006 recte,
721 3955 749 3995 ιιι
778 3947 834 3996 facit
845 3947 968 3996 Fabrettus
978 3947 1008 3996 ad
1019 3949 1061 3996 col.
1073 3948 1164 4013 Traia
1176 3951 1198 3998 4.
1206 3966 1230 4014 p.
1244 3951 1298 3999 lll.

227 4023 295 4078 puto,
305 4030 365 4078 quos
379 4029 471 4078 sequor.
502 4013 562 4062 Ern.
572 4020 680 4076 posuerat
694 4012 748 4060 vul·
811 4013 843 4061 R.
856 4013 1001 4077 mllessnctli
1012 4013 1098 4078 Ιονιεα]
1115 4015 1170 4064 MS.
1182 4015 1245 4064 Flor.
1255 4017 1300 4080 sa·

226 4089 310 4142 gotum
328 4094 359 4127 ea
370 4080 464 4143 serneio
479 4083 502 4126 et
516 4092 629 4127 mseras.
662 4077 749 4125 Contra
779 4079 927 4124 cilisloricar
961 4077 1298 4144 uodnonadenspernendum·

227 4143 298 4192 Acid.
314 4145 365 4205 jam
382 4142 517 4192 emendarat
528 4143 623 4207 ferocia
640 4156 670 4189 aa
684 4156 747 4190 accc.
779 4141 885 4204 Rychius
898 4093 979 4190 laudat
992 4157 1022 4190 ex
1035 4153 1113 4192 nostro
1125 4147 1198 4192 bene:
1216 4145 1300 4206 sagulo

228 4207 274 4256 Sed
284 4209 441 4272 comparativo
451 4207 523 4255 simili
534 4207 605 4255 modo
618 4206 693 4254 utitur
705 4221 752 4254 no·
778 4209 845 4255 lever.
868 4207 954 4256 Facilis
961 4207 1032 4256 lorica
1042 4217 1076 4258 cst
1086 4209 1171 4256 habilis
1181 4208 1230 4256 sine
1239 4220 1299 4270 pon·

227 4272 344 4319 sterinfra
355 4277 380 4334 4,
391 4274 434 4322 28.
586 4276 588 4279 '
779 4271 841 4330 dere,
853 4286 899 4318 non
910 4271 1007 4320 molesta
1017 4271 1116 4336 gestanti
1126 4271 1202 4318 militi.
1226 4271 1298 4316 Enn-

260 4338 373 4399 Dispersi
389 4338 508 4400 cupidine,
525 4345 567 4387 aut
575 4351 634 4400 gno.
647 4335 677 4400 a]
710 4335 749 4385 Sic
812 4333 1130 4397 Mamiliahiomberw]
1146 4331 1248 4380 Mutilus
1263 4330 1300 4404 lo-

213 4394 301 4450 'edidit
312 4399 419 4451 Freinsh.
429 4411 553 4454 cum'ante
568 4408 611 4451 αιιι
627 4409 685 4452 esset
698 4409 750 4466 post
781 4415 821 4450 cus
832 4409 873 4450 aut
884 4409 1010 4465 comptus.
1028 4399 1092 4449 Mihi
1103 4412 1131 4446 ex
1143 4395 1254 4444 sententia
1264 4409 1301 4444 rt·
