3059 4975
211 262 265 335 uo
583 252 882 356 ursronmnun
1104 256 1269 333 [naam

207 444 265 501 sun
291 434 388 499 ratus,
414 440 478 507 qna
503 440 594 495 nemo
618 418 671 485 illa
697 430 879 505 tempestate
899 416 1040 485 militaris
1063 417 1108 485 rei
1132 415 1271 486 callidior
1290 503 1293 507 Α

206 506 389 585 habebatur,
404 505 444 570 de
459 519 524 571 toto
538 527 650 591 genere
660 504 736 581 belli
748 526 886 582 censere,
897 511 919 543 “
933 502 1160 571 festinationem
1175 503 1271 585 hosti-

207 592 278 671 bus,
294 614 411 669 moram
426 591 500 678 ipsis
514 590 640 658 utitem'
655 590 817 663 disseruit:
1204 620 1207 625 ¹

252 678 411 742 XXXII.
436 684 457 715 “
479 677 664 740 Exercitum
679 675 799 747 Vitellii
813 676 992 744 universum
1012 673 1189 741 advenisse:
1212 696 1271 739 nec

207 762 343 841 multum
356 762 471 827 virium
484 784 504 827 a
518 775 616 849 tergo,
629 762 777 849 quoniam
793 761 906 827 Galliae
919 772 1070 839 tumeant,
1085 772 1117 825 et
1130 760 1270 825 deserere
1359 780 1363 787 ’

208 847 314 927 Rheni
323 848 433 934 ripam,
443 848 615 935 inrupturis
626 846 820 913 taminfestis
830 847 1014 921 nationibus,
1025 870 1088 911 uon
1096 846 1268 930 conducat}

208 932 423 1009 Britannicum
435 933 565 1000 militem
578 934 666 999 hoste
678 945 708 1003 et
722 933 800 1001 mari
814 933 970 1001 distineri:
994 932 1164 1019 Hispanias
1176 932 1271 997 armis

207 1042 270 1099 non
284 1018 328 1085 ita
341 1020 535 1095 redundare:
558 1019 747 1106 provinciam
769 1020 1003 1087 Narbonensem
1024 1019 1155 1085 incursu⁴
1167 1018 1272 1085 classis

206 1118 239 1185 et
259 1105 390 1175 adverso
410 1104 520 1192 proelio
541 1105 778 1175 contremuisse:
800 1105 938 1173 clausam
961 1104 1109 1192 Alpibus,
1130 1117 1163 1168 et
1183 1104 1272 1169 nullo

207 1190 301 1269 maris
326 1191 475 1271 subsidio,
498 1193 602 1261 Trans
643 1190 756 1261 donam
779 1191 904 1261 Italiam
928 1203 1023 1277 atque
1046 1190 1115 1277 ipso
1139 1189 1272 1257 transitu

206 1276 508 1355 exercitusvastam:
525 1298 586 1339 nou
611 1290 791 1345 rumentum
802 1276 1272 1364 usquamexercitui,necexer.

207 1360 305 1431 citum
318 1362 384 1433 sine
397 1361 493 1449 mpiis
506 1362 632 1427 retineri
644 1386 742 1449 posse.
788 1365 811 1426 J
812 1386 863 1429 am
874 1365 1057 1440 Germanos,
1071 1361 1158 1448 quod
1170 1383 1272 1511 ffius

207 1447 341 1527 militum
353 1448 441 1533 apud
453 1448 558 1516 hostes
570 1450 797 1519 atrocissimum
810 1449 860 1526 sit,
872 1462 970 1515 tracto
982 1448 1016 1513 in
1025 1461 1163 1513 aestatem
1239 1472 1273 1526 0,

207 1532 301 1609 fluxis
320 1557 372 1607 ¹oor
414 1533 512 1611 ribus,
532 1535 736 1605 mutationem
755 1534 813 1603 soli
830 1534 963 1621 caelique
976 1534 1063 1601 haud
1076 1533 1269 1621 toleraturos.

208 1618 316 1683 Multa
329 1620 369 1683 be
392 1624 421 1697 a,
432 1619 540 1706 inpetu
549 1620 662 1699 valida,
675 1636 731 1707 per
740 1620 834 1685 taedia
844 1634 876 1684 et
886 1644 988 1684 moras
996 1620 1165 1683 evanuisse.
1188 1622 1271 1685 Con-

208 1717 257 1767 tra
270 1704 344 1791 ipsis
358 1704 461 1768 onmia
480 1704 628 1792 opulenta
645 1718 675 1769 et
692 1706 775 1769 fida:
800 1704 1005 1783 Pannoniam,
1021 1703 1178 1781 Moesiam,
1193 1703 1272 1769 Dal·

208 1790 344 1870 matiam,
360 1790 531 1867 Orientem,
546 1812 619 1854 cum
632 1791 761 1877 integris
775 1791 979 1866 exercitibus3
1005 1789 1273 1877 Italiametcaput

207 1882 313 1939 rerum
327 1876 458 1955 urbem:
481 1878 693 1963 Senatumque
714 1892 746 1940 et
765 1876 926 1963 Populum
946 1889 1119 1965 numquam
1141 1875 1275 1941 obscura'

208 1961 344 2040 nomina,
369 1962 426 2025 etsi
447 1960 616 2048 aliquando
638 1964 882 2041 obumbrentur3
906 1960 1053 2049 'publicas
1074 1961 1275 2049 privatasque

208 2070 283 2133 opes
297 2062 328 2115 et
341 2048 512 2113 inmensam
526 2047 700 2133 pecuniam,
712 2050 794 2130 inter
808 2047 912 2113 civiles
926 2046 1094 2112 discordias
1107 2046 1190 2111 ferro
1197 2047 1275 2135 valis

208 2131 348 2208 diorem;
372 2156 502 2221 corpora
516 2134 652 2196 militum
666 2148 722 2197 aut
738 2133 836 2199 ltaliae
845 2147 943 2211 sueta,
952 2146 1009 2197 aut
1020 2133 1163 2197 aestibus:
1187 2134 1275 2220 obja-

208 2224 276 2284 cere
297 2218 414 2283 flumen
436 2218 571 2295 Padum,
595 2232 678 2283 tutas
698 2219 773 2282 viris
794 2219 955 2304 murisque
976 2219 1088 2291 urbes;
1119 2240 1138 2281 e
1159 2218 1275 2303 quibus

208 2304 327 2373 nullam
335 2303 416 2369 hosti
424 2326 590 2381 cessuram,
602 2304 770 2369 Placentiae
781 2304 960 2368 defensione
967 2303 1175 2403 exploratum.
1197 2305 1275 2367 Pro-

207 2388 280 2453 inde
289 2390 416 2453 duceret
424 2388 555 2453 bellum:
570 2391 677 2476 paucis
686 2390 798 2456 diebus
807 2390 1101 2477 quartamdecimam
1110 2388 1274 2475 legionem,
1309 2414 1312 2426 ¹

208 2495 260 2538 ma·
282 2499 322 2539 na
335 2475 434 2562 ipsam
449 2476 543 2558 fama,
559 2486 631 2540 cnm
647 2475 805 2558 Moesiacis
818 2475 915 2562 copiis
928 2476 1055 2542 adfore:
1084 2487 1153 2540 tum
1167 2499 1277 2550 rursus

208 2499 464 2676 delilre'pmurum,
479 2576 520 2641 et,
535 2561 562 2626 si
576 2561 724 2648 proelium
737 2562 920 2650 placuisset,
931 2561 1031 2626 auctis
1044 2561 1163 2625 viribus
1178 2576 1276 2627 certa·

209 2661 305 2712 turos.
726 2678 729 2686 ·
1080 2666 1083 2672 ’
1154 2678 1157 2684 ·

253 2733 437 2814 XXXIII.
462 2731 641 2798 Accedebat
663 2733 826 2802 sententiae
844 2731 982 2814 Paullini
1004 2731 1128 2816 Marius
1146 2730 1274 2798 Celsus:

211 2825 233 2868 ‘⁶
248 2813 332 2886 idem
341 2811 467 2923 ¹placere
481 2819 590 2884 Annio
604 2816 726 2899 Gallo?
742 2843 858 2907 paucos
872 2833 944 2893 ante
951 2820 1024 2883 »dies
1035 2819 1124 2908 lapsu
1139 2820 1213 2906 equi
1222 2818 1277 2883 ad·

208 2905 303 2990 dicto,
316 2906 409 2982 mrssi,
421 2905 476 2993 qui
488 2905 648 2970 consilium
661 2907 731 2992 ejus
742 2905 979 2984 sciscitarentur,
988 2904 1166 2970 retulerant
1192 2904 1277 2969 Otho

210 2993 328 3077 pronus
350 2991 400 3058 ad·
412 2989 653 3056 decertandum:
677 2991 775 3055 frater
796 2992 864 3076 ejus
879 2991 1037 3074 Titianus,
1059 3004 1090 3054 et
1105 2989 1279 3068 Praefectus

243 3167 328 3215 cattia
350 3171 463 3226 tprnaopt,
484 3166 519 3230 at]
544 3164 659 3227 Copulnm
677 3171 731 3228 apte
756 3163 929 3212 mansissem
944 3162 1006 3228 bane
1021 3171 1119 3226 partem,
1136 3169 1279 3211 nteaartur

209 3229 345 3287 mommsen
363 3228 437 3277 Vatia
470 3229 571 3276 Temere
589 3235 666 3276 autem
684 3229 730 3276 eta
758 3224 989 3276 faterent‘vartntaa
1007 3227 1063 3275 Vid.
1080 3227 1141 3275 viros
1155 3228 1234 3274 donor
1249 3223 1280 3273 ad

209 3294 275 3358 giuti
285 3290 731 3359 nietaphoradicuntm‚quaeeiupmra
760 3291 917 3351 Liuiano.
945 3290 1204 3346 Addnntraadnstt.
1229 3287 1280 3338 Itass

209 3358 330 3407 ridentum
349 3358 469 3420 usurpavit
484 3357 564 3405 Cicero
578 3357 614 3405 bis
629 3357 653 3403 in
668 3357 730 3420 Epi*
775 3373 806 3404 ue
816 3364 907 3405 amiam
921 3357 1003 3405 merito
1017 3357 1122 3419 pretuli:
1134 3363 1233 3403 secutus
1246 3362 1280 3402 est

210 3421 731 3490 stolitndAtticumlt‚teto.L1rs.Adds
759 3373 885 3484 liuterius
902 3421 975 3488 Ean.
986 3430 1009 3467 et
1024 3421 1085 3468 hall.
1161 3419 1165 3424 '

211 3485 279 3536 OEnr.
287 3487 338 3537 cte
349 3489 405 3536 inlr.
413 3504 435 3536 r.
445 3489 515 3558 Ean.
534 3488 568 3535 Et
576 3487 639 3534 Plin.
646 3501 730 3554 parrega
793 3490 850 3535 Sine
861 3483 946 3552 copiis]
963 3481 1020 3533 Sina
1032 3492 1169 3553 commeatu.
1187 3483 1233 3532 &a
1243 3478 1280 3529 ln.

210 3553 254 3630 26..
264 3553 589 3628 turpentiinaplrbirantmr'r.
613 3551 730 3663 llansffils
758 3551 795 3598 fra
809 3553 832 3611 3,
849 3551 888 3598 60
897 3552 923 3608 4,
940 3552 978 3617 22·
995 3549 1033 3598 ct.
1052 3546 1185 3611 symmach.
1200 3563 1238 3612 ep.
1256 3548 1278 3605 l,

209 3617 373 3730 ffiiwiiiam
384 3619 666 3748 ieeiiiiuimdbnniipiddiuir?
676 3651 731 3728 scri-⁵
759 3616 1028 3748 ὅῠόᾗπνέωκΐιηίἕπα]
1062 3677 1128 3725 Bud.
1150 3645 1280 3725 obrwrarii

209 3754 293 3808 ptum,
368 3746 456 3820 'ibiest
472 3747 496 3794 in
513 3745 596 3794 Bud.i
652 3752 730 3824 tamen
761 3744 828 3792 Idem
840 3747 953 3822 §endam
963 3750 986 3790 ct
997 3744 1058 3803 Pop.
1069 3741 1127 3805 Agr.
1139 3741 1282 3790 nomam.

208 3810 732 3944 attentissimam&
760 3803 1282 3946 ,attestantiantssn

210 3937 270 3987 kius.
278 3938 344 3986 Idam
351 3939 640 4002 codmartttmtrAlptbas,
647 3938 731 4007 glossa.
760 3938 794 3986 Et
804 3939 837 4002 sic
852 3937 877 3984 in
894 3937 951 3986 MS.
962 3937 1032 3985 Harl.
1044 3946 1128 4010 reperit
1143 3935 1280 4009 Brptsrmsr

246 4005 362 4051 Tramite
378 4017 453 4062 exerc.
465 4007 567 4068 varum]
585 4004 624 4070 Sic
640 4019 653 4050 e
667 4003 687 4049 F
688 4003 730 4050 lor.
761 4003 790 4050 de
796 4003 866 4050 verbo
873 4003 1010 4071 obumbrare
1016 4002 1203 4064 supradiximus.
1209 4000 1282 4046 Errat.

211 4067 283 4116 edidit
301 4067 328 4116 J.
350 4068 489 4128 Grumum,
512 4071 639 4132 probatque
660 4067 731 4115 etiam
761 4065 825 4134 Bnd.
839 4069 896 4113 esst.
913 4065 952 4114 Sic
962 4075 985 4114 et
996 4067 1052 4114 Put.
1065 4066 1118 4134 dle.
1126 4064 1204 4112 Rhea.

211 4132 323 4196 Ryckiun
341 4133 382 4196 qui
396 4135 456 4181 etin
467 4134 522 4182 MS.
536 4134 596 4196 ΑΨ.
607 4141 729 4195 repererat
794 4132 970 4180 faeneratus
978 4129 1214 4193 quartamdecimam]
1223 4127 1284 4177 Hac

212 4195 334 4252 Conuenit
349 4199 384 4246 ed.
401 4193 436 4260 pr.
449 4199 505 4248 MS.
517 4201 578 4260 Reg.
603 4197 683 4260 Vulgo
699 4200 733 4250 (et
761 4196 859 4255 restitui,
870 4196 895 4242 in
906 4196 1007 4258 vulgatis
1017 4193 1179 4257 quaaverbis,
1197 4209 1245 4258 qua
1253 4195 1284 4241 ab
1391 4226 1393 4229 -

210 4261 424 4323 Bnd.)naetatam.
457 4263 625 4320 Possisdicere,
642 4276 671 4308 ex
689 4260 733 4309 hoc
762 4259 913 4323 interpunctis
935 4259 1053 4306 mendosa.
1081 4258 1158 4306 luas.
1190 4259 1284 4320 Nempe

210 4326 298 4374 facturn
310 4335 409 4385 vortam,
422 4337 448 4376 ut
459 4344 528 4394 supra
537 4333 619 4393 jactus
630 4342 643 4374 e
652 4329 733 4388 jacta·
762 4324 834 4388 vulgo
853 4325 1060 4387 interpungebatur
1081 4331 1134 4388 post
1152 4324 1239 4382 debus,
1261 4331 1285 4370 et

211 4391 258 4448 tui,
270 4401 294 4438 et
303 4391 388 4440 similia
398 4392 473 4450 inlhis
489 4403 512 4442 et
527 4394 578 4442 aliis
593 4390 666 4438 libris.
699 4391 733 4438 At
763 4392 843 4438 aberat
853 4405 914 4436 cam.
931 4390 1004 4436 Ean.
1020 4385 1093 4436 Doest
1102 4396 1126 4435 et
1135 4388 1159 4436 in
1171 4388 1235 4436 Bnd.

211 4464 290 4502 contra
306 4457 362 4505 satis
374 4467 471 4519 constat,
484 4460 588 4508 librarios
605 4455 735 4518 raldapro·
766 4480 771 4487 ·
794 4452 1020 4515 Addecertandmn]
1030 4451 1284 4502 anonomaston.
