<?xml version="1.0" encoding="UTF-8"?>
<!DOCTYPE html PUBLIC "-//W3C//DTD XHTML 1.0 Transitional//EN"
    "http://www.w3.org/TR/xhtml1/DTD/xhtml1-transitional.dtd">
<html xmlns="http://www.w3.org/1999/xhtml" xml:lang="en" lang="en">
 <head>
  <title>
</title>
<meta http-equiv="Content-Type" content="text/html;charset=utf-8" />
  <meta name='ocr-system' content='tesseract 3.04.00' />
  <meta name='ocr-capabilities' content='ocr_page ocr_carea ocr_par ocr_line ocrx_word'/>
</head>
<body>
  <div class='ocr_page' id='page_1' title='image "./ccorneliitaciti00grongoog/ccorneliitaciti00grongoog_0400.png"; bbox 0 0 3059 4975; ppageno 0'>
   <div class='ocr_carea' id='block_1_1' title="bbox 245 231 1026 296">
    <p class='ocr_par' dir='ltr' id='par_1_1' title="bbox 245 231 1026 296">
     <span class='ocr_line' id='line_1_1' title="bbox 245 231 1026 296; baseline 0 -2"><span class='ocrx_word' id='word_1_1' title='bbox 245 235 303 294; x_wconf 75' lang='lat'><strong>³94</strong></span> <span class='ocrx_word' id='word_1_2' title='bbox 422 268 425 276; x_wconf 92' lang='lat'>·</span> <span class='ocrx_word' id='word_1_3' title='bbox 532 233 566 292; x_wconf 81' lang='lat' dir='ltr'><strong>C.</strong></span> <span class='ocrx_word' id='word_1_4' title='bbox 586 231 826 294; x_wconf 76' lang='lat' dir='ltr'>CORNELIUS</span> <span class='ocrx_word' id='word_1_5' title='bbox 840 233 1026 296; x_wconf 76' lang='lat' dir='ltr'><strong>TACITUS</strong></span> 
     </span>
    </p>
   </div>
   <div class='ocr_carea' id='block_1_2' title="bbox 186 394 1300 1163">
    <p class='ocr_par' dir='ltr' id='par_1_2' title="bbox 186 394 1300 652">
     <span class='ocr_line' id='line_1_2' title="bbox 186 394 1299 484; baseline 0.004 -24"><span class='ocrx_word' id='word_1_6' title='bbox 186 455 188 460; x_wconf 91' lang='lat'><em>.</em></span> <span class='ocrx_word' id='word_1_7' title='bbox 230 416 302 462; x_wconf 85' lang='lat' dir='ltr'><strong>snm</strong></span> <span class='ocrx_word' id='word_1_8' title='bbox 325 405 443 462; x_wconf 80' lang='lat' dir='ltr'><strong>secreto</strong></span> <span class='ocrx_word' id='word_1_9' title='bbox 463 394 533 462; x_wconf 74' lang='lat' dir='ltr'><strong>lecu</strong></span> <span class='ocrx_word' id='word_1_10' title='bbox 555 396 704 461; x_wconf 80' lang='lat' dir='ltr'>abluitur.</span> <span class='ocrx_word' id='word_1_11' title='bbox 754 399 843 461; x_wconf 73' lang='lat' dir='ltr'><strong>Servi</strong></span> <span class='ocrx_word' id='word_1_12' title='bbox 868 397 1065 472; x_wconf 64' lang='lat' dir='ltr'><strong>ministram</strong></span> <span class='ocrx_word' id='word_1_13' title='bbox 1094 419 1175 484; x_wconf 84' lang='lat' dir='ltr'><strong>quos</strong></span> <span class='ocrx_word' id='word_1_14' title='bbox 1194 401 1299 464; x_wconf 85' lang='lat' dir='ltr'><strong>stetim</strong></span> 
     </span>
     <span class='ocr_line' id='line_1_3' title="bbox 232 479 1300 570; baseline 0.003 -26"><span class='ocrx_word' id='word_1_15' title='bbox 232 481 319 546; x_wconf 88' lang='lat' dir='ltr'><strong>idem</strong></span> <span class='ocrx_word' id='word_1_16' title='bbox 333 480 418 546; x_wconf 84' lang='lat' dir='ltr'><strong>lacus</strong></span> <span class='ocrx_word' id='word_1_17' title='bbox 432 479 547 545; x_wconf 81' lang='lat' dir='ltr'><strong>haurit.</strong></span> <span class='ocrx_word' id='word_1_18' title='bbox 581 487 726 546; x_wconf 78' lang='lat' dir='ltr'><strong>Arcanos</strong></span> <span class='ocrx_word' id='word_1_19' title='bbox 740 482 813 546; x_wconf 86' lang='lat' dir='ltr'><strong>hinc</strong></span> <span class='ocrx_word' id='word_1_20' title='bbox 826 497 925 548; x_wconf 88' lang='lat' dir='ltr'><strong>terror</strong></span> <span class='ocrx_word' id='word_1_21' title='bbox 935 497 1102 568; x_wconf 75' lang='lat' dir='ltr'><strong>sanctaque</strong></span> <span class='ocrx_word' id='word_1_22' title='bbox 1116 483 1300 570; x_wconf 71' lang='lat' dir='ltr'><strong>ignorantia,</strong></span> 
     </span>
     <span class='ocr_line' id='line_1_4' title="bbox 232 565 1032 652; baseline 0.004 -22"><span class='ocrx_word' id='word_1_23' title='bbox 232 566 311 652; x_wconf 84' lang='lat' dir='ltr'><strong>quid</strong></span> <span class='ocrx_word' id='word_1_24' title='bbox 327 566 367 630; x_wconf 83' lang='lat' dir='ltr'><strong>sit</strong></span> <span class='ocrx_word' id='word_1_25' title='bbox 380 565 470 644; x_wconf 85' lang='lat' dir='ltr'><strong>iilud,</strong></span> <span class='ocrx_word' id='word_1_26' title='bbox 486 567 572 652; x_wconf 90' lang='lat' dir='ltr'><strong>quod</strong></span> <span class='ocrx_word' id='word_1_27' title='bbox 587 579 709 630; x_wconf 87' lang='lat' dir='ltr'><strong>tautum</strong></span> <span class='ocrx_word' id='word_1_28' title='bbox 722 567 853 652; x_wconf 86' lang='lat' dir='ltr'><strong>perituri</strong></span> <span class='ocrx_word' id='word_1_29' title='bbox 867 569 982 633; x_wconf 85' lang='lat' dir='ltr'><strong>vident</strong></span> <span class='ocrx_word' id='word_1_30' title='bbox 1029 613 1032 618; x_wconf 95' lang='lat'>-</span> 
     </span>
    </p>

    <p class='ocr_par' dir='ltr' id='par_1_3' title="bbox 229 651 1300 1163">
     <span class='ocr_line' id='line_1_5' title="bbox 277 651 1300 738; baseline 0.004 -22"><span class='ocrx_word' id='word_1_31' title='bbox 277 651 374 716; x_wconf 88' lang='lat' dir='ltr'>XLI.</span> <span class='ocrx_word' id='word_1_32' title='bbox 408 652 454 716; x_wconf 85' lang='lat' dir='ltr'><strong>Et</strong></span> <span class='ocrx_word' id='word_1_33' title='bbox 472 651 540 716; x_wconf 83' lang='lat' dir='ltr'><strong>hoec</strong></span> <span class='ocrx_word' id='word_1_34' title='bbox 562 651 689 736; x_wconf 82' lang='lat' dir='ltr'><strong>quidem</strong></span> <span class='ocrx_word' id='word_1_35' title='bbox 709 673 783 738; x_wconf 84' lang='lat' dir='ltr'><strong>pars</strong></span> <span class='ocrx_word' id='word_1_36' title='bbox 803 655 979 718; x_wconf 84' lang='lat' dir='ltr'><strong>Suevorum</strong></span> <span class='ocrx_word' id='word_1_37' title='bbox 998 653 1031 716; x_wconf 89' lang='lat' dir='ltr'><strong>in</strong></span> <span class='ocrx_word' id='word_1_38' title='bbox 1044 652 1207 718; x_wconf 77' lang='lat' dir='ltr'><strong>secretiora</strong></span> <span class='ocrx_word' id='word_1_39' title='bbox 1220 655 1300 720; x_wconf 84' lang='lat' dir='ltr'><strong>Ger-</strong></span> 
     </span>
     <span class='ocr_line' id='line_1_6' title="bbox 233 735 1299 824; baseline 0.004 -26"><span class='ocrx_word' id='word_1_40' title='bbox 233 735 345 800; x_wconf 82' lang='lat' dir='ltr'><strong>manioe</strong></span> <span class='ocrx_word' id='word_1_41' title='bbox 358 735 538 824; x_wconf 84' lang='lat' dir='ltr'><strong>porrigitur.</strong></span> <span class='ocrx_word' id='word_1_42' title='bbox 583 735 717 822; x_wconf 86' lang='lat' dir='ltr'><strong>Propior</strong></span> <span class='ocrx_word' id='word_1_43' title='bbox 736 740 798 821; x_wconf 87' lang='lat' dir='ltr'><strong>(ut,</strong></span> <span class='ocrx_word' id='word_1_44' title='bbox 812 759 878 822; x_wconf 92' lang='lat' dir='ltr'><strong>quo</strong></span> <span class='ocrx_word' id='word_1_45' title='bbox 891 738 985 802; x_wconf 93' lang='lat' dir='ltr'><strong>modo</strong></span> <span class='ocrx_word' id='word_1_46' title='bbox 998 736 1105 824; x_wconf 83' lang='lat' dir='ltr'><strong>paullo</strong></span> <span class='ocrx_word' id='word_1_47' title='bbox 1124 753 1195 802; x_wconf 84' lang='lat' dir='ltr'><strong>ante</strong></span> <span class='ocrx_word' id='word_1_48' title='bbox 1210 738 1299 802; x_wconf 81' lang='lat' dir='ltr'><strong>Rbe-</strong></span> 
     </span>
     <span class='ocr_line' id='line_1_7' title="bbox 229 820 1291 906; baseline 0.002 -22"><span class='ocrx_word' id='word_1_49' title='bbox 229 842 316 897; x_wconf 89' lang='lat' dir='ltr'><strong>num‚</strong></span> <span class='ocrx_word' id='word_1_50' title='bbox 332 821 375 886; x_wconf 86' lang='lat' dir='ltr'><strong>sic</strong></span> <span class='ocrx_word' id='word_1_51' title='bbox 396 842 479 886; x_wconf 90' lang='lat' dir='ltr'><strong>nuno</strong></span> <span class='ocrx_word' id='word_1_52' title='bbox 502 820 685 884; x_wconf 81' lang='lat' dir='ltr'><strong>Danubium</strong></span> <span class='ocrx_word' id='word_1_53' title='bbox 705 826 830 906; x_wconf 86' lang='lat' dir='ltr'><strong>sequar)</strong></span> <span class='ocrx_word' id='word_1_54' title='bbox 854 823 1152 889; x_wconf 79' lang='lat' dir='ltr'><strong>Hermundurorum</strong></span> <span class='ocrx_word' id='word_1_55' title='bbox 1173 823 1291 902; x_wconf 64' lang='lat' dir='ltr'><strong>civita,</strong></span> 
     </span>
     <span class='ocr_line' id='line_1_8' title="bbox 230 904 1294 992; baseline 0.002 -24"><span class='ocrx_word' id='word_1_56' title='bbox 230 905 294 968; x_wconf 76' lang='lat' dir='ltr'><strong>fida</strong></span> <span class='ocrx_word' id='word_1_57' title='bbox 309 906 470 984; x_wconf 73' lang='lat' dir='ltr'><strong>Romnis,</strong></span> <span class='ocrx_word' id='word_1_58' title='bbox 481 927 581 991; x_wconf 87' lang='lat' dir='ltr'><strong>coque</strong></span> <span class='ocrx_word' id='word_1_59' title='bbox 595 904 667 968; x_wconf 89' lang='lat' dir='ltr'><strong>solis</strong></span> <span class='ocrx_word' id='word_1_60' title='bbox 687 907 916 972; x_wconf 83' lang='lat' dir='ltr'><strong>Germanorum</strong></span> <span class='ocrx_word' id='word_1_61' title='bbox 936 929 1000 971; x_wconf 85' lang='lat' dir='ltr'><strong>non</strong></span> <span class='ocrx_word' id='word_1_62' title='bbox 1019 907 1051 970; x_wconf 90' lang='lat' dir='ltr'><strong>in</strong></span> <span class='ocrx_word' id='word_1_63' title='bbox 1065 907 1135 992; x_wconf 84' lang='lat' dir='ltr'><strong>ripe</strong></span> <span class='ocrx_word' id='word_1_64' title='bbox 1147 929 1294 971; x_wconf 85' lang='lat' dir='ltr'><strong>commer-</strong></span> 
     </span>
     <span class='ocr_line' id='line_1_9' title="bbox 229 987 1294 1078; baseline 0.003 -25"><span class='ocrx_word' id='word_1_65' title='bbox 229 989 322 1068; x_wconf 84' lang='lat' dir='ltr'><strong>cium,</strong></span> <span class='ocrx_word' id='word_1_66' title='bbox 344 990 398 1053; x_wconf 86' lang='lat' dir='ltr'><strong>scd</strong></span> <span class='ocrx_word' id='word_1_67' title='bbox 413 990 548 1076; x_wconf 87' lang='lat' dir='ltr'><strong>penitus,</strong></span> <span class='ocrx_word' id='word_1_68' title='bbox 565 1003 660 1076; x_wconf 82' lang='lat' dir='ltr'><strong>atque</strong></span> <span class='ocrx_word' id='word_1_69' title='bbox 676 990 708 1052; x_wconf 91' lang='lat' dir='ltr'><strong>iu</strong></span> <span class='ocrx_word' id='word_1_70' title='bbox 721 987 1112 1077; x_wconf 81' lang='lat' dir='ltr'><strong>splendidissimaRhaetiae</strong></span> <span class='ocrx_word' id='word_1_71' title='bbox 1129 991 1294 1078; x_wconf 71' lang='lat' dir='ltr'><strong>prouinciae</strong></span> 
     </span>
     <span class='ocr_line' id='line_1_10' title="bbox 229 1073 1294 1163; baseline 0.002 -25"><span class='ocrx_word' id='word_1_72' title='bbox 229 1073 367 1138; x_wconf 82' lang='lat' dir='ltr'><strong>colonie:</strong></span> <span class='ocrx_word' id='word_1_73' title='bbox 391 1076 505 1162; x_wconf 82' lang='lat' dir='ltr'><strong>passim</strong></span> <span class='ocrx_word' id='word_1_74' title='bbox 514 1091 545 1141; x_wconf 87' lang='lat' dir='ltr'><strong>et</strong></span> <span class='ocrx_word' id='word_1_75' title='bbox 554 1076 619 1140; x_wconf 85' lang='lat' dir='ltr'><strong>sins</strong></span> <span class='ocrx_word' id='word_1_76' title='bbox 629 1076 757 1140; x_wconf 85' lang='lat' dir='ltr'><strong>custode</strong></span> <span class='ocrx_word' id='word_1_77' title='bbox 769 1091 948 1142; x_wconf 76' lang='lat' dir='ltr'><strong>transeunt:</strong></span> <span class='ocrx_word' id='word_1_78' title='bbox 963 1091 1007 1156; x_wconf 85' lang='lat' dir='ltr'><strong>et,</strong></span> <span class='ocrx_word' id='word_1_79' title='bbox 1020 1101 1093 1140; x_wconf 91' lang='lat' dir='ltr'><strong>cum</strong></span> <span class='ocrx_word' id='word_1_80' title='bbox 1101 1078 1209 1142; x_wconf 85' lang='lat' dir='ltr'><strong>ceteris</strong></span> <span class='ocrx_word' id='word_1_81' title='bbox 1219 1099 1294 1163; x_wconf 86' lang='lat' dir='ltr'><strong>gen·</strong></span> 
     </span>
    </p>
   </div>
   <div class='ocr_carea' id='block_1_3' title="bbox 127 1159 1296 1247">
    <p class='ocr_par' dir='ltr' id='par_1_4' title="bbox 127 1159 1296 1247">
     <span class='ocr_line' id='line_1_11' title="bbox 127 1159 1296 1247; baseline 0.003 -27"><span class='ocrx_word' id='word_1_82' title='bbox 127 1193 131 1198; x_wconf 96' lang='lat'>·</span> <span class='ocrx_word' id='word_1_83' title='bbox 231 1159 315 1224; x_wconf 88' lang='lat' dir='ltr'><strong>tibus</strong></span> <span class='ocrx_word' id='word_1_84' title='bbox 329 1181 415 1224; x_wconf 83' lang='lat' dir='ltr'><strong>arma</strong></span> <span class='ocrx_word' id='word_1_85' title='bbox 429 1161 523 1224; x_wconf 92' lang='lat' dir='ltr'><strong>modo</strong></span> <span class='ocrx_word' id='word_1_86' title='bbox 537 1175 699 1247; x_wconf 83' lang='lat' dir='ltr'><strong>castraque</strong></span> <span class='ocrx_word' id='word_1_87' title='bbox 713 1175 818 1226; x_wconf 84' lang='lat' dir='ltr'><strong>nostra</strong></span> <span class='ocrx_word' id='word_1_88' title='bbox 830 1163 1039 1239; x_wconf 75' lang='lat' dir='ltr'><strong>ostendamus,</strong></span> <span class='ocrx_word' id='word_1_89' title='bbox 1055 1161 1104 1224; x_wconf 87' lang='lat' dir='ltr'><strong>bis</strong></span> <span class='ocrx_word' id='word_1_90' title='bbox 1117 1162 1226 1226; x_wconf 90' lang='lat' dir='ltr'><strong>domos</strong></span> <span class='ocrx_word' id='word_1_91' title='bbox 1239 1160 1296 1224; x_wconf 84' lang='lat' dir='ltr'><strong>vii·</strong></span> 
     </span>
    </p>
   </div>
   <div class='ocr_carea' id='block_1_4' title="bbox 228 1243 1296 1926">
    <p class='ocr_par' dir='ltr' id='par_1_5' title="bbox 230 1243 1294 1478">
     <span class='ocr_line' id='line_1_12' title="bbox 230 1243 1294 1334; baseline 0.002 -27"><span class='ocrx_word' id='word_1_92' title='bbox 230 1243 338 1330; x_wconf 81' lang='lat' dir='ltr'><strong>Iusque</strong></span> <span class='ocrx_word' id='word_1_93' title='bbox 352 1245 563 1331; x_wconf 82' lang='lat' dir='ltr'><strong>patefecimus,</strong></span> <span class='ocrx_word' id='word_1_94' title='bbox 579 1268 641 1310; x_wconf 89' lang='lat' dir='ltr'><strong>non</strong></span> <span class='ocrx_word' id='word_1_95' title='bbox 661 1246 956 1334; x_wconf 79' lang='lat' dir='ltr'><strong>concupiscentibus.</strong></span> <span class='ocrx_word' id='word_1_96' title='bbox 1003 1248 1042 1309; x_wconf 91' lang='lat' dir='ltr'><strong>In</strong></span> <span class='ocrx_word' id='word_1_97' title='bbox 1058 1246 1294 1310; x_wconf 83' lang='lat' dir='ltr'><strong>Hermunduris</strong></span> 
     </span>
     <span class='ocr_line' id='line_1_13' title="bbox 230 1327 1294 1475; baseline 0.002 -83"><span class='ocrx_word' id='word_1_98' title='bbox 230 1327 324 1475; x_wconf 55' lang='lat' dir='ltr'><strong>Alpis</strong></span> <span class='ocrx_word' id='word_1_99' title='bbox 345 1330 453 1408; x_wconf 87' lang='lat' dir='ltr'><strong>oritur,</strong></span> <span class='ocrx_word' id='word_1_100' title='bbox 474 1330 591 1394; x_wconf 88' lang='lat' dir='ltr'><strong>flumen</strong></span> <span class='ocrx_word' id='word_1_101' title='bbox 613 1329 806 1396; x_wconf 69' lang='lat' dir='ltr'><strong>inclitum‘et</strong></span> <span class='ocrx_word' id='word_1_102' title='bbox 824 1345 933 1395; x_wconf 90' lang='lat' dir='ltr'><strong>uotum</strong></span> <span class='ocrx_word' id='word_1_103' title='bbox 951 1330 1045 1404; x_wconf 89' lang='lat' dir='ltr'><strong>oiim;</strong></span> <span class='ocrx_word' id='word_1_104' title='bbox 1067 1353 1151 1393; x_wconf 88' lang='lat' dir='ltr'><strong>nunc</strong></span> <span class='ocrx_word' id='word_1_105' title='bbox 1172 1341 1294 1394; x_wconf 86' lang='lat' dir='ltr'><strong>tantum</strong></span> 
     </span>
     <span class='ocr_line' id='line_1_14' title="bbox 230 1427 368 1478; baseline 0.007 -2"><span class='ocrx_word' id='word_1_106' title='bbox 230 1435 271 1477; x_wconf 83' lang='lat' dir='ltr'><strong>au</strong></span> <span class='ocrx_word' id='word_1_107' title='bbox 294 1427 368 1478; x_wconf 85' lang='lat' dir='ltr'><strong>rtur.</strong></span> 
     </span>
    </p>

    <p class='ocr_par' dir='ltr' id='par_1_6' title="bbox 228 1498 1296 1926">
     <span class='ocr_line' id='line_1_15' title="bbox 272 1498 1296 1578; baseline 0.003 -18"><span class='ocrx_word' id='word_1_108' title='bbox 272 1499 391 1562; x_wconf 85' lang='lat' dir='ltr'><strong>XLII.</strong></span> <span class='ocrx_word' id='word_1_109' title='bbox 425 1500 528 1564; x_wconf 82' lang='lat' dir='ltr'><strong>Juxta</strong></span> <span class='ocrx_word' id='word_1_110' title='bbox 550 1499 794 1566; x_wconf 87' lang='lat' dir='ltr'><strong>Hermunduros</strong></span> <span class='ocrx_word' id='word_1_111' title='bbox 818 1499 949 1578; x_wconf 88' lang='lat' dir='ltr'><strong>Narisci,</strong></span> <span class='ocrx_word' id='word_1_112' title='bbox 975 1522 1011 1564; x_wconf 84' lang='lat' dir='ltr'><strong>ec</strong></span> <span class='ocrx_word' id='word_1_113' title='bbox 1036 1498 1147 1563; x_wconf 87' lang='lat' dir='ltr'><strong>deinde</strong></span> <span class='ocrx_word' id='word_1_114' title='bbox 1171 1498 1296 1564; x_wconf 87' lang='lat' dir='ltr'><strong>Marco-</strong></span> 
     </span>
     <span class='ocr_line' id='line_1_16' title="bbox 229 1583 1293 1681; baseline 0.001 -33"><span class='ocrx_word' id='word_1_115' title='bbox 229 1583 334 1648; x_wconf 80' lang='lat' dir='ltr'><strong>manni</strong></span> <span class='ocrx_word' id='word_1_116' title='bbox 358 1596 389 1647; x_wconf 88' lang='lat' dir='ltr'><strong>et</strong></span> <span class='ocrx_word' id='word_1_117' title='bbox 412 1585 517 1660; x_wconf 79' lang='lat' dir='ltr'><strong>Quadi</strong></span> <span class='ocrx_word' id='word_1_118' title='bbox 536 1599 645 1670; x_wconf 78' lang='lat' dir='ltr'><strong>agunt.</strong></span> <span class='ocrx_word' id='word_1_119' title='bbox 690 1586 856 1672; x_wconf 76' lang='lat' dir='ltr'><strong>Praecipue</strong></span> <span class='ocrx_word' id='word_1_120' title='bbox 877 1587 1173 1650; x_wconf 81' lang='lat' dir='ltr'><strong>Marcomannorum</strong></span> <span class='ocrx_word' id='word_1_121' title='bbox 1194 1583 1293 1681; x_wconf 79' lang='lat' dir='ltr'><strong>gioria</strong></span> 
     </span>
     <span class='ocr_line' id='line_1_17' title="bbox 229 1667 1293 1766; baseline 0.001 -36"><span class='ocrx_word' id='word_1_122' title='bbox 229 1667 383 1754; x_wconf 79' lang='lat' dir='ltr'><strong>viresque,</strong></span> <span class='ocrx_word' id='word_1_123' title='bbox 405 1681 500 1756; x_wconf 84' lang='lat' dir='ltr'><strong>etque</strong></span> <span class='ocrx_word' id='word_1_124' title='bbox 521 1669 588 1766; x_wconf 83' lang='lat' dir='ltr'><strong>ipsa</strong></span> <span class='ocrx_word' id='word_1_125' title='bbox 609 1670 701 1734; x_wconf 85' lang='lat' dir='ltr'><strong>etiam</strong></span> <span class='ocrx_word' id='word_1_126' title='bbox 725 1671 823 1747; x_wconf 84' lang='lat' dir='ltr'><strong>sedes,</strong></span> <span class='ocrx_word' id='word_1_127' title='bbox 845 1669 943 1756; x_wconf 91' lang='lat' dir='ltr'><strong>pulsis</strong></span> <span class='ocrx_word' id='word_1_128' title='bbox 963 1669 1037 1732; x_wconf 86' lang='lat' dir='ltr'><strong>oiim</strong></span> <span class='ocrx_word' id='word_1_129' title='bbox 1060 1667 1156 1745; x_wconf 86' lang='lat' dir='ltr'><strong>Boiis,</strong></span> <span class='ocrx_word' id='word_1_130' title='bbox 1179 1683 1293 1733; x_wconf 80' lang='lat' dir='ltr'><strong>virtute</strong></span> 
     </span>
     <span class='ocr_line' id='line_1_18' title="bbox 228 1753 1294 1841; baseline -0.001 -23"><span class='ocrx_word' id='word_1_131' title='bbox 228 1767 328 1838; x_wconf 80' lang='lat' dir='ltr'><strong>parta.</strong></span> <span class='ocrx_word' id='word_1_132' title='bbox 378 1753 447 1818; x_wconf 89' lang='lat' dir='ltr'><strong>Nec</strong></span> <span class='ocrx_word' id='word_1_133' title='bbox 470 1755 592 1818; x_wconf 82' lang='lat' dir='ltr'><strong>Narrsci</strong></span> <span class='ocrx_word' id='word_1_134' title='bbox 615 1755 757 1833; x_wconf 79' lang='lat' dir='ltr'><strong>Quadive</strong></span> <span class='ocrx_word' id='word_1_135' title='bbox 780 1755 976 1840; x_wconf 79' lang='lat' dir='ltr'><strong>degenerant.</strong></span> <span class='ocrx_word' id='word_1_136' title='bbox 1029 1755 1140 1841; x_wconf 83' lang='lat' dir='ltr'><strong>anue</strong></span> <span class='ocrx_word' id='word_1_137' title='bbox 1163 1753 1294 1820; x_wconf 87' lang='lat' dir='ltr'><strong>Germa-</strong></span> 
     </span>
     <span class='ocr_line' id='line_1_19' title="bbox 229 1837 1293 1926; baseline 0 -24"><span class='ocrx_word' id='word_1_138' title='bbox 229 1839 288 1904; x_wconf 83' lang='lat' dir='ltr'><strong>niae</strong></span> <span class='ocrx_word' id='word_1_139' title='bbox 311 1837 397 1902; x_wconf 87' lang='lat' dir='ltr'><strong>velut</strong></span> <span class='ocrx_word' id='word_1_140' title='bbox 418 1838 504 1904; x_wconf 88' lang='lat' dir='ltr'><strong>frons</strong></span> <span class='ocrx_word' id='word_1_141' title='bbox 531 1854 590 1916; x_wconf 86' lang='lat' dir='ltr'><strong>est,</strong></span> <span class='ocrx_word' id='word_1_142' title='bbox 619 1852 773 1926; x_wconf 84' lang='lat' dir='ltr'><strong>quatenus</strong></span> <span class='ocrx_word' id='word_1_143' title='bbox 794 1839 944 1904; x_wconf 81' lang='lat' dir='ltr'><strong>Danubio</strong></span> <span class='ocrx_word' id='word_1_144' title='bbox 965 1839 1149 1926; x_wconf 83' lang='lat' dir='ltr'><strong>protegitur.</strong></span> <span class='ocrx_word' id='word_1_145' title='bbox 1205 1841 1293 1902; x_wconf 83' lang='lat' dir='ltr'><strong>Mer·</strong></span> 
     </span>
    </p>
   </div>
   <div class='ocr_carea' id='block_1_5' title="bbox 225 2072 1311 2779">
    <p class='ocr_par' dir='ltr' id='par_1_7' title="bbox 225 2072 1311 2779">
     <span class='ocr_line' id='line_1_20' title="bbox 253 2072 1294 2140; baseline -0.002 -18"><span class='ocrx_word' id='word_1_146' title='bbox 253 2081 325 2122; x_wconf 80' lang='lat' dir='ltr'><strong>actus</strong></span> <span class='ocrx_word' id='word_1_147' title='bbox 337 2073 468 2134; x_wconf 72' lang='lat' dir='ltr'><strong>mudum,</strong></span> <span class='ocrx_word' id='word_1_148' title='bbox 479 2075 594 2123; x_wconf 84' lang='lat' dir='ltr'><strong>sicrcdere</strong></span> <span class='ocrx_word' id='word_1_149' title='bbox 602 2075 677 2124; x_wconf 78' lang='lat' dir='ltr'><strong>velis?</strong></span> <span class='ocrx_word' id='word_1_150' title='bbox 689 2089 744 2122; x_wconf 82' lang='lat' dir='ltr'><strong>nam</strong></span> <span class='ocrx_word' id='word_1_151' title='bbox 777 2074 823 2122; x_wconf 74' lang='lat' dir='ltr'><strong>fuit</strong></span> <span class='ocrx_word' id='word_1_152' title='bbox 838 2076 925 2140; x_wconf 76' lang='lat' dir='ltr'><strong>alioqui</strong></span> <span class='ocrx_word' id='word_1_153' title='bbox 941 2084 964 2122; x_wconf 86' lang='lat' dir='ltr'><strong>et</strong></span> <span class='ocrx_word' id='word_1_154' title='bbox 979 2075 1200 2122; x_wconf 69' lang='lat' dir='ltr'><strong>nummorum</strong></span> <span class='ocrx_word' id='word_1_155' title='bbox 1218 2072 1294 2121; x_wconf 82' lang='lat' dir='ltr'><strong>cautio</strong></span> 
     </span>
     <span class='ocr_line' id='line_1_21' title="bbox 227 2135 1293 2200; baseline -0.002 -14"><span class='ocrx_word' id='word_1_156' title='bbox 227 2137 294 2200; x_wconf 80' lang='lat' dir='ltr'><strong>sigua</strong></span> <span class='ocrx_word' id='word_1_157' title='bbox 305 2135 411 2185; x_wconf 84' lang='lat' dir='ltr'><strong>Deorum</strong></span> <span class='ocrx_word' id='word_1_158' title='bbox 421 2139 496 2198; x_wconf 79' lang='lat' dir='ltr'><strong>ablui,</strong></span> <span class='ocrx_word' id='word_1_159' title='bbox 508 2140 660 2188; x_wconf 81' lang='lat' dir='ltr'><strong>notissimum</strong></span> <span class='ocrx_word' id='word_1_160' title='bbox 696 2139 744 2186; x_wconf 90' lang='lat' dir='ltr'><strong>Pu-</strong></span> <span class='ocrx_word' id='word_1_161' title='bbox 777 2139 801 2186; x_wconf 90' lang='lat' dir='ltr'><strong>in</strong></span> <span class='ocrx_word' id='word_1_162' title='bbox 813 2140 857 2188; x_wconf 85' lang='lat' dir='ltr'><strong>hac</strong></span> <span class='ocrx_word' id='word_1_163' title='bbox 867 2155 900 2197; x_wconf 78' lang='lat' dir='ltr'><strong>re,</strong></span> <span class='ocrx_word' id='word_1_164' title='bbox 913 2155 943 2187; x_wconf 86' lang='lat' dir='ltr'><strong>ne</strong></span> <span class='ocrx_word' id='word_1_165' title='bbox 958 2147 1083 2186; x_wconf 86' lang='lat' dir='ltr'><strong>conventus</strong></span> <span class='ocrx_word' id='word_1_166' title='bbox 1093 2139 1204 2185; x_wconf 77' lang='lat' dir='ltr'><strong>haberent</strong></span> <span class='ocrx_word' id='word_1_167' title='bbox 1214 2151 1293 2200; x_wconf 83' lang='lat' dir='ltr'><strong>snspe-</strong></span> 
     </span>
     <span class='ocr_line' id='line_1_22' title="bbox 227 2202 1292 2268; baseline 0 -20"><span class='ocrx_word' id='word_1_168' title='bbox 227 2204 309 2250; x_wconf 85' lang='lat' dir='ltr'><strong>tebant</strong></span> <span class='ocrx_word' id='word_1_169' title='bbox 320 2202 431 2250; x_wconf 84' lang='lat' dir='ltr'><strong>Germsni</strong></span> <span class='ocrx_word' id='word_1_170' title='bbox 445 2203 520 2266; x_wconf 77' lang='lat' dir='ltr'><strong>ipsam</strong></span> <span class='ocrx_word' id='word_1_171' title='bbox 538 2203 623 2260; x_wconf 77' lang='lat' dir='ltr'><strong>Deam,</strong></span> <span class='ocrx_word' id='word_1_172' title='bbox 640 2219 694 2268; x_wconf 82' lang='lat' dir='ltr'><strong>qun</strong></span> <span class='ocrx_word' id='word_1_173' title='bbox 708 2217 746 2251; x_wconf 86' lang='lat' dir='ltr'><strong>sc-</strong></span> <span class='ocrx_word' id='word_1_174' title='bbox 777 2204 807 2250; x_wconf 81' lang='lat' dir='ltr'><strong>cri</strong></span> <span class='ocrx_word' id='word_1_175' title='bbox 823 2203 913 2267; x_wconf 84' lang='lat' dir='ltr'><strong>populi,</strong></span> <span class='ocrx_word' id='word_1_176' title='bbox 932 2203 977 2250; x_wconf 80' lang='lat' dir='ltr'><strong>nisi</strong></span> <span class='ocrx_word' id='word_1_177' title='bbox 996 2211 1057 2250; x_wconf 86' lang='lat' dir='ltr'><strong>certo</strong></span> <span class='ocrx_word' id='word_1_178' title='bbox 1075 2203 1124 2249; x_wconf 91' lang='lat' dir='ltr'><strong>loco</strong></span> <span class='ocrx_word' id='word_1_179' title='bbox 1141 2210 1164 2249; x_wconf 82' lang='lat' dir='ltr'><strong>et</strong></span> <span class='ocrx_word' id='word_1_180' title='bbox 1182 2215 1292 2248; x_wconf 78' lang='lat' dir='ltr'><strong>numero:</strong></span> 
     </span>
     <span class='ocr_line' id='line_1_23' title="bbox 227 2264 1291 2331; baseline -0.003 -17"><span class='ocrx_word' id='word_1_181' title='bbox 227 2266 330 2314; x_wconf 76' lang='lat' dir='ltr'><strong>oessisset</strong></span> <span class='ocrx_word' id='word_1_182' title='bbox 349 2265 464 2327; x_wconf 79' lang='lat' dir='ltr'><strong>mortales,</strong></span> <span class='ocrx_word' id='word_1_183' title='bbox 483 2269 547 2315; x_wconf 85' lang='lat' dir='ltr'><strong>velut</strong></span> <span class='ocrx_word' id='word_1_184' title='bbox 569 2267 673 2316; x_wconf 86' lang='lat' dir='ltr'><strong>sordibus</strong></span> <span class='ocrx_word' id='word_1_185' title='bbox 691 2267 745 2314; x_wconf 86' lang='lat' dir='ltr'><strong>inde</strong></span> <span class='ocrx_word' id='word_1_186' title='bbox 776 2267 847 2331; x_wconf 86' lang='lat' dir='ltr'><strong>idque</strong></span> <span class='ocrx_word' id='word_1_187' title='bbox 858 2267 974 2315; x_wconf 83' lang='lat' dir='ltr'><strong>coramcb</strong></span> <span class='ocrx_word' id='word_1_188' title='bbox 990 2281 1022 2314; x_wconf 90' lang='lat' dir='ltr'><strong>uo</strong></span> <span class='ocrx_word' id='word_1_189' title='bbox 1032 2267 1147 2314; x_wconf 84' lang='lat' dir='ltr'><strong>Romano.</strong></span> <span class='ocrx_word' id='word_1_190' title='bbox 1165 2264 1291 2328; x_wconf 47' lang='lat' dir='ltr'><strong>Frugmenf</strong></span> 
     </span>
     <span class='ocr_line' id='line_1_24' title="bbox 227 2329 1292 2396; baseline -0.001 -20"><span class='ocrx_word' id='word_1_191' title='bbox 227 2329 345 2391; x_wconf 82' lang='lat' dir='ltr'><strong>susceptis,</strong></span> <span class='ocrx_word' id='word_1_192' title='bbox 357 2331 458 2394; x_wconf 81' lang='lat' dir='ltr'><strong>purgari.</strong></span> <span class='ocrx_word' id='word_1_193' title='bbox 478 2331 662 2396; x_wconf 79' lang='lat' dir='ltr'><strong>Infraproqnid</strong></span> <span class='ocrx_word' id='word_1_194' title='bbox 672 2334 704 2378; x_wconf 74' lang='lat' dir='ltr'><strong>sit</strong></span> <span class='ocrx_word' id='word_1_195' title='bbox 716 2333 746 2377; x_wconf 79' lang='lat' dir='ltr'><strong>il·</strong></span> <span class='ocrx_word' id='word_1_196' title='bbox 778 2341 828 2378; x_wconf 89' lang='lat' dir='ltr'><strong>tum</strong></span> <span class='ocrx_word' id='word_1_197' title='bbox 838 2331 975 2378; x_wconf 80' lang='lat' dir='ltr'><strong>DionisLX</strong></span> <span class='ocrx_word' id='word_1_198' title='bbox 1004 2330 1055 2378; x_wconf 89' lang='lat'>111.</span> <span class='ocrx_word' id='word_1_199' title='bbox 1067 2331 1119 2392; x_wconf 77' lang='lat'>(72,</span> <span class='ocrx_word' id='word_1_200' title='bbox 1128 2331 1165 2384; x_wconf 69' lang='lat'><strong>2.)</strong></span> <span class='ocrx_word' id='word_1_201' title='bbox 1182 2329 1292 2376; x_wconf 65' lang='lat' dir='ltr'><strong>(nmmo-</strong></span> 
     </span>
     <span class='ocr_line' id='line_1_25' title="bbox 228 2390 1292 2460; baseline -0.002 -19"><span class='ocrx_word' id='word_1_202' title='bbox 228 2395 269 2442; x_wconf 67' lang='grc' dir='ltr'><strong>ΜΔ</strong></span> <span class='ocrx_word' id='word_1_203' title='bbox 278 2393 332 2444; x_wconf 87' lang='lat' dir='ltr'><strong>MS.</strong></span> <span class='ocrx_word' id='word_1_204' title='bbox 344 2395 425 2443; x_wconf 87' lang='lat' dir='ltr'><strong>anic.</strong></span> <span class='ocrx_word' id='word_1_205' title='bbox 438 2397 496 2457; x_wconf 73' lang='lat' dir='ltr'><strong>quid</strong></span> <span class='ocrx_word' id='word_1_206' title='bbox 504 2398 536 2444; x_wconf 74' lang='lat' dir='ltr'><strong>sit</strong></span> <span class='ocrx_word' id='word_1_207' title='bbox 546 2398 578 2443; x_wconf 80' lang='lat' dir='ltr'><strong>id.</strong></span> <span class='ocrx_word' id='word_1_208' title='bbox 599 2396 680 2444; x_wconf 83' lang='lat' dir='ltr'><strong>Placet</strong></span> <span class='ocrx_word' id='word_1_209' title='bbox 686 2395 745 2442; x_wconf 89' lang='lat' dir='ltr'><strong>Bro-</strong></span> <span class='ocrx_word' id='word_1_210' title='bbox 777 2396 820 2443; x_wconf 87' lang='lat' dir='ltr'><strong>dus</strong></span> <span class='ocrx_word' id='word_1_211' title='bbox 830 2411 911 2460; x_wconf 84' lang='lat' dir='ltr'><strong>pacem</strong></span> <span class='ocrx_word' id='word_1_212' title='bbox 923 2394 1097 2443; x_wconf 73' lang='lat' dir='ltr'><strong>Marcomannis</strong></span> <span class='ocrx_word' id='word_1_213' title='bbox 1109 2402 1133 2440; x_wconf 88' lang='lat' dir='ltr'><strong>et</strong></span> <span class='ocrx_word' id='word_1_214' title='bbox 1146 2391 1236 2451; x_wconf 71' lang='lat' dir='ltr'><strong>Quadis</strong></span> <span class='ocrx_word' id='word_1_215' title='bbox 1251 2390 1292 2439; x_wconf 76' lang='lat' dir='ltr'><strong>dc-</strong></span> 
     </span>
     <span class='ocr_line' id='line_1_26' title="bbox 228 2457 1293 2525; baseline -0.005 -17"><span class='ocrx_word' id='word_1_216' title='bbox 228 2459 294 2517; x_wconf 76' lang='lat' dir='ltr'><strong>teuc,</strong></span> <span class='ocrx_word' id='word_1_217' title='bbox 311 2459 352 2524; x_wconf 88' lang='lat' dir='ltr'><strong>qui</strong></span> <span class='ocrx_word' id='word_1_218' title='bbox 364 2469 385 2507; x_wconf 86' lang='lat' dir='ltr'><strong>et</strong></span> <span class='ocrx_word' id='word_1_219' title='bbox 397 2459 421 2507; x_wconf 89' lang='lat' dir='ltr'><strong>in</strong></span> <span class='ocrx_word' id='word_1_220' title='bbox 433 2467 523 2508; x_wconf 84' lang='lat' dir='ltr'><strong>textum</strong></span> <span class='ocrx_word' id='word_1_221' title='bbox 536 2459 627 2525; x_wconf 85' lang='lat' dir='ltr'><strong>recepit.</strong></span> <span class='ocrx_word' id='word_1_222' title='bbox 662 2459 711 2523; x_wconf 84' lang='lat' dir='ltr'><strong>(Sic</strong></span> <span class='ocrx_word' id='word_1_223' title='bbox 723 2467 745 2507; x_wconf 89' lang='lat' dir='ltr'><strong>et</strong></span> <span class='ocrx_word' id='word_1_224' title='bbox 777 2459 820 2517; x_wconf 80' lang='lat' dir='ltr'><strong>dir,</strong></span> <span class='ocrx_word' id='word_1_225' title='bbox 832 2457 1293 2523; x_wconf 60' lang='lat' dir='ltr'><strong>sedmmlegnNesoepecctpturibm</strong></span> 
     </span>
     <span class='ocr_line' id='line_1_27' title="bbox 228 2521 1311 2585; baseline -0.005 -14"><span class='ocrx_word' id='word_1_226' title='bbox 228 2522 297 2585; x_wconf 87' lang='lat' dir='ltr'><strong>Bip.)</strong></span> <span class='ocrx_word' id='word_1_227' title='bbox 320 2522 366 2571; x_wconf 86' lang='lat' dir='ltr'><strong>Sed</strong></span> <span class='ocrx_word' id='word_1_228' title='bbox 377 2525 471 2573; x_wconf 84' lang='lat' dir='ltr'><strong>auribus</strong></span> <span class='ocrx_word' id='word_1_229' title='bbox 486 2525 543 2572; x_wconf 86' lang='lat' dir='ltr'><strong>meis</strong></span> <span class='ocrx_word' id='word_1_230' title='bbox 553 2524 634 2572; x_wconf 88' lang='lat' dir='ltr'><strong>durius</strong></span> <span class='ocrx_word' id='word_1_231' title='bbox 644 2533 678 2571; x_wconf 82' lang='lat' dir='ltr'><strong>est</strong></span> <span class='ocrx_word' id='word_1_232' title='bbox 689 2526 747 2585; x_wconf 82' lang='lat' dir='ltr'><strong>qnid</strong></span> <span class='ocrx_word' id='word_1_233' title='bbox 778 2526 833 2571; x_wconf 74' lang='lat' dir='ltr'><strong>Iocis</strong></span> <span class='ocrx_word' id='word_1_234' title='bbox 848 2531 972 2571; x_wconf 71' lang='lat' dir='ltr'><strong>concentui</strong></span> <span class='ocrx_word' id='word_1_235' title='bbox 982 2524 1110 2571; x_wconf 69' lang='lat' dir='ltr'><strong>laterent:</strong></span> <span class='ocrx_word' id='word_1_236' title='bbox 1126 2524 1188 2567; x_wconf 66' lang='lat' dir='ltr'><strong>’Ata‘</strong></span> <span class='ocrx_word' id='word_1_237' title='bbox 1202 2521 1262 2582; x_wconf 76' lang='grc' dir='ltr'><strong>ἅπαξ</strong></span> <span class='ocrx_word' id='word_1_238' title='bbox 1274 2522 1311 2566; x_wconf 75' lang='lat' dir='ltr'><strong>b‘</strong></span> 
     </span>
     <span class='ocr_line' id='line_1_28' title="bbox 227 2584 1292 2647; baseline -0.005 -14"><span class='ocrx_word' id='word_1_239' title='bbox 227 2589 259 2634; x_wconf 75' lang='lat' dir='ltr'><strong>stt</strong></span> <span class='ocrx_word' id='word_1_240' title='bbox 278 2588 310 2645; x_wconf 85' lang='lat' dir='ltr'><strong>id,</strong></span> <span class='ocrx_word' id='word_1_241' title='bbox 330 2589 398 2647; x_wconf 78' lang='lat' dir='ltr'><strong>quod,</strong></span> <span class='ocrx_word' id='word_1_242' title='bbox 418 2588 500 2635; x_wconf 76' lang='lat' dir='ltr'><strong>malim</strong></span> <span class='ocrx_word' id='word_1_243' title='bbox 518 2591 577 2635; x_wconf 73' lang='lat' dir='ltr'><strong>titud</strong></span> <span class='ocrx_word' id='word_1_244' title='bbox 596 2588 673 2636; x_wconf 85' lang='lat' dir='ltr'><strong>deleri.</strong></span> <span class='ocrx_word' id='word_1_245' title='bbox 713 2588 746 2635; x_wconf 84' lang='lat' dir='ltr'><strong>Et</strong></span> <span class='ocrx_word' id='word_1_246' title='bbox 778 2588 937 2646; x_wconf 61' lang='grc' dir='ltr'><strong>ὖκάστῳμηνὶ,</strong></span> <span class='ocrx_word' id='word_1_247' title='bbox 949 2588 985 2633; x_wconf 72' lang='grc' dir='ltr'><strong>καὶ</strong></span> <span class='ocrx_word' id='word_1_248' title='bbox 998 2585 1149 2644; x_wconf 62' lang='lat' dir='ltr'><strong>induerim,</strong></span> <span class='ocrx_word' id='word_1_249' title='bbox 1162 2584 1292 2641; x_wconf 55' lang='lat' dir='ltr'><strong>tueremu-</strong></span> 
     </span>
     <span class='ocr_line' id='line_1_29' title="bbox 225 2647 1288 2715; baseline -0.006 -16"><span class='ocrx_word' id='word_1_250' title='bbox 225 2650 277 2699; x_wconf 65' lang='lat' dir='ltr'><strong>tlii!</strong></span> <span class='ocrx_word' id='word_1_251' title='bbox 302 2664 395 2714; x_wconf 75' lang='lat' dir='ltr'><strong>quoque</strong></span> <span class='ocrx_word' id='word_1_252' title='bbox 411 2662 515 2698; x_wconf 79' lang='lat' dir='ltr'><strong>veterum</strong></span> <span class='ocrx_word' id='word_1_253' title='bbox 537 2652 673 2715; x_wconf 66' lang='lat' dir='ltr'><strong>scriptorum</strong></span> <span class='ocrx_word' id='word_1_254' title='bbox 689 2652 746 2699; x_wconf 81' lang='lat' dir='ltr'><strong>locis</strong></span> <span class='ocrx_word' id='word_1_255' title='bbox 777 2668 817 2713; x_wconf 75' lang='grc' dir='ltr'><strong>χον</strong></span> <span class='ocrx_word' id='word_1_256' title='bbox 828 2650 1125 2715; x_wconf 58' lang='lat' dir='ltr'><strong>rutg‘rupalocnagtnu:</strong></span> <span class='ocrx_word' id='word_1_257' title='bbox 1138 2647 1288 2695; x_wconf 79' lang='lat' dir='ltr'><strong>sedsemelin</strong></span> 
     </span>
     <span class='ocr_line' id='line_1_30' title="bbox 227 2710 1293 2779; baseline -0.004 -17"><span class='ocrx_word' id='word_1_258' title='bbox 227 2714 300 2779; x_wconf 86' lang='lat' dir='ltr'><strong>reperi</strong></span> <span class='ocrx_word' id='word_1_259' title='bbox 324 2714 462 2777; x_wconf 81' lang='lat' dir='ltr'><strong>pronomina</strong></span> <span class='ocrx_word' id='word_1_260' title='bbox 484 2714 533 2763; x_wconf 77' lang='lat' dir='ltr'><strong>hac</strong></span> <span class='ocrx_word' id='word_1_261' title='bbox 555 2714 669 2763; x_wconf 77' lang='lat' dir='ltr'><strong>inculcata</strong></span> <span class='ocrx_word' id='word_1_262' title='bbox 690 2729 744 2763; x_wconf 84' lang='lat' dir='ltr'><strong>esse.</strong></span> <span class='ocrx_word' id='word_1_263' title='bbox 778 2710 1293 2768; x_wconf 79' lang='lat' dir='ltr'><strong>mensedumtaxatetinunocertoloco‚id·</strong></span> 
     </span>
    </p>
   </div>
   <div class='ocr_carea' id='block_1_6' title="bbox 227 2009 1289 2120">
    <p class='ocr_par' dir='ltr' id='par_1_8' title="bbox 227 2009 1289 2120">
     <span class='ocr_line' id='line_1_31' title="bbox 227 2009 1289 2120; baseline 0.001 -64"><span class='ocrx_word' id='word_1_264' title='bbox 227 2023 302 2120; x_wconf 36' lang='lat' dir='ltr'><strong>{num</strong></span> <span class='ocrx_word' id='word_1_265' title='bbox 314 2009 374 2058; x_wconf 76' lang='lat' dir='ltr'><strong>Dece</strong></span> <span class='ocrx_word' id='word_1_266' title='bbox 386 2009 537 2059; x_wconf 69' lang='lat' dir='ltr'><strong>Poesinuntiae</strong></span> <span class='ocrx_word' id='word_1_267' title='bbox 547 2011 600 2059; x_wconf 76' lang='lat' dir='ltr'><strong>fuit.</strong></span> <span class='ocrx_word' id='word_1_268' title='bbox 625 2010 744 2070; x_wconf 85' lang='lat' dir='ltr'><strong>Quorsum</strong></span> <span class='ocrx_word' id='word_1_269' title='bbox 777 2015 826 2058; x_wconf 76' lang='lat' dir='ltr'><strong>itur</strong></span> <span class='ocrx_word' id='word_1_270' title='bbox 842 2012 985 2067; x_wconf 57' lang='lat' dir='ltr'><strong>stemmatii,</strong></span> <span class='ocrx_word' id='word_1_271' title='bbox 997 2012 1037 2058; x_wconf 79' lang='lat' dir='ltr'><strong>scd</strong></span> <span class='ocrx_word' id='word_1_272' title='bbox 1047 2011 1130 2057; x_wconf 79' lang='lat' dir='ltr'><strong>diurni</strong></span> <span class='ocrx_word' id='word_1_273' title='bbox 1144 2017 1166 2058; x_wconf 76' lang='lat' dir='ltr'><strong>ei</strong></span> <span class='ocrx_word' id='word_1_274' title='bbox 1174 2010 1289 2057; x_wconf 69' lang='lat' dir='ltr'><strong>inermes:</strong></span> 
     </span>
    </p>
   </div>
   <div class='ocr_carea' id='block_1_7' title="bbox 226 2776 1294 3210">
    <p class='ocr_par' dir='ltr' id='par_1_9' title="bbox 226 2776 1294 3210">
     <span class='ocr_line' id='line_1_32' title="bbox 229 2776 1293 2840; baseline -0.006 -14"><span class='ocrx_word' id='word_1_275' title='bbox 229 2778 301 2826; x_wconf 74' lang='lat' dir='ltr'><strong>Eun.</strong></span> <span class='ocrx_word' id='word_1_276' title='bbox 794 2794 824 2826; x_wconf 89' lang='lat' dir='ltr'><strong>uc</strong></span> <span class='ocrx_word' id='word_1_277' title='bbox 831 2778 970 2826; x_wconf 85' lang='lat' dir='ltr'><strong>Centurione</strong></span> <span class='ocrx_word' id='word_1_278' title='bbox 977 2777 1055 2840; x_wconf 82' lang='lat' dir='ltr'><strong>aliquo</strong></span> <span class='ocrx_word' id='word_1_279' title='bbox 1062 2776 1293 2839; x_wconf 74' lang='lat' dir='ltr'><strong>Romauoprcscnte.</strong></span> 
     </span>
     <span class='ocr_line' id='line_1_33' title="bbox 260 2794 1292 2909; baseline -0.007 -18"><span class='ocrx_word' id='word_1_280' title='bbox 260 2844 329 2891; x_wconf 66' lang='lat' dir='ltr'><strong>Servi</strong></span> <span class='ocrx_word' id='word_1_281' title='bbox 351 2842 501 2909; x_wconf 71' lang='lat' dir='ltr'><strong>miraturum]</strong></span> <span class='ocrx_word' id='word_1_282' title='bbox 532 2842 578 2891; x_wconf 81' lang='lat' dir='ltr'><strong>Ed.</strong></span> <span class='ocrx_word' id='word_1_283' title='bbox 603 2844 661 2892; x_wconf 88' lang='lat' dir='ltr'><strong>Nor.</strong></span> <span class='ocrx_word' id='word_1_284' title='bbox 683 2844 745 2891; x_wconf 80' lang='lat' dir='ltr'><strong>mule</strong></span> <span class='ocrx_word' id='word_1_285' title='bbox 778 2794 852 2890; x_wconf 75' lang='lat' dir='ltr'><strong>inus.</strong></span> <span class='ocrx_word' id='word_1_286' title='bbox 870 2841 962 2905; x_wconf 86' lang='lat' dir='ltr'><strong>Copula</strong></span> <span class='ocrx_word' id='word_1_287' title='bbox 972 2849 1022 2894; x_wconf 70' lang='lat' dir='ltr'><strong>ets</strong></span> <span class='ocrx_word' id='word_1_288' title='bbox 1035 2838 1292 2887; x_wconf 77' lang='lat' dir='ltr'><strong>Pichenaevettlibris</strong></span> 
     </span>
     <span class='ocr_line' id='line_1_34' title="bbox 229 2902 1291 2965; baseline -0.006 -10"><span class='ocrx_word' id='word_1_289' title='bbox 229 2909 308 2955; x_wconf 66' lang='lat' dir='ltr'><strong>nunu.</strong></span> <span class='ocrx_word' id='word_1_290' title='bbox 777 2907 863 2965; x_wconf 79' lang='lat' dir='ltr'><strong>addim,</strong></span> <span class='ocrx_word' id='word_1_291' title='bbox 875 2913 941 2954; x_wconf 81' lang='lat' dir='ltr'><strong>estet</strong></span> <span class='ocrx_word' id='word_1_292' title='bbox 954 2906 979 2952; x_wconf 91' lang='lat' dir='ltr'><strong>in</strong></span> <span class='ocrx_word' id='word_1_293' title='bbox 990 2905 1069 2952; x_wconf 85' lang='lat' dir='ltr'><strong>Turio.</strong></span> <span class='ocrx_word' id='word_1_294' title='bbox 1081 2904 1136 2953; x_wconf 86' lang='lat' dir='ltr'><strong>MS.</strong></span> <span class='ocrx_word' id='word_1_295' title='bbox 1160 2903 1219 2949; x_wconf 82' lang='lat' dir='ltr'><strong>Mox</strong></span> <span class='ocrx_word' id='word_1_296' title='bbox 1229 2902 1291 2949; x_wconf 87' lang='lat' dir='ltr'><strong>idem</strong></span> 
     </span>
     <span class='ocr_line' id='line_1_35' title="bbox 259 2968 1294 3034; baseline -0.006 -15"><span class='ocrx_word' id='word_1_297' title='bbox 259 2973 486 3019; x_wconf 78' lang='lat' dir='ltr'><strong>Hermundurorum</strong></span> <span class='ocrx_word' id='word_1_298' title='bbox 494 2972 590 3034; x_wconf 74' lang='lat' dir='ltr'><strong>ciuitas]</strong></span> <span class='ocrx_word' id='word_1_299' title='bbox 599 2971 660 3018; x_wconf 85' lang='lat' dir='ltr'><strong>Fuse</strong></span> <span class='ocrx_word' id='word_1_300' title='bbox 669 2971 697 3017; x_wconf 88' lang='lat' dir='ltr'><strong>de</strong></span> <span class='ocrx_word' id='word_1_301' title='bbox 708 2971 745 3019; x_wconf 86' lang='lat' dir='ltr'><strong>his</strong></span> <span class='ocrx_word' id='word_1_302' title='bbox 777 2970 835 3018; x_wconf 87' lang='lat' dir='ltr'><strong>liber</strong></span> <span class='ocrx_word' id='word_1_303' title='bbox 851 2986 871 3018; x_wconf 82' lang='lat' dir='ltr'><strong>c.</strong></span> <span class='ocrx_word' id='word_1_304' title='bbox 896 2976 976 3016; x_wconf 82' lang='lat' dir='ltr'><strong>nortro</strong></span> <span class='ocrx_word' id='word_1_305' title='bbox 997 2970 1183 3016; x_wconf 77' lang='lat' dir='ltr'><strong>commendamur</strong></span> <span class='ocrx_word' id='word_1_306' title='bbox 1199 2968 1237 3011; x_wconf 77' lang='lat' dir='ltr'><strong>bic</strong></span> <span class='ocrx_word' id='word_1_307' title='bbox 1252 2975 1294 3013; x_wconf 87' lang='lat' dir='ltr'><strong>etc.</strong></span> 
     </span>
     <span class='ocr_line' id='line_1_36' title="bbox 226 3031 1292 3096; baseline -0.007 -13"><span class='ocrx_word' id='word_1_308' title='bbox 226 3036 251 3083; x_wconf 88' lang='lat' dir='ltr'><strong>in</strong></span> <span class='ocrx_word' id='word_1_309' title='bbox 270 3036 359 3083; x_wconf 82' lang='lat' dir='ltr'><strong>Notitia</strong></span> <span class='ocrx_word' id='word_1_310' title='bbox 372 3036 589 3083; x_wconf 86' lang='lat' dir='ltr'><strong>Hermundurorum</strong></span> <span class='ocrx_word' id='word_1_311' title='bbox 599 3037 621 3083; x_wconf 78' lang='lat' dir='ltr'><strong>u</strong></span> <span class='ocrx_word' id='word_1_312' title='bbox 638 3036 747 3084; x_wconf 86' lang='lat' dir='ltr'><strong>Norimb.</strong></span> <span class='ocrx_word' id='word_1_313' title='bbox 779 3033 877 3083; x_wconf 79' lang='lat' dir='ltr'><strong>Colonia</strong></span> <span class='ocrx_word' id='word_1_314' title='bbox 888 3033 987 3081; x_wconf 75' lang='lat' dir='ltr'><strong>thetire</strong></span> <span class='ocrx_word' id='word_1_315' title='bbox 998 3048 1060 3096; x_wconf 77' lang='lat' dir='ltr'><strong>prou</strong></span> <span class='ocrx_word' id='word_1_316' title='bbox 1074 3040 1170 3095; x_wconf 82' lang='lat' dir='ltr'><strong>putatur</strong></span> <span class='ocrx_word' id='word_1_317' title='bbox 1181 3045 1230 3079; x_wconf 82' lang='lat' dir='ltr'><strong>esse</strong></span> <span class='ocrx_word' id='word_1_318' title='bbox 1240 3031 1292 3077; x_wconf 83' lang='lat' dir='ltr'><strong>Au-</strong></span> 
     </span>
     <span class='ocr_line' id='line_1_37' title="bbox 228 3094 1292 3210; baseline -0.008 -62"><span class='ocrx_word' id='word_1_319' title='bbox 228 3100 298 3155; x_wconf 82' lang='lat'><strong>1793.</strong></span> <span class='ocrx_word' id='word_1_320' title='bbox 774 3107 855 3210; x_wconf 62' lang='lat' dir='ltr'><strong>pasto,</strong></span> <span class='ocrx_word' id='word_1_321' title='bbox 867 3112 938 3161; x_wconf 84' lang='lat' dir='ltr'><strong>quam</strong></span> <span class='ocrx_word' id='word_1_322' title='bbox 949 3098 1021 3159; x_wconf 81' lang='lat' dir='ltr'><strong>vulgo</strong></span> <span class='ocrx_word' id='word_1_323' title='bbox 1032 3097 1205 3144; x_wconf 74' lang='lat' dir='ltr'><strong>Vindelicorum</strong></span> <span class='ocrx_word' id='word_1_324' title='bbox 1213 3094 1292 3155; x_wconf 79' lang='lat' dir='ltr'><strong>appel·</strong></span> 
     </span>
    </p>
   </div>
   <div class='ocr_carea' id='block_1_8' title="bbox 151 3158 1297 4384">
    <p class='ocr_par' dir='ltr' id='par_1_10' title="bbox 228 3158 1293 3277">
     <span class='ocr_line' id='line_1_38' title="bbox 260 3158 1293 3228; baseline -0.01 -15"><span class='ocrx_word' id='word_1_325' title='bbox 260 3168 340 3227; x_wconf 82' lang='lat' dir='ltr'><strong>quue</strong></span> <span class='ocrx_word' id='word_1_326' title='bbox 351 3167 406 3211; x_wconf 76' lang='lat' dir='ltr'><strong>solis</strong></span> <span class='ocrx_word' id='word_1_327' title='bbox 416 3165 510 3228; x_wconf 68' lang='lat' dir='ltr'><strong>Geren]</strong></span> <span class='ocrx_word' id='word_1_328' title='bbox 523 3164 578 3211; x_wconf 86' lang='lat' dir='ltr'><strong>MS.</strong></span> <span class='ocrx_word' id='word_1_329' title='bbox 586 3164 744 3226; x_wconf 76' lang='lat' dir='ltr'><strong>Turiuccquc</strong></span> <span class='ocrx_word' id='word_1_330' title='bbox 786 3173 833 3211; x_wconf 80' lang='lat' dir='ltr'><strong>ant.</strong></span> <span class='ocrx_word' id='word_1_331' title='bbox 851 3162 922 3209; x_wconf 79' lang='lat' dir='ltr'><strong>Ean.</strong></span> <span class='ocrx_word' id='word_1_332' title='bbox 945 3159 1166 3223; x_wconf 77' lang='lat' dir='ltr'><strong>Ccpniertdcestin</strong></span> <span class='ocrx_word' id='word_1_333' title='bbox 1175 3159 1211 3206; x_wconf 83' lang='lat' dir='ltr'><strong>ed.</strong></span> <span class='ocrx_word' id='word_1_334' title='bbox 1224 3158 1293 3204; x_wconf 88' lang='lat' dir='ltr'><strong>Rom.</strong></span> 
     </span>
     <span class='ocr_line' id='line_1_39' title="bbox 228 3226 946 3277; baseline -0.007 0"><span class='ocrx_word' id='word_1_335' title='bbox 228 3232 277 3277; x_wconf 69' lang='lat' dir='ltr'><strong>toln</strong></span> <span class='ocrx_word' id='word_1_336' title='bbox 290 3230 321 3277; x_wconf 88' lang='lat' dir='ltr'><strong>G.</strong></span> <span class='ocrx_word' id='word_1_337' title='bbox 338 3228 410 3275; x_wconf 79' lang='lat' dir='ltr'><strong>Eun.</strong></span> <span class='ocrx_word' id='word_1_338' title='bbox 778 3227 860 3274; x_wconf 73' lang='lat' dir='ltr'><strong>North,</strong></span> <span class='ocrx_word' id='word_1_339' title='bbox 870 3226 946 3273; x_wconf 86' lang='lat' dir='ltr'><strong>Rhen.</strong></span> 
     </span>
    </p>

    <p class='ocr_par' dir='ltr' id='par_1_11' title="bbox 227 3285 1293 3613">
     <span class='ocr_line' id='line_1_40' title="bbox 262 3285 1289 3357; baseline -0.009 -16"><span class='ocrx_word' id='word_1_340' title='bbox 262 3294 358 3341; x_wconf 77' lang='lat' dir='ltr'><strong>Colonia</strong></span> <span class='ocrx_word' id='word_1_341' title='bbox 366 3294 458 3354; x_wconf 79' lang='lat' dir='ltr'><strong>passim</strong></span> <span class='ocrx_word' id='word_1_342' title='bbox 472 3293 522 3337; x_wconf 81' lang='lat' dir='ltr'><strong>rinc</strong></span> <span class='ocrx_word' id='word_1_343' title='bbox 534 3290 636 3357; x_wconf 78' lang='lat' dir='ltr'><strong>crutode]</strong></span> <span class='ocrx_word' id='word_1_344' title='bbox 655 3292 745 3339; x_wconf 83' lang='lat' dir='ltr'><strong>Distin-</strong></span> <span class='ocrx_word' id='word_1_345' title='bbox 811 3294 871 3338; x_wconf 83' lang='lat' dir='ltr'><strong>Non</strong></span> <span class='ocrx_word' id='word_1_346' title='bbox 884 3290 1107 3351; x_wconf 74' lang='lat' dir='ltr'><strong>concupiscentibus]</strong></span> <span class='ocrx_word' id='word_1_347' title='bbox 1125 3286 1196 3335; x_wconf 80' lang='lat' dir='ltr'><strong>Refer</strong></span> <span class='ocrx_word' id='word_1_348' title='bbox 1211 3285 1241 3332; x_wconf 88' lang='lat' dir='ltr'><strong>sd</strong></span> <span class='ocrx_word' id='word_1_349' title='bbox 1257 3285 1289 3342; x_wconf 76' lang='lat' dir='ltr'><strong>id,</strong></span> 
     </span>
     <span class='ocr_line' id='line_1_41' title="bbox 227 3350 1293 3419; baseline -0.008 -16"><span class='ocrx_word' id='word_1_350' title='bbox 227 3358 393 3419; x_wconf 60' lang='lat' dir='ltr'><strong>girccoioniur</strong></span> <span class='ocrx_word' id='word_1_351' title='bbox 406 3359 498 3418; x_wconf 72' lang='lat' dir='ltr'><strong>panim</strong></span> <span class='ocrx_word' id='word_1_352' title='bbox 508 3359 558 3403; x_wconf 78' lang='lat' dir='ltr'><strong>sinc</strong></span> <span class='ocrx_word' id='word_1_353' title='bbox 569 3358 660 3405; x_wconf 74' lang='lat' dir='ltr'><strong>custode</strong></span> <span class='ocrx_word' id='word_1_354' title='bbox 667 3364 745 3404; x_wconf 81' lang='lat' dir='ltr'><strong>trans-</strong></span> <span class='ocrx_word' id='word_1_355' title='bbox 777 3356 841 3419; x_wconf 88' lang='lat' dir='ltr'><strong>quod</strong></span> <span class='ocrx_word' id='word_1_356' title='bbox 853 3354 952 3412; x_wconf 72' lang='lat' dir='ltr'><strong>dixerat,</strong></span> <span class='ocrx_word' id='word_1_357' title='bbox 969 3352 1027 3399; x_wconf 87' lang='lat' dir='ltr'><strong>fidos</strong></span> <span class='ocrx_word' id='word_1_358' title='bbox 1041 3351 1155 3399; x_wconf 82' lang='lat' dir='ltr'><strong>Romanis</strong></span> <span class='ocrx_word' id='word_1_359' title='bbox 1167 3365 1215 3397; x_wconf 73' lang='lat' dir='ltr'><strong>csse</strong></span> <span class='ocrx_word' id='word_1_360' title='bbox 1232 3350 1293 3396; x_wconf 84' lang='lat' dir='ltr'><strong>Her-</strong></span> 
     </span>
     <span class='ocr_line' id='line_1_42' title="bbox 228 3412 1292 3481; baseline -0.007 -14"><span class='ocrx_word' id='word_1_361' title='bbox 228 3430 292 3470; x_wconf 78' lang='lat' dir='ltr'><strong>cnct.</strong></span> <span class='ocrx_word' id='word_1_362' title='bbox 327 3422 399 3481; x_wconf 85' lang='lat' dir='ltr'><strong>Quod</strong></span> <span class='ocrx_word' id='word_1_363' title='bbox 412 3421 453 3481; x_wconf 88' lang='lat' dir='ltr'><strong>ait,</strong></span> <span class='ocrx_word' id='word_1_364' title='bbox 470 3420 519 3469; x_wconf 83' lang='lat' dir='ltr'><strong>sinc</strong></span> <span class='ocrx_word' id='word_1_365' title='bbox 532 3421 640 3470; x_wconf 80' lang='lat' dir='ltr'><strong>custode:</strong></span> <span class='ocrx_word' id='word_1_366' title='bbox 656 3434 743 3468; x_wconf 89' lang='lat' dir='ltr'><strong>morem</strong></span> <span class='ocrx_word' id='word_1_367' title='bbox 777 3420 911 3467; x_wconf 83' lang='lat' dir='ltr'><strong>munduros·</strong></span> <span class='ocrx_word' id='word_1_368' title='bbox 952 3417 1044 3465; x_wconf 84' lang='lat' dir='ltr'><strong>Scimus</strong></span> <span class='ocrx_word' id='word_1_369' title='bbox 1061 3431 1108 3474; x_wconf 86' lang='lat' dir='ltr'><strong>cos,</strong></span> <span class='ocrx_word' id='word_1_370' title='bbox 1122 3413 1211 3461; x_wconf 77' lang='lat' dir='ltr'><strong>etiamsi</strong></span> <span class='ocrx_word' id='word_1_371' title='bbox 1228 3412 1292 3460; x_wconf 84' lang='lat' dir='ltr'><strong>vide-</strong></span> 
     </span>
     <span class='ocr_line' id='line_1_43' title="bbox 228 3478 1288 3551; baseline -0.01 -18"><span class='ocrx_word' id='word_1_372' title='bbox 228 3486 311 3549; x_wconf 84' lang='lat' dir='ltr'><strong>ingerit</strong></span> <span class='ocrx_word' id='word_1_373' title='bbox 327 3500 403 3533; x_wconf 84' lang='lat' dir='ltr'><strong>rarum</strong></span> <span class='ocrx_word' id='word_1_374' title='bbox 426 3492 449 3533; x_wconf 88' lang='lat' dir='ltr'><strong>ct</strong></span> <span class='ocrx_word' id='word_1_375' title='bbox 470 3486 603 3533; x_wconf 85' lang='lat' dir='ltr'><strong>nombilcm.</strong></span> <span class='ocrx_word' id='word_1_376' title='bbox 643 3484 746 3533; x_wconf 86' lang='lat' dir='ltr'><strong>Romani</strong></span> <span class='ocrx_word' id='word_1_377' title='bbox 778 3484 825 3530; x_wconf 84' lang='lat' dir='ltr'><strong>rint</strong></span> <span class='ocrx_word' id='word_1_378' title='bbox 858 3491 953 3538; x_wconf 60' lang='lat' dir='ltr'><strong>nostin·</strong></span> <span class='ocrx_word' id='word_1_379' title='bbox 975 3490 1053 3527; x_wconf 79' lang='lat' dir='ltr'><strong>tamen</strong></span> <span class='ocrx_word' id='word_1_380' title='bbox 1085 3478 1163 3525; x_wconf 77' lang='lat' dir='ltr'><strong>fideles</strong></span> <span class='ocrx_word' id='word_1_381' title='bbox 1194 3490 1288 3551; x_wconf 80' lang='lat' dir='ltr'><strong>manm-</strong></span> 
     </span>
     <span class='ocr_line' id='line_1_44' title="bbox 229 3543 1292 3613; baseline -0.013 -14"><span class='ocrx_word' id='word_1_382' title='bbox 229 3550 291 3599; x_wconf 87' lang='lat' dir='ltr'><strong>enim</strong></span> <span class='ocrx_word' id='word_1_383' title='bbox 303 3550 326 3597; x_wconf 90' lang='lat' dir='ltr'><strong>iu</strong></span> <span class='ocrx_word' id='word_1_384' title='bbox 335 3550 410 3598; x_wconf 89' lang='lat' dir='ltr'><strong>limite</strong></span> <span class='ocrx_word' id='word_1_385' title='bbox 420 3550 517 3613; x_wconf 88' lang='lat' dir='ltr'><strong>Imperii</strong></span> <span class='ocrx_word' id='word_1_386' title='bbox 526 3549 707 3606; x_wconf 73' lang='lat' dir='ltr'><strong>incurvabant,</strong></span> <span class='ocrx_word' id='word_1_387' title='bbox 719 3558 746 3596; x_wconf 91' lang='lat' dir='ltr'><strong>ut</strong></span> <span class='ocrx_word' id='word_1_388' title='bbox 777 3562 823 3603; x_wconf 85' lang='lat' dir='ltr'><strong>ros,</strong></span> <span class='ocrx_word' id='word_1_389' title='bbox 847 3562 889 3594; x_wconf 88' lang='lat' dir='ltr'><strong>nec</strong></span> <span class='ocrx_word' id='word_1_390' title='bbox 905 3562 940 3603; x_wconf 80' lang='lat' dir='ltr'><strong>aa,</strong></span> <span class='ocrx_word' id='word_1_391' title='bbox 963 3560 1016 3608; x_wconf 78' lang='lat' dir='ltr'><strong>quae</strong></span> <span class='ocrx_word' id='word_1_392' title='bbox 1036 3543 1142 3603; x_wconf 80' lang='lat' dir='ltr'><strong>uiderint,</strong></span> <span class='ocrx_word' id='word_1_393' title='bbox 1168 3550 1292 3604; x_wconf 81' lang='lat' dir='ltr'><strong>cupituros.</strong></span> 
     </span>
    </p>

    <p class='ocr_par' dir='ltr' id='par_1_12' title="bbox 207 3612 1296 3996">
     <span class='ocr_line' id='line_1_45' title="bbox 207 3612 1268 3680; baseline -0.004 -19"><span class='ocrx_word' id='word_1_394' title='bbox 207 3624 350 3663; x_wconf 36' lang='lat' dir='ltr'><strong>&#39;rextemum</strong></span> <span class='ocrx_word' id='word_1_395' title='bbox 366 3615 484 3661; x_wconf 85' lang='lat' dir='ltr'><strong>neminem</strong></span> <span class='ocrx_word' id='word_1_396' title='bbox 498 3614 643 3661; x_wconf 76' lang='lat' dir='ltr'><strong>admitterent</strong></span> <span class='ocrx_word' id='word_1_397' title='bbox 659 3612 745 3675; x_wconf 81' lang='lat' dir='ltr'><strong>accipe·</strong></span> <span class='ocrx_word' id='word_1_398' title='bbox 779 3612 849 3659; x_wconf 79' lang='lat' dir='ltr'><strong>Eun.</strong></span> <span class='ocrx_word' id='word_1_399' title='bbox 1208 3669 1213 3680; x_wconf 38' lang='lat'><em>·</em></span> <span class='ocrx_word' id='word_1_400' title='bbox 1238 3668 1243 3679; x_wconf 37' lang='grc' dir='ltr'>Ι</span> <span class='ocrx_word' id='word_1_401' title='bbox 1263 3667 1268 3677; x_wconf 39' lang='grc'><strong>,</strong></span> 
     </span>
     <span class='ocr_line' id='line_1_46' title="bbox 228 3668 1291 3738; baseline -0.009 -15"><span class='ocrx_word' id='word_1_402' title='bbox 228 3688 314 3737; x_wconf 72' lang='lat' dir='ltr'><strong>reutve,</strong></span> <span class='ocrx_word' id='word_1_403' title='bbox 343 3678 389 3726; x_wconf 87' lang='lat' dir='ltr'><strong>nisi</strong></span> <span class='ocrx_word' id='word_1_404' title='bbox 412 3678 506 3726; x_wconf 84' lang='lat' dir='ltr'><strong>custode</strong></span> <span class='ocrx_word' id='word_1_405' title='bbox 532 3678 586 3725; x_wconf 83' lang='lat' dir='ltr'><strong>dato</strong></span> <span class='ocrx_word' id='word_1_406' title='bbox 613 3685 636 3724; x_wconf 89' lang='lat' dir='ltr'><strong>et</strong></span> <span class='ocrx_word' id='word_1_407' title='bbox 662 3676 747 3725; x_wconf 83' lang='lat' dir='ltr'><strong>arbitro</strong></span> <span class='ocrx_word' id='word_1_408' title='bbox 806 3670 1214 3738; x_wconf 77' lang='lat' dir='ltr'><strong>Notumoiim]QuodRomeniipsr</strong></span> <span class='ocrx_word' id='word_1_409' title='bbox 1223 3668 1291 3714; x_wconf 78' lang='lat' dir='ltr'><strong>vidis-</strong></span> 
     </span>
     <span class='ocr_line' id='line_1_47' title="bbox 226 3724 1294 3801; baseline -0.01 -14"><span class='ocrx_word' id='word_1_410' title='bbox 226 3742 353 3789; x_wconf 78' lang='lat' dir='ltr'><strong>cctionnm.</strong></span> <span class='ocrx_word' id='word_1_411' title='bbox 383 3742 459 3791; x_wconf 86' lang='lat' dir='ltr'><strong>Discis</strong></span> <span class='ocrx_word' id='word_1_412' title='bbox 474 3756 503 3790; x_wconf 79' lang='lat' dir='ltr'><strong>ex</strong></span> <span class='ocrx_word' id='word_1_413' title='bbox 516 3741 628 3800; x_wconf 91' lang='lat' dir='ltr'><strong>hocloco,</strong></span> <span class='ocrx_word' id='word_1_414' title='bbox 641 3750 663 3788; x_wconf 88' lang='lat' dir='ltr'><strong>et</strong></span> <span class='ocrx_word' id='word_1_415' title='bbox 675 3741 708 3788; x_wconf 85' lang='lat'><strong>11.</strong></span> <span class='ocrx_word' id='word_1_416' title='bbox 721 3743 745 3800; x_wconf 81' lang='lat'><strong>4,</strong></span> <span class='ocrx_word' id='word_1_417' title='bbox 779 3748 837 3799; x_wconf 83' lang='lat' dir='ltr'><strong>sent,</strong></span> <span class='ocrx_word' id='word_1_418' title='bbox 849 3738 1015 3801; x_wconf 81' lang='lat' dir='ltr'><strong>cognovissent,</strong></span> <span class='ocrx_word' id='word_1_419' title='bbox 1030 3750 1084 3783; x_wconf 88' lang='lat' dir='ltr'><strong>cum</strong></span> <span class='ocrx_word' id='word_1_420' title='bbox 1100 3724 1256 3796; x_wconf 81' lang='lat' dir='ltr'><strong>expeditiones</strong></span> <span class='ocrx_word' id='word_1_421' title='bbox 1269 3730 1294 3777; x_wconf 89' lang='lat' dir='ltr'><strong>in</strong></span> 
     </span>
     <span class='ocr_line' id='line_1_48' title="bbox 226 3796 1295 3870; baseline -0.011 -17"><span class='ocrx_word' id='word_1_422' title='bbox 226 3808 267 3853; x_wconf 73' lang='lat' dir='ltr'><strong>bt.</strong></span> <span class='ocrx_word' id='word_1_423' title='bbox 285 3807 326 3853; x_wconf 91' lang='lat' dir='ltr'><strong>ubi</strong></span> <span class='ocrx_word' id='word_1_424' title='bbox 342 3807 399 3854; x_wconf 82' lang='lat' dir='ltr'><strong>acris</strong></span> <span class='ocrx_word' id='word_1_425' title='bbox 415 3806 509 3870; x_wconf 86' lang='lat' dir='ltr'><strong>querela</strong></span> <span class='ocrx_word' id='word_1_426' title='bbox 519 3806 549 3854; x_wconf 91' lang='lat' dir='ltr'><strong>de</strong></span> <span class='ocrx_word' id='word_1_427' title='bbox 559 3805 603 3853; x_wconf 83' lang='lat' dir='ltr'><strong>hec</strong></span> <span class='ocrx_word' id='word_1_428' title='bbox 613 3820 637 3853; x_wconf 88' lang='lat' dir='ltr'><strong>re</strong></span> <span class='ocrx_word' id='word_1_429' title='bbox 647 3806 747 3853; x_wconf 79' lang='lat' dir='ltr'><strong>Genne-</strong></span> <span class='ocrx_word' id='word_1_430' title='bbox 779 3820 816 3852; x_wconf 83' lang='lat' dir='ltr'><strong>ess</strong></span> <span class='ocrx_word' id='word_1_431' title='bbox 832 3804 934 3867; x_wconf 81' lang='lat' dir='ltr'><strong>regiones</strong></span> <span class='ocrx_word' id='word_1_432' title='bbox 950 3808 1059 3862; x_wconf 79' lang='lat' dir='ltr'><strong>suscepte</strong></span> <span class='ocrx_word' id='word_1_433' title='bbox 1074 3806 1148 3846; x_wconf 74' lang='lat' dir='ltr'><strong>essent</strong></span> <span class='ocrx_word' id='word_1_434' title='bbox 1162 3798 1206 3843; x_wconf 82' lang='lat' dir='ltr'><strong>sub</strong></span> <span class='ocrx_word' id='word_1_435' title='bbox 1216 3796 1295 3847; x_wconf 82' lang='lat' dir='ltr'><strong>Druso</strong></span> 
     </span>
     <span class='ocr_line' id='line_1_49' title="bbox 227 3862 1227 3928; baseline -0.011 -11"><span class='ocrx_word' id='word_1_436' title='bbox 227 3885 321 3928; x_wconf 89' lang='lat' dir='ltr'><strong>norum,</strong></span> <span class='ocrx_word' id='word_1_437' title='bbox 333 3870 461 3918; x_wconf 82' lang='lat' dir='ltr'><strong>stbios:</strong></span> <span class='ocrx_word' id='word_1_438' title='bbox 481 3872 550 3919; x_wconf 85' lang='lat' dir='ltr'><strong>Nom</strong></span> <span class='ocrx_word' id='word_1_439' title='bbox 564 3872 594 3917; x_wconf 84' lang='lat' dir='ltr'><strong>ad</strong></span> <span class='ocrx_word' id='word_1_440' title='bbox 609 3870 671 3917; x_wconf 77' lang='lat' dir='ltr'><strong>bunc</strong></span> <span class='ocrx_word' id='word_1_441' title='bbox 683 3871 745 3917; x_wconf 77' lang='lat' dir='ltr'><strong>diem</strong></span> <span class='ocrx_word' id='word_1_442' title='bbox 778 3869 866 3917; x_wconf 79' lang='lat' dir='ltr'><strong>etaliis.</strong></span> <span class='ocrx_word' id='word_1_443' title='bbox 885 3866 939 3914; x_wconf 84' lang='lat' dir='ltr'><strong>MS</strong></span> <span class='ocrx_word' id='word_1_444' title='bbox 952 3865 1031 3911; x_wconf 86' lang='lat' dir='ltr'><strong>&#39;l&#39;uric</strong></span> <span class='ocrx_word' id='word_1_445' title='bbox 1043 3878 1138 3911; x_wconf 74' lang='lat' dir='ltr'><strong>muru.</strong></span> <span class='ocrx_word' id='word_1_446' title='bbox 1156 3862 1227 3908; x_wconf 81' lang='lat' dir='ltr'><strong>Eun.</strong></span> 
     </span>
     <span class='ocr_line' id='line_1_50' title="bbox 220 3922 1296 3996; baseline -0.013 -13"><span class='ocrx_word' id='word_1_447' title='bbox 220 3937 327 3996; x_wconf 70' lang='lat' dir='ltr'><strong>flumina</strong></span> <span class='ocrx_word' id='word_1_448' title='bbox 343 3949 370 3980; x_wconf 89' lang='lat' dir='ltr'><strong>uc</strong></span> <span class='ocrx_word' id='word_1_449' title='bbox 387 3940 463 3979; x_wconf 75' lang='lat' dir='ltr'><strong>terras</strong></span> <span class='ocrx_word' id='word_1_450' title='bbox 480 3941 503 3980; x_wconf 82' lang='lat' dir='ltr'><strong>ct</strong></span> <span class='ocrx_word' id='word_1_451' title='bbox 520 3935 687 3995; x_wconf 72' lang='lat' dir='ltr'><strong>quodammodo</strong></span> <span class='ocrx_word' id='word_1_452' title='bbox 703 3950 747 3980; x_wconf 71' lang='grc' dir='ltr'><strong>ειε-</strong></span> <span class='ocrx_word' id='word_1_453' title='bbox 811 3930 924 3994; x_wconf 62' lang='lat' dir='ltr'><strong>Nosces]</strong></span> <span class='ocrx_word' id='word_1_454' title='bbox 942 3928 981 3975; x_wconf 81' lang='lat' dir='ltr'><strong>Ita</strong></span> <span class='ocrx_word' id='word_1_455' title='bbox 994 3928 1018 3974; x_wconf 89' lang='lat' dir='ltr'><strong>in</strong></span> <span class='ocrx_word' id='word_1_456' title='bbox 1031 3926 1157 3991; x_wconf 78' lang='lat' dir='ltr'><strong>Capitolini</strong></span> <span class='ocrx_word' id='word_1_457' title='bbox 1168 3924 1205 3971; x_wconf 91' lang='grc' dir='ltr'><strong>Μ.</strong></span> <span class='ocrx_word' id='word_1_458' title='bbox 1217 3922 1296 3970; x_wconf 78' lang='lat' dir='ltr'><strong>Anto-</strong></span> 
     </span>
    </p>

    <p class='ocr_par' dir='ltr' id='par_1_13' title="bbox 177 3987 1292 4061">
     <span class='ocr_line' id='line_1_51' title="bbox 177 3987 1292 4061; baseline -0.009 -18"><span class='ocrx_word' id='word_1_459' title='bbox 177 4004 179 4008; x_wconf 89' lang='grc'><strong>’</strong></span> <span class='ocrx_word' id='word_1_460' title='bbox 228 4000 373 4061; x_wconf 76' lang='lat' dir='ltr'><strong>lum-iprum</strong></span> <span class='ocrx_word' id='word_1_461' title='bbox 388 3999 520 4044; x_wconf 77' lang='lat' dir='ltr'><strong>clauserant</strong></span> <span class='ocrx_word' id='word_1_462' title='bbox 535 4001 686 4058; x_wconf 57' lang='lat' dir='ltr'><strong>Roumrrtut</strong></span> <span class='ocrx_word' id='word_1_463' title='bbox 701 4000 747 4044; x_wconf 86' lang='lat' dir='ltr'><strong>col·</strong></span> <span class='ocrx_word' id='word_1_464' title='bbox 778 3998 834 4045; x_wconf 89' lang='lat' dir='ltr'><strong>nino</strong></span> <span class='ocrx_word' id='word_1_465' title='bbox 849 3987 1292 4045; x_wconf 71' lang='lat' dir='ltr'><strong>ces.dicuntur:1’u1cu2ae02,tl.</strong></span> 
     </span>
    </p>

    <p class='ocr_par' dir='ltr' id='par_1_14' title="bbox 227 4052 1297 4255">
     <span class='ocr_line' id='line_1_52' title="bbox 227 4052 1297 4125; baseline -0.012 -16"><span class='ocrx_word' id='word_1_466' title='bbox 227 4062 307 4125; x_wconf 76' lang='lat' dir='ltr'><strong>ioquin</strong></span> <span class='ocrx_word' id='word_1_467' title='bbox 320 4076 498 4124; x_wconf 79' lang='lat' dir='ltr'><strong>congressusque</strong></span> <span class='ocrx_word' id='word_1_468' title='bbox 518 4069 607 4111; x_wconf 71' lang='lat' dir='ltr'><strong>nostros</strong></span> <span class='ocrx_word' id='word_1_469' title='bbox 621 4070 743 4109; x_wconf 79' lang='lat' dir='ltr'><strong>arcerent:</strong></span> <span class='ocrx_word' id='word_1_470' title='bbox 779 4060 905 4119; x_wconf 74' lang='grc' dir='ltr'><strong>οὐαριστοί.</strong></span> <span class='ocrx_word' id='word_1_471' title='bbox 917 4058 992 4104; x_wconf 73' lang='lat' dir='ltr'><strong>Inus.</strong></span> <span class='ocrx_word' id='word_1_472' title='bbox 1011 4055 1096 4103; x_wconf 87' lang='lat' dir='ltr'><strong>Incod.</strong></span> <span class='ocrx_word' id='word_1_473' title='bbox 1107 4052 1297 4124; x_wconf 62' lang='lat' dir='ltr'><strong>Augustumqu-</strong></span> 
     </span>
     <span class='ocr_line' id='line_1_53' title="bbox 228 4114 1295 4189; baseline -0.012 -15"><span class='ocrx_word' id='word_1_474' title='bbox 228 4130 272 4187; x_wconf 78' lang='lat' dir='ltr'><strong>ccl,</strong></span> <span class='ocrx_word' id='word_1_475' title='bbox 285 4126 744 4189; x_wconf 62' lang='lat' dir='ltr'><strong>quodcontunaetiostmencursariu-</strong></span> <span class='ocrx_word' id='word_1_476' title='bbox 778 4122 870 4186; x_wconf 85' lang='lat' dir='ltr'><strong>pitolini</strong></span> <span class='ocrx_word' id='word_1_477' title='bbox 884 4122 981 4169; x_wconf 74' lang='lat' dir='ltr'><strong>Varimr</strong></span> <span class='ocrx_word' id='word_1_478' title='bbox 997 4120 1111 4167; x_wconf 85' lang='lat' dir='ltr'><strong>dicuntur.</strong></span> <span class='ocrx_word' id='word_1_479' title='bbox 1144 4116 1218 4181; x_wconf 84' lang='lat' dir='ltr'><strong>Apud</strong></span> <span class='ocrx_word' id='word_1_480' title='bbox 1235 4114 1295 4162; x_wconf 80' lang='lat' dir='ltr'><strong>Dio-</strong></span> 
     </span>
     <span class='ocr_line' id='line_1_54' title="bbox 228 4180 1246 4255; baseline -0.011 -16"><span class='ocrx_word' id='word_1_481' title='bbox 228 4208 267 4239; x_wconf 84' lang='lat' dir='ltr'><strong>mo</strong></span> <span class='ocrx_word' id='word_1_482' title='bbox 282 4193 354 4248; x_wconf 78' lang='lat' dir='ltr'><strong>ontis,</strong></span> <span class='ocrx_word' id='word_1_483' title='bbox 365 4194 466 4238; x_wconf 76' lang='lat' dir='ltr'><strong>insrmm</strong></span> <span class='ocrx_word' id='word_1_484' title='bbox 474 4202 502 4234; x_wconf 82' lang='lat' dir='ltr'><strong>ac</strong></span> <span class='ocrx_word' id='word_1_485' title='bbox 509 4192 648 4251; x_wconf 68' lang='lat' dir='ltr'><strong>properandi</strong></span> <span class='ocrx_word' id='word_1_486' title='bbox 656 4190 697 4237; x_wconf 78' lang='lat' dir='ltr'><strong>rub</strong></span> <span class='ocrx_word' id='word_1_487' title='bbox 706 4206 746 4237; x_wconf 85' lang='lat' dir='ltr'><strong>cu-</strong></span> <span class='ocrx_word' id='word_1_488' title='bbox 778 4203 831 4236; x_wconf 90' lang='lat' dir='ltr'><strong>nem</strong></span> <span class='ocrx_word' id='word_1_489' title='bbox 843 4188 867 4234; x_wconf 86' lang='lat' dir='ltr'><strong>in</strong></span> <span class='ocrx_word' id='word_1_490' title='bbox 878 4184 989 4248; x_wconf 83' lang='lat' dir='ltr'><strong>excerptis</strong></span> <span class='ocrx_word' id='word_1_491' title='bbox 1001 4184 1053 4245; x_wconf 82' lang='lat'>(71,</span> <span class='ocrx_word' id='word_1_492' title='bbox 1062 4182 1114 4243; x_wconf 78' lang='lat'>21.)</span> <span class='ocrx_word' id='word_1_493' title='bbox 1132 4180 1246 4255; x_wconf 58' lang='lat' dir='ltr'><strong>rispens(</strong></span> 
     </span>
    </p>

    <p class='ocr_par' dir='ltr' id='par_1_15' title="bbox 151 4243 1294 4319">
     <span class='ocr_line' id='line_1_55' title="bbox 151 4243 1294 4319; baseline -0.01 -18"><span class='ocrx_word' id='word_1_494' title='bbox 151 4267 154 4272; x_wconf 85' lang='lat'>·</span> <span class='ocrx_word' id='word_1_495' title='bbox 229 4258 321 4303; x_wconf 77' lang='lat' dir='ltr'><strong>rtodcct</strong></span> <span class='ocrx_word' id='word_1_496' title='bbox 330 4257 408 4317; x_wconf 79' lang='lat' dir='ltr'><strong>pretio</strong></span> <span class='ocrx_word' id='word_1_497' title='bbox 419 4256 542 4301; x_wconf 62' lang='lat' dir='ltr'><strong>correvum.</strong></span> <span class='ocrx_word' id='word_1_498' title='bbox 568 4252 636 4302; x_wconf 86' lang='lat' dir='ltr'><strong>Etiu</strong></span> <span class='ocrx_word' id='word_1_499' title='bbox 652 4268 746 4319; x_wconf 81' lang='lat' dir='ltr'><strong>reapon-</strong></span> <span class='ocrx_word' id='word_1_500' title='bbox 810 4252 921 4299; x_wconf 79' lang='lat' dir='ltr'><strong>Danubio</strong></span> <span class='ocrx_word' id='word_1_501' title='bbox 935 4248 1091 4311; x_wconf 69' lang='lat' dir='ltr'><strong>pratenitur]</strong></span> <span class='ocrx_word' id='word_1_502' title='bbox 1108 4247 1212 4307; x_wconf 77' lang='lat' dir='ltr'><strong>Scriptus</strong></span> <span class='ocrx_word' id='word_1_503' title='bbox 1227 4243 1294 4299; x_wconf 81' lang='lat' dir='ltr'><strong>liber,</strong></span> 
     </span>
    </p>

    <p class='ocr_par' dir='ltr' id='par_1_16' title="bbox 233 4310 1293 4384">
     <span class='ocr_line' id='line_1_56' title="bbox 233 4310 1293 4384; baseline -0.01 -19"><span class='ocrx_word' id='word_1_504' title='bbox 233 4322 258 4365; x_wconf 86' lang='lat' dir='ltr'><strong>s&#39;o</strong></span> <span class='ocrx_word' id='word_1_505' title='bbox 274 4318 482 4381; x_wconf 75' lang='lat' dir='ltr'><strong>Agrippinensium</strong></span> <span class='ocrx_word' id='word_1_506' title='bbox 504 4320 546 4367; x_wconf 72' lang='grc'><strong>65.</strong></span> <span class='ocrx_word' id='word_1_507' title='bbox 588 4320 643 4366; x_wconf 73' lang='lat' dir='ltr'><strong>sset</strong></span> <span class='ocrx_word' id='word_1_508' title='bbox 669 4326 747 4365; x_wconf 77' lang='lat' dir='ltr'><strong>trous·</strong></span> <span class='ocrx_word' id='word_1_509' title='bbox 775 4318 908 4379; x_wconf 70' lang='lat' dir='ltr'><strong>peragitur.</strong></span> <span class='ocrx_word' id='word_1_510' title='bbox 930 4313 1004 4362; x_wconf 77' lang='lat' dir='ltr'><strong>Male.</strong></span> <span class='ocrx_word' id='word_1_511' title='bbox 1036 4310 1149 4370; x_wconf 75' lang='lat' dir='ltr'><strong>Quidem,</strong></span> <span class='ocrx_word' id='word_1_512' title='bbox 1163 4310 1293 4384; x_wconf 45' lang='lat' dir='ltr'><strong>pergitur:</strong></span> 
     </span>
    </p>
   </div>
   <div class='ocr_carea' id='block_1_9' title="bbox 0 0 1534 4975">
    <p class='ocr_par' dir='ltr' id='par_1_17' title="bbox 0 0 1534 4975">
     <span class='ocr_line' id='line_1_57' title="bbox 0 0 1534 4975; baseline 0 0"><span class='ocrx_word' id='word_1_513' title='bbox 0 0 1534 4975; x_wconf 95' lang='lat' dir='ltr'><strong> </strong></span> 
     </span>
    </p>
   </div>
  </div>
 </body>
</html>
