3059 4975
220 251 278 311 oco
597 246 880 309 nisronnsun
1133 244 1298 319 [nasu.

227 410 324 473 berna
339 409 487 475 subversa
501 424 713 499 aromataquer
735 408 774 477 iis
788 420 912 475 tantum
926 407 1051 489 relictis,
1071 428 1146 495 quoe
1160 397 1298 496 Magon-

230 493 302 560 tiaci
317 516 353 559 ac
368 496 561 561 Vindonissa
575 496 633 561 sita
647 509 729 561 sunt.

275 580 389 645 LXII.
412 582 513 679 Legio
527 582 734 647 sextadecima
745 604 818 646 cum
832 582 957 646 auxiliis
969 581 1061 647 simul
1074 580 1188 645 deditis
1201 581 1299 646 aNo-

230 665 315 731 vesio
328 665 360 729 in
382 666 533 731 coloniam
554 669 766 731 Treverorum
787 668 963 817 tmffoedi
980 668 1123 755 jubetur,
1143 667 1298 753 proelinita

231 752 294 830 die,
308 752 391 817 intra
404 774 499 837 quam
513 752 621 817 castris
634 752 804 818 excederet„
881 753 989 817 edium
1001 767 1229 857 omnetempus
1281 776 1298 815 r

231 836 333 902 varias
346 860 435 903 curas
448 860 557 925 egere:
579 838 797 926 ignavissimus
810 838 863 926 qu‘
903 862 955 918 ue,
969 860 1120 904 corsorum
1132 838 1220 925 apud
1265 862 1297 902 e-

233 923 463 1011 teraexempIO,
473 936 638 1021 paventesr
653 922 762 988 melior
771 946 845 1012 pars
854 946 893 989 ru
979 937 1011 989 et
1020 921 1161 989 infamia:
1176 923 1296 1010 “quale

232 1006 312 1072 illud
332 1009 413 1074 iter?
434 1032 506 1096 quis
521 1009 589 1074 dux
603 1010 685 1074 viae?
714 1022 746 1073 et
763 1009 869 1074 omnia
886 1009 919 1074 in
938 1010 1068 1075 arbitrio
1085 1032 1203 1087 eorum,
1218 1032 1299 1096 quos

232 1092 308 1159 vitae
317 1094 463 1182 necisque
476 1095 617 1159 dominos
633 1093 803 1158 fecissent.''
845 1094 924 1173 Alii,
939 1094 1027 1159 nulla
1038 1094 1198 1161 dedecoris
1210 1118 1297 1174 citra,

231 1180 405 1267 pecunim,
420 1195 476 1245 aut
489 1180 645 1245 carissima
657 1178 838 1266 sibimetipsi
850 1179 1052 1245 circumdare.
1094 1180 1231 1259 Quidam
1244 1204 1300 1245 ex·

231 1264 340 1352 pedire
352 1288 447 1342 arma,
462 1265 591 1351 telisque
606 1278 768 1350 tamquam
780 1264 814 1329 in
827 1264 925 1329 aciem
937 1264 1065 1351 accingi
1110 1268 1192 1330 Haec
1201 1266 1299 1330 medi-

232 1350 381 1430 tantibus,
410 1348 536 1415 advenit
562 1349 775 1437 proficiscendi
801 1351 889 1429 bora,
916 1348 1145 1447 exspectatione
1170 1350 1299 1418 tristior.

233 1435 358 1522 Quippe
379 1435 462 1499 iutra
473 1434 591 1500 vallum
609 1435 790 1501 deformitas
809 1436 897 1501 baud
914 1435 1043 1523 perinde
1060 1435 1221 1500 notabilis:
1242 1435 1299 1501 de·

233 1520 312 1584 texit
332 1520 533 1607 ignominiam
555 1543 684 1609 campus
708 1533 741 1585 et
767 1520 842 1587 dies.
895 1521 1044 1587 Revulsae
1068 1521 1117 1585 Im
1157 1536 1298 1587 ratorum

231 1604 392 1693 imagines,
407 1605 559 1671 inhonora
569 1606 666 1693 signa,
678 1608 724 1671 iul
765 1608 872 1673 ntibua
884 1606 1039 1672 hincinde
1048 1608 1080 1672 G
1121 1630 1214 1671 orum
1223 1631 1299 1672 vex-

231 1689 308 1756 illis:
332 1691 423 1757 silens
439 1715 561 1779 agmen,
580 1706 613 1757 et
629 1692 717 1757 velut
744 1716 835 1780 ongae
851 1693 1026 1779 exsequia:
1057 1692 1125 1757 dux
1144 1692 1298 1758 Claudius

234 1779 377 1856 Sanctae,
391 1778 501 1843 effosso
513 1778 623 1845 oculo:
646 1778 733 1843 dirus
746 1802 810 1857 ore,
824 1778 950 1865 ingenio
962 1778 1103 1844 debilior.
1146 1778 1300 1865 Duplioa-

231 1873 284 1927 tur
294 1862 460 1951 flagitium,
473 1878 650 1951 postquam,
661 1863 789 1929 desertis
797 1864 1015 1929 Bonnensibus
1027 1864 1145 1936 castris,
1154 1862 1252 1929 altera
1265 1888 1298 1929 se

230 1947 312 2035 legio
326 1949 497 2015 miscuerat.
530 1950 585 2028 Et,
597 1949 725 2037 vulgata
737 1962 900 2037 captarum
910 1949 1068 2037 legionum
1078 1949 1173 2029 fama,
1182 1950 1298 2029 cuncti,

232 2034 289 2121 qui
305 2035 412 2123 paullo
432 2048 504 2101 ante
527 2034 741 2100 Romanorum
759 2058 873 2100 nomen
889 2036 1069 2115 horrebant,
1082 2048 1299 2123 procurrentes

229 2142 270 2185 ex
339 2120 346 2133 ”
377 2122 447 2187 teo'
487 2144 527 2186 ue
541 2134 572 2185 et
586 2120 662 2185 undi
685 2144 725 2185 ue
738 2122 829 2185 effusi
841 2121 965 2186 insolito
977 2121 1153 2209 spectaculo
1165 2121 1297 2186 nimium

230 2206 323 2304 fruc·
364 2220 424 2272 tur.
486 2229 527 2305 on
536 2206 680 2306 tulitala·
703 2206 995 2306 icentinagaudium
1004 2205 1182 2307 insultantis
1190 2207 1297 2293 vulgi:

230 2292 1298 2466 ttltttiltltltttttlti&limittit

231 2462 310 2543 telis,
334 2463 457 2530 initium
478 2462 673 2534 exsolvendae
694 2462 727 2528 in
748 2479 908 2551 posterum
926 2463 1028 2551 culpae
1048 2466 1158 2530 iecere.
1202 2463 1298 2550 Legi·

232 2571 317 2627 ones,
329 2549 406 2614 nihil
420 2562 541 2615 mutmo
555 2548 673 2628 itinere,
688 2563 760 2614 urite
770 2550 885 2614 moenis
897 2553 1108 2615 Treverorum
1122 2550 1298 2614 considunt.

277 2634 411 2701 LXIII.
446 2635 554 2702 Civilis
581 2650 614 2702 et
642 2635 806 2715 Classicus,
827 2635 922 2701 rebus
947 2635 1089 2702 mcundis
1110 2634 1235 2715 sublati,
1256 2657 1298 2700 an

270 2872 413 2922 Vindonissa
423 2873 482 2938 rita]
499 2872 530 2923 V.
542 2873 572 2922 sd
580 2889 599 2922 a
611 2873 650 2929 70.
781 2875 876 2932 laneca,
887 2888 941 2922 oum
952 2871 1112 2937 explicatione,
1123 2875 1193 2936 signo
1201 2875 1295 2928 tuma,

264 2939 342 3000 Legio
351 2937 449 3003 XIIL]
465 2939 497 2986 V.
509 2937 571 2986 dlota
581 2938 611 2986 ad
621 2954 642 2986 o.
653 2938 693 2986 26.
781 2938 807 2986 id
822 2947 864 2999 est,
875 2939 925 2986 siue
937 2953 1000 2986 nexu
1010 2946 1035 2985 et
1047 2937 1112 2986 nuda
1120 2938 1199 2986 fulsse.
1230 2938 1295 2986 Nam

265 3005 328 3051 Haec
339 3004 516 3066 nuditantlbcs]
533 3003 594 3062 Quis
604 3011 672 3113 neget
682 3018 697 3050 a
708 3001 750 3050 ni-
781 3003 857 3051 solent
862 3002 975 3065 imagines
983 3001 1128 3066 Principum,
1135 3001 1294 3066 clypeam

233 3067 302 3116 viarm
318 3068 445 3130 exemplari
458 3070 523 3116 esse?
540 3067 582 3130 qui
596 3067 620 3114 in
652 3067 750 3115 situnne
781 3081 869 3114 corona
880 3075 903 3114 et
912 3067 968 3115 talia
977 3065 1072 3114 mnecfi.
1087 3066 1163 3116 Iura.
1194 3069 1228 3115 Ia
1238 3068 1297 3114 loru

232 3131 274 3180 ille
284 3132 347 3194 turpi
362 3131 392 3180 ad
404 3131 518 3180 Furculas
533 3133 557 3182 9.
572 3133 596 3177 5.
629 3132 750 3192 Hoecfre-
781 3130 925 3178 etiaml'lor.
948 3133 981 3179 Iu
991 3145 1034 3177 ora
1044 3133 1105 3196 Agr.
1120 3132 1295 3192 labosorajam

232 3198 356 3255 mentibus,
367 3195 451 3258 inquit,
460 3195 606 3257 horcsatclir
614 3197 750 3256 ignoraturis
781 3195 879 3244 correxit
885 3195 1010 3255 Victorius,
1021 3196 1072 3244 loco
1082 3212 1153 3260 supra
1161 3194 1297 3244 indicatoad

233 3260 337 3318 advenit,
347 3261 427 3306 ornem
439 3260 545 3306 tristiora
560 3261 751 3323 exstuandosa-
784 3261 823 3320 lo,
834 3263 875 3309 25.
899 3259 977 3323 lipsii
986 3261 1147 3310 wneotionem
1159 3259 1244 3323 recepit
1254 3259 1297 3306 Pi-

233 3333 309 3371 ctura
327 3323 404 3371 lires.
781 3323 854 3373 mena
864 3339 918 3373 cum
929 3322 993 3388 seqq.
1004 3325 1119 3374 omnibus
1131 3325 1158 3373 J.
1164 3323 1296 3372 Gronovius

237 3427 242 3434 .
263 3391 357 3437 quena
367 3384 448 3450 riguo]
459 3387 575 3436 Budensis
583 3388 654 3438 codex
665 3390 749 3438 iridem
781 3397 859 3436 tamen
870 3405 883 3436 e
892 3388 989 3437 lectiam
999 3387 1134 3436 Florentius
1139 3389 1216 3452 potius
1225 3388 1297 3434 extri-

231 3455 309 3516 sc'gua.
326 3453 398 3501 Rom.
415 3454 442 3500 tn
452 3467 501 3500 ora.
531 3453 671 3502 Divinabam
682 3455 748 3514 olim,
781 3455 848 3502 oabat
858 3455 953 3501 viliora.
965 3453 1037 3500 Bau.
1062 3452 1233 3501 Aliasaliomm
1241 3466 1297 3499 oon-

233 3518 421 3579 r'noerrcaigna3
439 3517 645 3581 quodignominiae
657 3517 710 3578 fuit,
726 3529 749 3566 et
778 3518 879 3578 iecturas
894 3517 988 3566 exhibet
1002 3517 1029 3565 J.
1047 3519 1119 3565 (Iron.
1150 3515 1297 3579 Exemplum

231 3582 303 3630 victos
319 3598 342 3630 se
356 3581 487 3630 fatentium.
517 3582 652 3644 Spartianus
664 3582 689 3630 in
706 3583 748 3631 Se·
780 3582 813 3629 rei
829 3582 900 3630 habes
909 3582 944 3630 A.
960 3581 982 3636 l,
993 3581 1033 3627 24.
1050 3581 1092 3628 ubi
1107 3581 1207 3642 legtoues'
1223 3582 1297 3628 nullis

231 3660 286 3694 vero
296 3645 319 3700 7.
347 3647 508 3707 sapentiam
518 3647 749 3709 comitatuum·
780 3647 1047 3709 insignibmsnlgcatcs.
1061 3643 1125 3693 Bud.
1136 3646 1231 3693 revolar.
1257 3645 1297 3694 Sic

231 3713 305 3769 rexit,
312 3711 423 3772 prelatit
434 3712 513 3772 agno
527 3727 578 3772 que
589 3713 749 3760 Praetor-tants
779 3710 866 3774 ubique
877 3712 967 3772 volgus,
979 3711 1095 3770 volgatus,
1106 3716 1131 3758 et
1140 3708 1233 3758 similia.

230 3775 357 3834 ademerat,
376 3777 477 3837 rupinis,
494 3789 542 3822 nou
557 3777 646 3824 erectis.
679 3775 748 3824 Idem
812 3777 873 3823 Due
886 3775 1001 3824 cuculus
1018 3773 1297 3838 Sanctus1Duoemria

218 3834 370 3901 'usurpatum
384 3838 408 3884 in
424 3838 509 3888 dolore.
537 3837 632 3888 Tacitus
642 3840 675 3887 A.
687 3841 712 3899 3,
723 3842 747 3888 2.
780 3838 862 3887 deditis
875 3839 957 3888 datum
972 3837 1079 3903 intelligi,
1097 3840 1148 3901 jam
1163 3855 1178 3887 a
1195 3838 1299 3887 Pichena

230 3903 395 3952 Proeoedelont
409 3904 526 3968 incompta
542 3905 620 3966 signu,
638 3905 748 3968 urreisa-
779 3903 901 3951 monitum.
935 3903 960 3951 Is
976 3904 1045 3951 diras
1057 3920 1098 3952 ore
1108 3903 1199 3962 dicitur,
1215 3905 1246 3951 ob
1256 3901 1297 3949 da-

231 3982 286 4014 accs.
320 3965 385 4014 Pedo
394 3967 558 4016 Albinovanus
574 3967 604 4015 ad
621 3967 714 4018 Liviam
725 3983 747 4017 r.
778 3967 919 4017 formitatem
927 3969 957 4017 ab
968 3967 1051 4016 effosso
1058 3970 1132 4018 oculo.
1151 3968 1232 4030 Atque
1241 3966 1298 4015 hino

232 4031 287 4079 141.
306 4031 749 4097 Quosprt'mumvidlsasccs,{resonare
779 4032 879 4097 intelligi
898 4033 966 4081 debet
982 4033 1082 4081 alterum
1096 4032 1176 4080 debilis
1193 4032 1299 4093 ingenio.

231 4097 282 4142 oldt
290 4113 298 4153 ,¹
310 4096 357 4144 Sed
366 4095 415 4142 vtdt
425 4110 501 4143 uersos
510 4098 670 4160 indiciumque
681 4099 746 4145 malt.
780 4097 846 4145 Nam
856 4099 939 4145 debiles
949 4097 1057 4145 diomtur
1067 4096 1128 4160 eapti
1138 4094 1216 4158 aliquo
1222 4111 1299 4143 mem.

230 4159 335 4236 ⁴btnune
341 4167 421 4224 putem
430 4160 574 4234 commodius
581 4160 627 4224 legi
634 4163 749 4209 inhonoro
780 4163 828 4236 bro
856 4161 941 4225 Itaque
958 4161 992 4208 nil
1007 4161 1072 4235 aliud
1085 4168 1129 4235 est,
1139 4174 1212 4234 quam
1226 4161 1247 4209 si
1260 4160 1298 4207 di-

229 4223 749 4350 malsamitorum
780 4223 1297 4354 minitamini&

227 4353 420 4401 lornmvrxillr'r:
436 4359 478 4420 aut
490 4350 567 4414 potius
577 4352 673 4403 retineri
688 4353 747 4405 illud
779 4353 831 4404 edd.
841 4353 931 4418 primis,
942 4368 989 4402 non
1000 4368 1100 4404 comma.
1117 4353 1189 4405 Ean.
