3059 4975
225 289 287 349 208
603 286 890 349 Htsronmnttm
1130 288 1211 361 [no.
1225 290 1294 351 823.

223 449 351 515 aderat:
374 448 573 517 stultissimus
593 452 726 538 quimue
744 450 884 537 pectmiis
904 451 1114 515 mercebatur:
1136 451 1224 539 apud
1243 474 1291 518 aa·

245 536 343 601 ientes
356 558 441 601 cassa
454 534 659 614 habebantur,
672 558 745 623 quae
759 560 862 623 neque
875 534 954 616 dari,
968 558 1070 623 neque
1082 537 1191 624 accipi,
1206 538 1290 605 salva

223 559 410 709 hepublioa,
425 635 576 709 poterant.
622 622 768 687 Tandem
783 622 943 709 flagitante
952 622 1101 701 exercitu,
1111 624 1167 709 qui
1179 626 1290 689 Meva-

224 708 309 773 niam
333 706 498 785 insederat,
519 729 634 793 magno
657 709 843 773 Senatorum
864 707 998 808 agmine,
1022 730 1157 795 quorum
1173 708 1290 773 multos

224 791 403 871 ambitione,
418 792 523 879 plures
537 790 702 857 formidine
716 793 869 873 trahebat,
883 814 917 859 m
931 804 1031 859 castra
1044 793 1140 873 venit,
1153 792 1289 859 incertus

223 878 328 957 animi,
343 893 375 942 et
388 877 491 942 infidis
503 877 637 943 consiliis
649 877 813 944 obnoxius.

267 963 361 1031 LVI.
386 964 590 1029 Concionanti
613 964 843 1052 (prodigiosum
863 962 966 1050 dictu)
990 976 1113 1031 tantum
1133 964 1289 1029 foedarum

222 1048 385 1115 volucrum
400 1048 643 1137 supervolitavit,
659 1062 696 1114 ut
710 1050 795 1115 nube
808 1064 877 1136 atra
889 1048 974 1115 diem
986 1049 1200 1117 obtenderent.
1225 1051 1289 1115 Ac-

223 1133 313 1201 oessit
322 1134 426 1199 dirum
436 1158 539 1213 omen,
553 1135 646 1222 profu
670 1157 707 1198 us
719 1134 870 1199 altaribus
879 1146 999 1213 taurus,
1010 1134 1141 1223 disjecto
1151 1135 1289 1201 sacrificii

223 1220 390 1309 adparatu,
412 1220 515 1306 longe,
538 1241 606 1299 nec,
631 1158 687 1283 ubi
709 1218 794 1283 feriri
816 1218 932 1285 hostias
952 1242 1020 1286 mos
1040 1234 1097 1299 est,
1117 1222 1287 1287 confossus.

223 1306 288 1371 Sed
309 1306 503 1393 praecipuum
516 1304 583 1403 ipse
596 1303 743 1372 Vitellius
756 1318 914 1371 ostentum
927 1319 1004 1386 erat,
1018 1304 1145 1393 ignarus
1158 1306 1287 1384 militioe,

222 1388 406 1479 inprovidus
418 1389 546 1470 consilii,
563 1388 666 1477 “quis
678 1390 757 1455 ordo
842 1390 908 1469 nis,
922 1415 995 1478 quoe
1008 1414 1084 1457 eura
1094 1390 1287 1478 explorandi,

223 1490 360 1564 quantus
380 1474 522 1563 urgendo
536 1474 727 1541 trahendove
739 1477 780 1541 be
801 1500 822 1541 o
836 1476 979 1556 modus,”
991 1476 1069 1542 alios
1088 1476 1236 1563 rogitans,
1255 1492 1287 1543 et

222 1562 266 1627 ad
285 1583 392 1626 omnes
410 1561 546 1640 nuntios,
559 1560 652 1627 vultu
666 1585 794 1661 quoque
806 1576 839 1628 et
855 1562 975 1627 incessu
988 1576 1036 1627 tre
1057 1560 1139 1640 idus,
1154 1560 1226 1626 dein
1244 1575 1288 1627 te-

224 1645 390 1712 mulentus.
434 1646 598 1713 Postremo
615 1646 709 1713 taedro
727 1660 910 1728 castrorum,
931 1662 973 1727 et,
995 1671 1035 1713 au
1060 1646 1105 1712 'ta
1116 1646 1288 1713 defectione

223 1730 409 1799 Misenensis
427 1730 541 1813 classis,
556 1730 693 1799 Romam
715 1734 853 1812 revertit,
873 1732 1117 1799 recentissimum
1137 1732 1287 1820 quodque

258 2002 307 2061 Qut
323 2003 467 2079 diruentem
485 2002 613 2067 imederat]
645 2001 736 2053 Vocula
767 2020 784 2053 a
797 2002 989 2053 Dmkmborchin
1005 2002 1103 2078 aliique
1114 2002 1206 2115 ἔξω
1222 2012 1286 2079 nspt,

223 2065 553 2177 puteddrtaehbnsdnrs.
583 2066 740 2116 Esmsustu-
769 2066 1108 2118 efficiturzsedsobsstsmct
1160 2067 1283 2117 meinos:

234 2129 367 2180 eratRhen.
382 2130 427 2181 Est
435 2140 513 2179 tamar
523 2130 665 2181 inomnibus
674 2129 740 2181 libris
764 2132 931 2196 pedoresoedo
938 2132 1285 2194 squalidamoitenturconsanr,

223 2210 269 2245 scr.
278 2195 363 2245 etedd.
374 2203 436 2247 ante.
453 2196 527 2246 Eun.
556 2194 587 2244 In
598 2194 660 2243 Bud.
669 2194 742 2245 deest.
770 2205 798 2245 ut
807 2196 909 2246 raoni
918 2196 1285 2256 resdmitflronorimumsntc

224 2260 354 2309 Rhenanus
370 2262 438 2309 Mea.
450 2263 495 2309 ιιι.
509 2260 535 2309 in
552 2260 682 2325 parenthesi
697 2276 740 2330 po·
770 2270 830 2311 esset
848 2262 964 2310 obtectus:
987 2260 1051 2309 unde
1067 2269 1140 2323 petet,
1156 2274 1205 2309 sem
1260 2261 1286 2309 in

224 2324 300 2373 nenda
309 2326 416 2388 putabat.
770 2323 1168 2375 bacformahesisserirosdoctos.
1194 2276 1283 2384 ἅιῗιιιο,

255 2390 491 2453 Dtemobtenderent]
509 2388 684 2448 Bcneitalibri‚
693 2400 740 2439 non
770 2405 825 2440 mm
836 2391 861 2441 in
871 2389 945 2438 tribus
953 2388 1010 2438 locis
1021 2386 1134 2437 similibus
1143 2388 1286 2437 consentiant

224 2453 383 2514 obtmderent,
401 2462 429 2504 ut
445 2456 470 2519 (e
481 2450 558 2516 But.)
569 2453 645 2505 visum
655 2453 739 2506 Beato.
771 2453 845 2506 MSS.
863 2467 911 2504 nou
931 2452 1066 2504 annonam
1092 2452 1152 2502 hanc
1174 2453 1285 2529 loquendi

224 2517 372 2578 Quibusdam
388 2519 428 2582 (ut
444 2517 516 2584 Agr.)
532 2516 652 2583 scripmm,
680 2522 739 2568 nube
769 2519 879 2580 formam,
889 2518 933 2567 etsi
945 2518 1061 2567 duriorem
1071 2525 1094 2566 et
1108 2518 1181 2580 poetis
1194 2519 1285 2582 dignio-

225 2583 320 2630 radium
347 2584 492 2632 obtenderent
512 2583 561 2646 (ed.
581 2585 628 2646 pr.)
652 2584 739 2634 vitiose.
770 2597 912 2647 remquam
922 2580 1031 2645 prosisicis
1043 2581 1282 2646 smiptoribus,puto=

224 2647 300 2695 Iurs.
335 2648 489 2696 obtenderent
506 2647 575 2696 etiam
595 2647 659 2696 Flos.
676 2647 737 2712 Agr.
769 2655 879 2706 ωιιιιιιιι,
901 2646 922 2694 si
942 2645 996 2694 tnrt
1016 2645 1072 2693 boni
1088 2644 1200 2704 fsverent,
1217 2646 1286 2694 facile

225 2709 306 2759 Guelf.
325 2710 376 2760 edd
394 2721 448 2788 ante
463 2712 542 2788 liban.
558 2711 622 2788 item·
633 2710 698 2776 Lips
715 2720 740 2762 st
768 2710 918 2760 obtenderent
928 2709 1078 2837 was,
1094 2717 1122 2757 ut
1136 2709 1228 2774 dignius
1244 2710 1286 2758 tali

221 2773 740 2902 ιιιιιιιιιιιιι
769 2783 931 2888 ιιι
954 2847 983 2886 ..
998 2782 1066 2901 ιι
1083 2773 1167 2902 ιι.
1186 2774 1285 2898 ιιι

224 2902 292 2953 codd.
303 2904 396 2954 habent.
428 2903 484 2966 Sed,
500 2913 528 2954 ut
538 2903 570 2954 ssri
583 2906 690 2953 obtundit
706 2906 739 2954 le·
770 2906 861 2953 obtentu
868 2904 1182 2953 densenturnoetetenebrae.
1211 2903 1285 2953 Plura

270 2967 328 3016 dum
345 2979 421 3018 denset
439 2969 472 3018 N.
484 2968 604 3029 Heinsius,
623 2970 656 3018 sic
674 2969 700 3017 h.
718 2969 736 3019 1.
769 2966 1109 3017 neustrianorum.
1124 2968 1146 3027 l,
1158 2969 1196 3024 57.

250 3033 354 3084 hensuus
369 3035 520 3083 obtenderent
535 3033 616 3092 edidit,
630 3042 709 3083 utrum
726 3050 740 3082 e
811 3033 902 3095 Longe,
920 3046 962 3080 nee
977 3033 1019 3080 net
1029 3033 1118 3096 serint]
1142 3031 1237 3082 Praeivit
1252 3031 1283 3081 sd

225 3097 277 3146 cod.
295 3097 360 3149 But.
374 3113 405 3147 an
422 3113 451 3148 ex
470 3097 572 3161 ingenio,
587 3111 634 3146 ιιοιι
651 3106 739 3147 constat
770 3095 953 3145 emendetionem
970 3094 1032 3144 hanc
1050 3095 1127 3144 Vatic
1145 3096 1187 3172 qui
1206 3097 1282 3157 refert,

224 3161 284 3222 (non
294 3162 395 3227 amplius
405 3160 595 3222 bocdubium),i
627 3175 658 3210 ne
667 3161 739 3210 oecuti
769 3163 838 3222 longe
847 3161 915 3209 necat
925 3162 1010 3225 sertri-
1043 3161 1108 3208 Nam
1123 3160 1164 3208 al‘u
1178 3161 1232 3210 libri
1245 3162 1288 3210 bic
1328 3197 1332 3204 .

224 3224 382 3275 stmteditores
393 3223 583 3290 usqueadlrips.
634 3224 739 3288 gofacile
769 3224 854 3274 mutili.
886 3225 1028 3276 Ominomm
1042 3239 1096 3273 vero
1111 3224 1158 3274 αι’
1176 3226 1247 3285 uitus,
1265 3225 1285 3274 sl

224 3289 309 3354 largior
323 3291 444 3338 obtendere
459 3289 506 3338 dici
521 3291 668 3352 proestare:
685 3291 739 3355 quis
768 3288 845 3338 hostia
856 3288 961 3354 fugisset,
972 3303 1015 3338 nec
1027 3304 1071 3337 suo
1080 3289 1157 3348 loco,'
1185 3299 1284 3338 estante

222 3353 340 3431 enimboc
350 3356 437 3418 neget?
464 3353 546 3418 Atque
556 3353 581 3403 id
591 3352 689 3404 domme
699 3371 740 3404 ex-
768 3353 1006 3413 mmmiuisset.
1032 3353 1130 3431 Festina
1144 3355 1283 3402 Picentes-ta

221 3417 515 3534 ιιιιιιι
526 3418 739 3534 ιιι
769 3420 935 3547 ιι
936 3419 1284 3482 ...nn

222 3549 314 3598 videtur
320 3549 409 3606 fecisse,
417 3558 445 3597 ut
451 3547 546 3597 hereret
554 3549 690 3608 Rhenanus,
699 3548 739 3598 sed
764 3548 923 3612 profugeret,
939 3554 982 3597 esst
991 3561 1103 3610 percense
1112 3546 1233 3608 mugitum
1243 3545 1283 3593 de·

222 3612 367 3662 constructio.
396 3613 469 3672 Nem,
481 3613 525 3661 etsi
535 3614 654 3662 obtendere
664 3610 737 3674 idem,
769 3613 849 3672 direct,
868 3618 911 3660 ont
927 3614 954 3660 tn
970 3613 1043 3658 altam
1056 3615 1151 3672 partem
1170 3612 1282 3672 eorporis,

221 3677 285 3743 qnod
295 3679 419 3738 creauere,
430 3677 557 3741 significare
566 3685 649 3741 potest,
660 3685 738 3726 tamen
768 3690 841 3739 quens
857 3682 980 3739 oporteret,
995 3675 1120 3721 cecidisset.
1152 3673 1244 3722 Plinius
1257 3676 1284 3736 8,

223 3756 271 3790 ιιοιι
288 3741 369 3790 eodem
385 3742 455 3791 etiam
475 3742 547 3790 modo
563 3741 665 3790 cousnui
683 3755 738 3790 cum
768 3741 872 3800 4500).
903 3738 1174 3798 Notatumestottnios,
1186 3739 1282 3787 odoros

223 3805 372 3854 substantivis
387 3815 470 3870 potest.
502 3805 555 3855 Viri
566 3804 627 3854 docti
637 3819 698 3869 steps
712 3805 737 3854 in
767 3802 873 3854 inumeris
889 3803 992 3851 hominis
1009 3803 1102 3862 numos,
1120 3816 1168 3851 non
1182 3803 1238 3866 sere
1253 3806 1284 3850 li-

223 3870 267 3918 hoc
277 3883 324 3917 non
334 3869 390 3919 satis
399 3871 520 3935 diligentes
531 3877 593 3918 out
624 3869 664 3918 De
674 3871 738 3919 verbi
768 3877 836 3918 tare.-
852 3870 914 3916 stem
928 3883 970 3916 nec
980 3868 1134 3927 ehndieante,
1149 3883 1191 3916 nec
1205 3870 1282 3914 attere

223 3935 248 3983 vi
264 3933 398 3997 simpliciter
414 3943 529 3998 querunt,
547 3934 738 3983 constmctionem
767 3934 916 3981 nonomen
928 3934 1032 3996 placant,
1049 3932 1206 3980 neetroltente
1216 3946 1240 3977 se
1253 3933 1282 3978 ab

222 4014 270 4048 non
280 4007 370 4046 rurant.
402 4000 478 4062 Atqui
493 3998 683 4064 significationem
766 3999 824 4045 nris.
842 3995 919 4046 lares.
946 4000 989 4047 Ne
999 3999 1038 4045 ent
1048 3996 1188 4045 etianlor.
1197 3995 1234 4042 ed.
1243 4009 1280 4056 pr.

222 4073 268 4114 test
278 4063 375 4111 verbum
385 4075 533 4112 communem
544 4079 596 4113 cum
610 4065 682 4113 altero
712 4079 738 4112 s·
768 4061 823 4111 MS.
832 4061 903 4111 Bodi.
911 4064 979 4125 longe
987 4077 1058 4125 qaam
1068 4062 1114 4108 uis·-
1131 4059 1192 4106 Mox
1201 4058 1282 4108 eadem

222 4131 291 4178 beret
313 4141 388 4192 neque
404 4135 483 4175 tamen
500 4129 578 4177 statim
595 4129 666 4176 etism
682 4141 737 4176 oon·
767 4126 1014 4192 dmdecmsmns.
1035 4125 1107 4173 Etru.
1139 4122 1284 4186 Budlonge

222 4192 377 4243 structionem.
398 4191 454 4240 Vid.
465 4191 494 4239 ad
506 4207 526 4240 c.
539 4195 579 4240 49.
601 4190 737 4240 Videndum
767 4193 816 4252 nit,
827 4191 912 4241 omisso
923 4207 1001 4268 quens,
1010 4189 1108 4265 quodin
1119 4187 1195 4250 vulg.
1217 4188 1282 4262 Rhe-

221 4255 738 4380 ntztrttttttffnitttttftt
767 4257 1283 4385 ttntttttnntttttnlt

223 4387 292 4434 etism
308 4393 362 4434 otro
377 4388 436 4435 nube
446 4386 565 4434 obtendere
575 4385 637 4432 diem
647 4385 684 4433 vel
700 4386 737 4432 ln·
767 4387 850 4434 necui.
884 4385 946 4434 Mox
956 4383 1019 4433 Bud.
1032 4382 1143 4430 consiliis.

223 4463 288 4497 cem:
304 4451 367 4517 quod
377 4465 423 4500 ιιοιι
434 4450 542 4501 omnibus
552 4449 601 4499 istis
611 4449 675 4512 locis,
684 4463 738 4516 quae
814 4503 819 4514 ,
