3059 4975
205 248 354 321 neme
588 245 667 305 mn.
684 248 707 306 1.
726 245 816 305 cnn
835 250 882 307 10.
1263 250 1296 307 15

204 410 381 509 spernebat,
395 418 518 475 senecta
530 430 567 476 ac
581 408 741 479 debilitate
753 410 871 497 pedum
885 406 1070 488 invalidum,
1082 408 1147 474 sine
1157 419 1299 475 constan.

203 510 259 574 tra,
275 496 341 561 sine
352 495 553 561 auctoritate:
575 518 617 563 ne
637 495 745 581 quieto
762 495 892 583 quidem
910 494 1018 574 milite,
1040 494 1196 580 regimem
1220 494 1300 559 adeo

202 582 345 647 furentes
361 580 540 647 infirmitate
558 581 719 647 retinentis
735 581 819 647 ultro
840 581 1097 645 accendebantur.
1141 580 1301 647 Inferioris

205 668 386 734 Germaniae
397 666 535 752 legiones
547 667 667 733 diutius
680 668 746 733 sine
760 666 925 733 Consulsui
943 666 1051 741 fuere;
1075 664 1185 744 donec,
1202 666 1299 731 missu

204 753 329 832 Galbae,
352 756 395 819 A.
414 752 558 819 Vitellius
581 754 699 833 aderat,
726 753 871 819 Censoris
891 751 1007 817 Vitellii
1029 775 1064 817 ac
1086 764 1134 816 ter
1155 752 1300 817 Consulis

203 838 307 905 tilius:
327 839 362 905 id
375 838 449 905 satis
463 838 637 906 videbatur.
675 842 717 905 In
731 838 912 905 Britannico
925 838 1065 903 exercitu
1079 835 1156 902 nihil
1171 836 1299 905 inarum.

205 926 280 989 Non
300 948 374 991 sane
393 924 463 991 alise
483 925 631 1011 legiones,
652 948 709 1013 per
726 947 834 990 omnes
855 922 993 989 civilium
1011 922 1165 989 bellorum
1184 937 1300 1003 motus,

203 1009 398 1079 innocentius
512 1025 566 1078 nt:
589 1034 656 1089 seu,
674 1011 751 1098 quia
771 1009 881 1098 procul
899 1023 932 1074 et
947 1010 1075 1074 Oceano
1095 1008 1220 1083 divisae;
1245 1032 1300 1075 seu

202 1096 320 1162 crebris
340 1035 590 1185 expediiiiibus
610 1097 712 1163 doctoe
732 1096 854 1161 hostem
875 1094 981 1182 potius
1002 1094 1112 1161 odisse.
1151 1093 1251 1167 Quies
1268 1112 1300 1161 et

204 1182 351 1270 Illysico:
372 1205 565 1270 quamquam
586 1182 696 1249 excitae
714 1206 734 1247 a
750 1184 877 1247 Nerone
898 1180 928 1245 le
951 1181 1046 1260 'ones
1065 1180 1143 1245 dum
1161 1180 1194 1244 in
1210 1180 1301 1246 Italia

203 1282 402 1348 cunctantur,
438 1268 628 1367 Verginium
661 1267 869 1357 legationibus
904 1203 1051 1333 adissent.
1109 1266 1173 1331 Sed
1199 1262 1302 1364 longis

261 1368 312 1420 urs
329 1354 455 1421 discreti
473 1355 638 1434 exereitus,
656 1354 745 1442 quod
762 1353 1002 1419 saluberrimum
1019 1365 1067 1418 est
1083 1351 1125 1417 ed
1143 1364 1301 1419 continen-

203 1378 278 1510 Rt
292 1440 457 1505 militarem
474 1440 580 1520 fidem,
595 1463 652 1506 nec
666 1440 758 1519 vitiis,
774 1462 832 1504 nec
846 1439 966 1521 viribus
980 1438 1199 1503 miscebantur.

247 1527 297 1591 X.
327 1526 442 1593 Oriens
470 1526 574 1592 sdltuo
602 1527 748 1591 inmotus
794 1525 917 1613 Syriam
944 1536 976 1589 et
1027 1538 1141 1589 uatuor
1164 1522 1301 1611 legiones

203 1611 365 1678 obtinebat
386 1612 527 1677 Licinius
548 1613 728 1686 Mucianus,
751 1610 800 1675 vin
825 1610 967 1677 secundis
988 1548 1187 1696 adversisque
1204 1610 1302 1698 juxta

202 1697 352 1764 famosus.
389 1698 533 1786 Insignes
551 1697 700 1764 amicitias
715 1695 842 1785 juvenis
858 1694 1019 1761 ambitiose
1033 1696 1190 1761 coluerat:
1214 1719 1300 1775 mox,

202 1784 326 1850 adnitis
339 1784 463 1871 opibus,
478 1784 599 1850 lubrico
611 1798 707 1863 statu,
723 1795 867 1871 suspecta
880 1781 973 1847 etiem
989 1780 1114 1847 Claudii
1127 1779 1300 1864 iracundia,

237 1994 281 2041 Nc
290 1994 369 2071 paiste
378 2009 401 2055 q.
408 2009 442 2041 m.
450 1993 570 2067 regimen]
587 1992 643 2066 M.S'
654 1991 734 2040 snus.
767 1992 793 2039 h.
804 2007 825 2067 e.
835 2006 878 2041 nec
888 1990 945 2041 vitia
954 2007 998 2040 sua
1007 1992 1067 2067 inter
1077 2006 1110 2053 se,
1121 1993 1186 2041 velut
1195 2008 1236 2058 per
1246 2008 1300 2043 con.

203 2056 735 2185 ffdbiqiufflfflbffi
768 2064 1301 2187 wittenstide

203 2186 338 2251 punctione,
348 2201 420 2253 quam
430 2186 481 2235 feci.
502 2185 564 2234 Mox
572 2182 647 2233 delevi
653 2186 734 2244 mium,
793 2196 842 2232 nu.

204 2251 420 2316 postultroequod
429 2258 561 2316 suspectum
569 2249 734 2308 fluitabinitio,
794 2248 1301 2313 Mu,attamopsoue]ntiamnemonebot

204 2332 260 2365 cum
269 2316 372 2380 primum
382 2314 446 2363 hunt
455 2316 534 2364 locum
544 2314 652 2378 legerem.
668 2314 733 2373 Post,
769 2312 955 2363 Grammaticum
966 2322 990 2362 et
999 2314 1050 2363 leve
1064 2324 1113 2363 ests
1129 2324 1208 2364 tamen
1218 2317 1244 2363 in
1254 2316 1302 2365 fido

204 2380 423 2429 abessevidiaM&
433 2378 581 2429 Fleuoxon.
593 2379 735 2427 nuncetiam
768 2377 810 2426 illo
823 2377 901 2427 vanc.
915 2378 1036 2442 scriptum,
1053 2381 1165 2428 ademtis.
1198 2380 1233 2429 Et
1246 2396 1302 2431 sane

204 2445 286 2494 Guell‘.
296 2444 333 2493 ed.
342 2462 379 2510 pr.
392 2444 483 2494 Puteol.
501 2444 590 2510 (Abest
600 2451 623 2492 et
633 2459 648 2492 a
657 2442 736 2505 Bud)
769 2444 848 2492 crebro
861 2441 894 2491 ita
910 2450 1008 2492 veteres:
1024 2451 1052 2491 ut
1063 2442 1174 2494 Tibullus
1184 2444 1209 2494 in
1220 2444 1302 2496 eodem

203 2510 304 2560 Primus
315 2514 388 2559 ettam
401 2509 490 2558 addidit
505 2510 643 2568 Beroaldus,
659 2509 736 2557 nacto
769 2505 814 2556 hoc
826 2509 896 2557 rubo
908 2507 931 2568 l,
942 2509 967 2569 4,
979 2509 1019 2556 42.
1051 2510 1105 2558 Aut
1119 2513 1185 2574 operi
1198 2513 1302 2560 insuetas

204 2575 276 2636 unde.
304 2575 366 2624 Item
376 2590 433 2623 mox
443 2591 456 2623 e
467 2574 596 2623 Flor.oum
610 2573 702 2637 Ryckio
713 2581 736 2622 et
769 2577 893 2622 atterente
909 2588 1001 2620 amum.
1032 2571 1069 2622 Ut
1084 2577 1196 2623 accedisse
1209 2592 1252 2640 pro
1262 2591 1302 2625 ac.

204 2641 316 2689 soron.
335 2640 398 2689 edidi
407 2641 441 2688 A.
453 2641 571 2698 Vitellius,
583 2648 610 2687 ut
620 2646 654 2687 est
664 2637 735 2686 etiam
770 2637 870 2698 cessisse,
897 2638 1030 2686 conanime
1049 2653 1093 2702 pro
1113 2639 1249 2702 constitisse,
1275 2641 1301 2688 in

204 2705 278 2753 iared.
286 2704 404 2770 annu.
417 2705 482 2753 nun
505 2703 736 2766 Vitellius.Agr.A.
769 2701 909 2751 Pandectiss
927 2703 1084 2751 annuarum
1100 2718 1143 2766 pro
1152 2703 1264 2753 haustum
1275 2705 1301 2752 in

210 2772 260 2820 Vit·
769 2765 873 2832 Apuleio
884 2767 957 2832 (Met.
968 2769 993 2823 2,
1002 2783 1027 2832 p.
1040 2767 1094 2815 121.
1107 2767 1193 2831 Ebu).
1213 2770 1247 2818 m
1258 2785 1301 2818 no·

237 2836 305 2884 Adeo
334 2841 428 2882 urentes
444 2833 501 2899 eto]
520 2831 736 2882 ,4410111110-
770 2831 896 2895 taviplnra
908 2831 972 2890 telin,
1004 2848 1041 2880 uae
1054 2831 1094 2880 vix
1110 2838 1225 2897 promam,
1243 2835 1300 2899 quin

203 2898 291 2948 lentius
324 2899 391 2948 'citm
411 2915 455 2964 pro
475 2901 549 2946 multo
568 2899 655 2960 mgb,
677 2897 736 2946 sicut
770 2895 868 2957 rideant,
889 2904 930 2944 eut
950 2849 1059 2944 irrideant
1077 2898 1200 2961 magistelli
1221 2900 1300 2950 nostri.

204 2964 261 3013 alibi
271 2964 333 3014 dixit
342 2972 419 3014 noster
432 2979 476 3027 pro
487 2965 562 3012 multo
572 2967 660 3022 minus,
675 2961 737 3011 infra
771 2959 837 3020 Quid
853 2969 931 3009 tamen
946 2959 985 3008 hic
1000 2960 1106 3009 rideant?
1122 2977 1173 3010 ecce
1186 2971 1209 3011 et
1220 2981 1234 3012 s
1244 2964 1301 3012 Flo·

205 3030 231 3090 3,
248 3029 288 3078 ct
304 3045 334 3077 ac
348 3031 472 3092 prosperis
487 3029 581 3091 quidem
592 3042 657 3090 pars
680 3028 737 3074 adeo
770 3025 860 3073 rentino
874 3026 924 3088 jam
940 3025 1018 3074 codiee
1033 3025 1169 3088 scripturam
1183 3027 1243 3075 hanc
1254 3039 1301 3076 sta-

204 3095 328 3143 ruentilus
346 3095 487 3142 debilitatus.
520 3092 652 3156 Sedetpro
662 3093 737 3140 multo
770 3089 870 3138 bilitam.
893 3090 969 3140 lmen.
1002 3091 1099 3154 Recepit
1120 3090 1230 3151 Pithena,
1252 3107 1300 3142 non

204 3159 376 3221 nugaestn.
391 3158 505 3218 3‚³t.o,
518 3156 556 3205 15.
572 3158 614 3205 ubi
627 3157 736 3219 junctum
771 3153 875 3219 Lipsius,
900 3164 927 3204 ut
949 3155 1054 3220 Rycltius
1077 3153 1168 3202 videtur
1191 3165 1299 3221 putasset

203 3223 322 3287 negatimi
337 3230 372 3272 est
387 3237 430 3288 pro
440 3223 540 3270 nedum:
556 3221 597 3270 sed
607 3229 686 3268 nmen
697 3236 738 3284 per
770 3217 842 3284 idque
852 3219 972 3269 ambitiose
982 3229 1061 3268 contra
1071 3219 1189 3283 Ryckinm
1198 3221 1301 3270 defendit

204 3303 231 3336 se
240 3296 275 3336 est
285 3290 360 3337 multo
370 3289 466 3350 magis.-
482 3301 513 3334 ne
523 3291 583 3334 tectu
594 3285 687 3348 quidem
695 3301 737 3332 ar·
771 3281 821 3334 Jac.
836 3284 976 3344 Gronovius,
989 3300 1036 3334 non
1047 3285 1164 3334 abstinens
1180 3288 1255 3338 (muta
1265 3303 1301 3336 res

205 3353 254 3411 dis,
270 3355 328 3402 adeo
339 3353 464 3416 puttam
478 3352 605 3400 wmfliam
614 3365 737 3413 nunquam
771 3349 911 3412 agebaturl)
922 3350 1070 3410 contumelia,
1079 3365 1159 3397 serum
1167 3353 1301 3400 studiorum

203 3419 273 3465 udat.
290 3419 380 3470 nas..
771 3413 874 3462 vocando
886 3417 929 3462 etei
945 3429 987 3462 nec
1002 3415 1132 3479 improbare
1147 3415 1238 3464 videtur
1248 3416 1301 3466 Ou-

237 3479 425 3548 Memento]
435 3481 499 3530 Bud.
504 3484 577 3546 jussu
589 3481 677 3531 Ganae.
689 3477 737 3530 set
771 3476 841 3526 dend.
853 3477 1078 3543 adSnetAng.4⁰.
1105 3477 1142 3526 At
1153 3478 1210 3530 MS.
1222 3480 1301 3530 Guelf.

204 3546 389 3598 missuetalibi.
400 3547 439 3596 Cf.
450 3545 504 3595 Ind.
771 3543 844 3606 (Agr.
855 3542 931 3603 Bud.)
948 3541 984 3590 ed.
996 3559 1033 3608 pr.
1044 3549 1166 3605 etceteroe,
1182 3559 1258 3610 usqne
1270 3547 1301 3595 ad

237 3612 271 3661 Id
287 3615 347 3661 sutis
363 3612 499 3676 uidebatur]
522 3607 621 3658 Dictum
637 3609 736 3670 videtur,
772 3607 909 3667 Pithenam,
919 3623 1000 3656 omnm
1011 3609 1119 3656 attritis:
1135 3623 1193 3672 quas
1209 3619 1301 3660 secutus
1350 3631 1351 3636 ¹

203 3674 635 3806 11111ᾶὲῗῖἪέ
642 3683 737 3788 ,iffi
771 3672 1129 3802 &indiffinitum
1143 3675 1236 3788 till?
1245 3675 1301 3790 ii}

203 3807 357 3870 pmoemerint
371 3821 415 3870 pro
430 3805 488 3854 sub.
518 3804 588 3854 Alias
609 3819 656 3852 non
674 3804 737 3852 male
771 3802 866 3851 suntin
882 3801 956 3851 MSS.
973 3802 1075 3866 optimis,
1086 3804 1116 3866 ab
1126 3803 1261 3867 antiquariis
1270 3805 1300 3854 li·

203 3871 309 3931 mrmsse,
319 3871 400 3933 sotis:
424 3880 452 3918 ut
467 3868 600 3918 missionem
615 3867 676 3917 hanc
691 3869 736 3916 Vi·
771 3867 853 3916 brasiis
862 3865 966 3915 invecta:
982 3867 1040 3915 sicin
1050 3867 1074 3915 in
1086 3867 1142 3917 ms.
1154 3869 1302 3922 Guelfasem·

204 3935 264 3983 tellii
279 3935 365 3984 culon
382 3933 478 3983 consilio
498 3933 612 3998 adsignet,
634 3949 688 3998 qnae
706 3931 737 3980 ad
771 3933 935 4008 peremptam,
951 3933 1042 3993 quoius,
1058 3933 1150 3981 etalio:
1168 3949 1220 3996 quae
1231 3935 1301 3983 etiarn

203 3999 337 4063 imperium
347 3999 433 4049 seilicet
442 3999 488 4048 sin
504 3998 580 4047 Inus.
604 3997 736 4062 vulgatum
771 3995 888 4045 interdum
899 3996 943 4044 viri
953 3997 1014 4044 docti
1024 3995 1122 4046 edidere.
1152 3997 1214 4056 Quae
1224 3997 1244 4046 si
1254 4007 1301 4046 sta-

203 4064 361 4114 serissimum.
401 4063 510 4114 caemm
527 4063 600 4127 possis
616 4062 686 4111 etiam
702 4077 736 4110 re·
771 4061 814 4109 tim
827 4061 852 4108 in
866 4069 957 4112 tentum
974 4061 1109 4121 inferentur,
1126 4063 1183 4126 quid
1194 4063 1233 4110 fiet
1248 4071 1301 4110 tan·

204 4127 265 4178 ferre
274 4129 304 4176 ad
316 4129 433 4178 Galbam:
445 4127 530 4177 eisutis
538 4127 614 4176 visum
622 4126 652 4175 ad
660 4125 736 4190 digni·
770 4125 844 4173 dem?
860 4125 886 4174 in
898 4126 1004 4190 Apuleio
1019 4127 1092 4175 feram
1108 4127 1154 4174 tale
1170 4127 1236 4190 quid,
1254 4141 1301 4175 non

205 4201 277 4241 satem
292 4192 403 4253 hominu,
422 4193 486 4258 qaod
500 4198 591 4256 patrem
607 4191 678 4240 talem
693 4191 736 4238 ha.
770 4189 895 4242 in'racito.
907 4191 980 4239 Ena.
1002 4192 1077 4256 Apul.
1089 4189 1150 4240 Met.
1163 4191 1301 4252 11‚p.260.

205 4257 300 4306 buissel.
324 4257 372 4306 Sed
381 4258 445 4306 malo
455 4273 510 4306 cum
520 4257 603 4320 mpsio
613 4255 736 4304 admilites
770 4255 796 4304 in
818 4256 884 4304 codd·
906 4262 1059 4305 atterutrum.
1077 4256 1115 4304 ct.
1138 4264 1161 4304 et
1181 4255 1250 4302 Voss.
1271 4254 1302 4302 de

204 4321 295 4371 referre.
311 4321 383 4370 Eun.
417 4324 486 4371 (lunt.
497 4321 528 4370 ad
538 4321 648 4370 Galbam.
769 4321 871 4385 Analog.
881 4321 906 4381 3,
915 4321 955 4368 30.
984 4321 1013 4368 In
1025 4330 1101 4370 nostro
1112 4319 1187 4368 ubivis
1196 4315 1302 4366 scribitur

240 4388 294 4436 Nec
311 4390 386 4449 uitiis,
403 4403 444 4437 nec
460 4388 552 4436 viribus
567 4383 737 4451 coutebantur]
770 4387 875 4434 attritus.
902 4385 935 4434 V.
949 4385 982 4434 A.
995 4386 1034 4448 15,
1049 4383 1168 4443 111113,
1181 4383 1220 4429 50.
1246 4401 1247 4406 ¹
