<?xml version="1.0" encoding="UTF-8"?>
<!DOCTYPE html PUBLIC "-//W3C//DTD XHTML 1.0 Transitional//EN"
    "http://www.w3.org/TR/xhtml1/DTD/xhtml1-transitional.dtd">
<html xmlns="http://www.w3.org/1999/xhtml" xml:lang="en" lang="en">
 <head>
  <title>
</title>
<meta http-equiv="Content-Type" content="text/html;charset=utf-8" />
  <meta name='ocr-system' content='tesseract 3.04.00' />
  <meta name='ocr-capabilities' content='ocr_page ocr_carea ocr_par ocr_line ocrx_word'/>
</head>
<body>
  <div class='ocr_page' id='page_1' title='image "./ccorneliitaciti00grongoog/ccorneliitaciti00grongoog_0100.png"; bbox 0 0 3059 4975; ppageno 0'>
   <div class='ocr_carea' id='block_1_1' title="bbox 221 272 1296 354">
    <p class='ocr_par' dir='ltr' id='par_1_1' title="bbox 221 272 1349 354">
     <span class='ocr_line' id='line_1_1' title="bbox 221 272 1296 354; baseline -0.003 -17"><span class='ocrx_word' id='word_1_1' title='bbox 221 278 260 337; x_wconf 78' lang='lat' dir='ltr'>tr</span> <span class='ocrx_word' id='word_1_2' title='bbox 610 272 915 335; x_wconf 77' lang='lat' dir='ltr'>nrsroarasuu</span> <span class='ocrx_word' id='word_1_3' title='bbox 1122 280 1296 354; x_wconf 64' lang='lat' dir='ltr'>[at-‚saa</span> 
     </span>
    </p>
   </div>
   <div class='ocr_carea' id='block_1_2' title="bbox 130 438 1294 2242">
    <p class='ocr_par' dir='ltr' id='par_1_2' title="bbox 130 438 1294 1555">
     <span class='ocr_line' id='line_1_2' title="bbox 220 438 1294 537; baseline 0.007 -33"><span class='ocrx_word' id='word_1_4' title='bbox 220 439 299 537; x_wconf 80' lang='lat' dir='ltr'>mari</span> <span class='ocrx_word' id='word_1_5' title='bbox 318 439 466 526; x_wconf 82' lang='lat' dir='ltr'><strong>cingitur,</strong></span> <span class='ocrx_word' id='word_1_6' title='bbox 480 450 513 503; x_wconf 90' lang='lat' dir='ltr'>et</span> <span class='ocrx_word' id='word_1_7' title='bbox 532 438 815 526; x_wconf 74' lang='lat' dir='ltr'>parando⁰intcrim</span> <span class='ocrx_word' id='word_1_8' title='bbox 834 438 916 505; x_wconf 92' lang='lat' dir='ltr'>bello</span> <span class='ocrx_word' id='word_1_9' title='bbox 935 442 1107 509; x_wconf 89' lang='lat' dir='ltr'>secundum</span> <span class='ocrx_word' id='word_1_10' title='bbox 1126 458 1294 533; x_wconf 88' lang='lat' dir='ltr'>tutumque</span> 
     </span>
     <span class='ocr_line' id='line_1_3' title="bbox 221 546 1282 589; baseline 0.007 -3"><span class='ocrx_word' id='word_1_11' title='bbox 221 547 232 586; x_wconf 87' lang='lat'>1</span> <span class='ocrx_word' id='word_1_12' title='bbox 270 546 324 589; x_wconf 88' lang='lat' dir='ltr'>urn</span> <span class='ocrx_word' id='word_1_13' title='bbox 339 546 434 589; x_wconf 90' lang='lat' dir='ltr'>mare.</span> <span class='ocrx_word' id='word_1_14' title='bbox 1279 572 1282 581; x_wconf 51' lang='grc' dir='ltr'><em>ι</em></span> 
     </span>
     <span class='ocr_line' id='line_1_4' title="bbox 233 546 1293 697; baseline 0.006 -22"><span class='ocrx_word' id='word_1_15' title='bbox 233 546 343 675; x_wconf 70' lang='lat' dir='ltr'>psVll.</span> <span class='ocrx_word' id='word_1_16' title='bbox 365 611 440 674; x_wconf 92' lang='lat' dir='ltr'>Non</span> <span class='ocrx_word' id='word_1_17' title='bbox 454 608 582 675; x_wconf 85' lang='lat' dir='ltr'>fallebat</span> <span class='ocrx_word' id='word_1_18' title='bbox 593 611 699 674; x_wconf 85' lang='lat' dir='ltr'>Duces</span> <span class='ocrx_word' id='word_1_19' title='bbox 712 610 837 697; x_wconf 84' lang='lat' dir='ltr'>inpetus</span> <span class='ocrx_word' id='word_1_20' title='bbox 851 610 1002 678; x_wconf 89' lang='lat' dir='ltr'>militurn:</span> <span class='ocrx_word' id='word_1_21' title='bbox 1030 615 1094 693; x_wconf 91' lang='lat' dir='ltr'>sed,</span> <span class='ocrx_word' id='word_1_22' title='bbox 1106 616 1293 682; x_wconf 84' lang='lat' dir='ltr'><strong>bellantibus</strong></span> 
     </span>
     <span class='ocr_line' id='line_1_5' title="bbox 214 694 1291 789; baseline 0.007 -30"><span class='ocrx_word' id='word_1_23' title='bbox 214 694 293 772; x_wconf 88' lang='lat' dir='ltr'>aliis,</span> <span class='ocrx_word' id='word_1_24' title='bbox 319 695 438 782; x_wconf 79' lang='lat' dir='ltr'>placuit</span> <span class='ocrx_word' id='word_1_25' title='bbox 463 695 635 783; x_wconf 85' lang='lat' dir='ltr'>exspectari</span> <span class='ocrx_word' id='word_1_26' title='bbox 660 694 734 759; x_wconf 90' lang='lat' dir='ltr'>belli</span> <span class='ocrx_word' id='word_1_27' title='bbox 759 696 896 761; x_wconf 81' lang='lat' dir='ltr'>exitum:</span> <span class='ocrx_word' id='word_1_28' title='bbox 930 699 1106 765; x_wconf 83' lang='lat' dir='ltr'>“victores</span> <span class='ocrx_word' id='word_1_29' title='bbox 1130 702 1291 789; x_wconf 80' lang='lat' dir='ltr'>victosque</span> 
     </span>
     <span class='ocr_line' id='line_1_6' title="bbox 218 780 1290 867; baseline 0.007 -24"><span class='ocrx_word' id='word_1_30' title='bbox 218 802 391 867; x_wconf 78' lang='lat' dir='ltr'><strong>numquam</strong></span> <span class='ocrx_word' id='word_1_31' title='bbox 416 780 515 845; x_wconf 89' lang='lat' dir='ltr'>solida</span> <span class='ocrx_word' id='word_1_32' title='bbox 538 780 600 845; x_wconf 86' lang='lat' dir='ltr'>lide</span> <span class='ocrx_word' id='word_1_33' title='bbox 620 781 806 845; x_wconf 81' lang='lat' dir='ltr'>coalescere:</span> <span class='ocrx_word' id='word_1_34' title='bbox 839 804 895 847; x_wconf 89' lang='lat' dir='ltr'>nec</span> <span class='ocrx_word' id='word_1_35' title='bbox 917 784 1040 861; x_wconf 81' lang='lat' dir='ltr'>referre,</span> <span class='ocrx_word' id='word_1_36' title='bbox 1063 786 1228 852; x_wconf 81' lang='lat' dir='ltr'>Vitellium</span> <span class='ocrx_word' id='word_1_37' title='bbox 1250 810 1290 851; x_wconf 94' lang='lat' dir='ltr'>an</span> 
     </span>
     <span class='ocr_line' id='line_1_7' title="bbox 220 866 1291 954; baseline 0.007 -24"><span class='ocrx_word' id='word_1_38' title='bbox 220 866 375 931; x_wconf 81' lang='lat' dir='ltr'>Othonem</span> <span class='ocrx_word' id='word_1_39' title='bbox 392 867 587 954; x_wconf 78' lang='lat' dir='ltr'>superstitem</span> <span class='ocrx_word' id='word_1_40' title='bbox 603 868 746 930; x_wconf 81' lang='lat' dir='ltr'>Fortuna</span> <span class='ocrx_word' id='word_1_41' title='bbox 757 866 882 931; x_wconf 81' lang='lat' dir='ltr'>faceret.</span> <span class='ocrx_word' id='word_1_42' title='bbox 917 868 1028 935; x_wconf 88' lang='lat' dir='ltr'>Rebus</span> <span class='ocrx_word' id='word_1_43' title='bbox 1043 872 1186 943; x_wconf 90' lang='lat' dir='ltr'>secundis</span> <span class='ocrx_word' id='word_1_44' title='bbox 1199 874 1291 937; x_wconf 85' lang='lat' dir='ltr'>etiam</span> 
     </span>
     <span class='ocr_line' id='line_1_8' title="bbox 219 951 1290 1049; baseline 0.007 -34"><span class='ocrx_word' id='word_1_45' title='bbox 219 953 360 1049; x_wconf 82' lang='lat' dir='ltr'>egregios</span> <span class='ocrx_word' id='word_1_46' title='bbox 373 953 480 1016; x_wconf 82' lang='lat' dir='ltr'>Duces</span> <span class='ocrx_word' id='word_1_47' title='bbox 502 951 698 1017; x_wconf 86' lang='lat' dir='ltr'>insolescere:</span> <span class='ocrx_word' id='word_1_48' title='bbox 720 952 907 1018; x_wconf 87' lang='lat' dir='ltr'>discordiam</span> <span class='ocrx_word' id='word_1_49' title='bbox 927 954 985 1034; x_wconf 90' lang='lat' dir='ltr'>his,</span> <span class='ocrx_word' id='word_1_50' title='bbox 1007 958 1175 1044; x_wconf 83' lang='lat' dir='ltr'>ignaviam,</span> <span class='ocrx_word' id='word_1_51' title='bbox 1197 957 1290 1023; x_wconf 87' lang='lat' dir='ltr'>luxu-</span> 
     </span>
     <span class='ocr_line' id='line_1_9' title="bbox 220 1036 1289 1130; baseline 0.006 -29"><span class='ocrx_word' id='word_1_52' title='bbox 220 1059 313 1101; x_wconf 89' lang='lat' dir='ltr'>nem:</span> <span class='ocrx_word' id='word_1_53' title='bbox 339 1051 371 1102; x_wconf 89' lang='lat' dir='ltr'>et</span> <span class='ocrx_word' id='word_1_54' title='bbox 384 1038 512 1101; x_wconf 88' lang='lat' dir='ltr'>suismet</span> <span class='ocrx_word' id='word_1_55' title='bbox 525 1036 609 1102; x_wconf 89' lang='lat' dir='ltr'>vitiis</span> <span class='ocrx_word' id='word_1_56' title='bbox 622 1036 755 1102; x_wconf 91' lang='lat' dir='ltr'>alterum</span> <span class='ocrx_word' id='word_1_57' title='bbox 769 1037 863 1117; x_wconf 87' lang='lat' dir='ltr'>bello,</span> <span class='ocrx_word' id='word_1_58' title='bbox 878 1040 1010 1105; x_wconf 89' lang='lat' dir='ltr'>alterum</span> <span class='ocrx_word' id='word_1_59' title='bbox 1025 1042 1154 1107; x_wconf 82' lang='lat' dir='ltr'>victoria</span> <span class='ocrx_word' id='word_1_60' title='bbox 1172 1044 1289 1130; x_wconf 90' lang='lat' dir='ltr'>peritu-</span> 
     </span>
     <span class='ocr_line' id='line_1_10' title="bbox 130 1122 1288 1215; baseline 0.009 -31"><span class='ocrx_word' id='word_1_61' title='bbox 130 1127 136 1134; x_wconf 84' lang='grc'>’</span> <span class='ocrx_word' id='word_1_62' title='bbox 220 1124 321 1188; x_wconf 87' lang='lat' dir='ltr'>rum”</span> <span class='ocrx_word' id='word_1_63' title='bbox 370 1124 476 1210; x_wconf 78' lang='lat' dir='ltr'>Igitur</span> <span class='ocrx_word' id='word_1_64' title='bbox 500 1146 586 1188; x_wconf 89' lang='lat' dir='ltr'>arma</span> <span class='ocrx_word' id='word_1_65' title='bbox 612 1122 646 1185; x_wconf 94' lang='lat' dir='ltr'>in</span> <span class='ocrx_word' id='word_1_66' title='bbox 674 1123 864 1188; x_wconf 73' lang='lat' dir='ltr'>occasionem</span> <span class='ocrx_word' id='word_1_67' title='bbox 892 1125 1049 1206; x_wconf 89' lang='lat' dir='ltr'>distulere,</span> <span class='ocrx_word' id='word_1_68' title='bbox 1077 1128 1288 1215; x_wconf 83' lang='lat' dir='ltr'>Vespasianus</span> 
     </span>
     <span class='ocr_line' id='line_1_11' title="bbox 220 1208 1289 1302; baseline 0.008 -31"><span class='ocrx_word' id='word_1_69' title='bbox 220 1209 452 1296; x_wconf 88' lang='lat' dir='ltr'>Mucianusque</span> <span class='ocrx_word' id='word_1_70' title='bbox 476 1232 587 1297; x_wconf 85' lang='lat' dir='ltr'>nuper,</span> <span class='ocrx_word' id='word_1_71' title='bbox 612 1208 705 1272; x_wconf 87' lang='lat' dir='ltr'>ceteri</span> <span class='ocrx_word' id='word_1_72' title='bbox 732 1208 807 1272; x_wconf 86' lang='lat' dir='ltr'>olim</span> <span class='ocrx_word' id='word_1_73' title='bbox 836 1209 941 1275; x_wconf 88' lang='lat' dir='ltr'>mixtis</span> <span class='ocrx_word' id='word_1_74' title='bbox 969 1212 1119 1277; x_wconf 90' lang='lat' dir='ltr'>consiliis:</span> <span class='ocrx_word' id='word_1_75' title='bbox 1152 1216 1289 1302; x_wconf 87' lang='lat' dir='ltr'>optimus</span> 
     </span>
     <span class='ocr_line' id='line_1_12' title="bbox 219 1292 1285 1444; baseline 0.006 -87"><span class='ocrx_word' id='word_1_76' title='bbox 219 1292 358 1444; x_wconf 53' lang='lat' dir='ltr'>quisrprvi</span> <span class='ocrx_word' id='word_1_77' title='bbox 373 1316 477 1360; x_wconf 87' lang='lat' dir='ltr'>amore</span> <span class='ocrx_word' id='word_1_78' title='bbox 500 1293 711 1392; x_wconf 78' lang='lat' dir='ltr'>Reipublicae:</span> <span class='ocrx_word' id='word_1_79' title='bbox 741 1292 859 1359; x_wconf 88' lang='lat' dir='ltr'>multos</span> <span class='ocrx_word' id='word_1_80' title='bbox 879 1295 1012 1362; x_wconf 90' lang='lat' dir='ltr'>dulcedo</span> <span class='ocrx_word' id='word_1_81' title='bbox 1032 1299 1211 1385; x_wconf 73' lang='lat' dir='ltr'>praedarum</span> <span class='ocrx_word' id='word_1_82' title='bbox 1234 1300 1285 1363; x_wconf 90' lang='lat' dir='ltr'>sti-</span> 
     </span>
     <span class='ocr_line' id='line_1_13' title="bbox 218 1378 1287 1471; baseline 0.008 -30"><span class='ocrx_word' id='word_1_83' title='bbox 218 1380 305 1444; x_wconf 90' lang='lat' dir='ltr'>mula</span> <span class='ocrx_word' id='word_1_84' title='bbox 367 1378 476 1453; x_wconf 81' lang='lat' dir='ltr'>:alios</span> <span class='ocrx_word' id='word_1_85' title='bbox 489 1380 562 1445; x_wconf 86' lang='lat' dir='ltr'>amb</span> <span class='ocrx_word' id='word_1_86' title='bbox 618 1379 745 1444; x_wconf 85' lang='lat' dir='ltr'>aedomi</span> <span class='ocrx_word' id='word_1_87' title='bbox 764 1402 823 1443; x_wconf 87' lang='lat' dir='ltr'>res.</span> <span class='ocrx_word' id='word_1_88' title='bbox 868 1382 921 1446; x_wconf 90' lang='lat' dir='ltr'>lta</span> <span class='ocrx_word' id='word_1_89' title='bbox 933 1383 1008 1447; x_wconf 92' lang='lat' dir='ltr'>boni</span> <span class='ocrx_word' id='word_1_90' title='bbox 1022 1385 1158 1471; x_wconf 86' lang='lat' dir='ltr'>malique</span> <span class='ocrx_word' id='word_1_91' title='bbox 1171 1386 1287 1450; x_wconf 90' lang='lat' dir='ltr'>caussis</span> 
     </span>
     <span class='ocr_line' id='line_1_14' title="bbox 218 1463 1008 1555; baseline 0.006 -26"><span class='ocrx_word' id='word_1_92' title='bbox 218 1464 357 1543; x_wconf 86' lang='lat' dir='ltr'>dirersis,</span> <span class='ocrx_word' id='word_1_93' title='bbox 371 1466 476 1530; x_wconf 89' lang='lat' dir='ltr'>studio</span> <span class='ocrx_word' id='word_1_94' title='bbox 489 1466 567 1553; x_wconf 89' lang='lat' dir='ltr'>pari,</span> <span class='ocrx_word' id='word_1_95' title='bbox 622 1463 699 1529; x_wconf 89' lang='lat' dir='ltr'>llum</span> <span class='ocrx_word' id='word_1_96' title='bbox 713 1488 820 1529; x_wconf 89' lang='lat' dir='ltr'>omnes</span> <span class='ocrx_word' id='word_1_97' title='bbox 833 1469 1008 1555; x_wconf 86' lang='lat' dir='ltr'>cupiebant.</span> 
     </span>
    </p>

    <p class='ocr_par' dir='ltr' id='par_1_3' title="bbox 216 1550 1286 2242">
     <span class='ocr_line' id='line_1_15' title="bbox 262 1550 1286 1641; baseline 0.004 -26"><span class='ocrx_word' id='word_1_98' title='bbox 262 1550 355 1615; x_wconf 90' lang='lat' dir='ltr'>Vlll.</span> <span class='ocrx_word' id='word_1_99' title='bbox 379 1552 448 1617; x_wconf 87' lang='lat' dir='ltr'>Sub</span> <span class='ocrx_word' id='word_1_100' title='bbox 461 1551 544 1616; x_wconf 87' lang='lat' dir='ltr'>idern</span> <span class='ocrx_word' id='word_1_101' title='bbox 558 1565 682 1637; x_wconf 90' lang='lat' dir='ltr'>tempus</span> <span class='ocrx_word' id='word_1_102' title='bbox 693 1551 815 1616; x_wconf 88' lang='lat' dir='ltr'>Achaia</span> <span class='ocrx_word' id='word_1_103' title='bbox 829 1566 923 1641; x_wconf 81' lang='lat' dir='ltr'>atque</span> <span class='ocrx_word' id='word_1_104' title='bbox 938 1555 1017 1620; x_wconf 90' lang='lat' dir='ltr'>Asia</span> <span class='ocrx_word' id='word_1_105' title='bbox 1027 1555 1106 1619; x_wconf 80' lang='lat' dir='ltr'>falso</span> <span class='ocrx_word' id='word_1_106' title='bbox 1121 1554 1286 1635; x_wconf 69' lang='lat' dir='ltr'>exterrita,</span> 
     </span>
     <span class='ocr_line' id='line_1_16' title="bbox 218 1635 1286 1727; baseline 0.006 -29"><span class='ocrx_word' id='word_1_107' title='bbox 218 1635 305 1700; x_wconf 85' lang='lat' dir='ltr'>relut</span> <span class='ocrx_word' id='word_1_108' title='bbox 320 1638 405 1701; x_wconf 92' lang='lat' dir='ltr'>Nero</span> <span class='ocrx_word' id='word_1_109' title='bbox 418 1637 615 1702; x_wconf 87' lang='lat' dir='ltr'>adventaret:</span> <span class='ocrx_word' id='word_1_110' title='bbox 640 1637 726 1700; x_wconf 87' lang='lat' dir='ltr'>vario</span> <span class='ocrx_word' id='word_1_111' title='bbox 739 1660 833 1725; x_wconf 91' lang='lat' dir='ltr'>super</span> <span class='ocrx_word' id='word_1_112' title='bbox 847 1640 933 1703; x_wconf 86' lang='lat' dir='ltr'>exitu</span> <span class='ocrx_word' id='word_1_113' title='bbox 948 1640 1018 1726; x_wconf 89' lang='lat' dir='ltr'>ejus</span> <span class='ocrx_word' id='word_1_114' title='bbox 1037 1664 1171 1718; x_wconf 89' lang='lat' dir='ltr'>rumore,</span> <span class='ocrx_word' id='word_1_115' title='bbox 1187 1663 1286 1727; x_wconf 91' lang='lat' dir='ltr'>eoque</span> 
     </span>
     <span class='ocr_line' id='line_1_17' title="bbox 218 1720 1284 1812; baseline 0.004 -27"><span class='ocrx_word' id='word_1_116' title='bbox 218 1720 361 1808; x_wconf 91' lang='lat' dir='ltr'>pluribus</span> <span class='ocrx_word' id='word_1_117' title='bbox 374 1725 479 1787; x_wconf 88' lang='lat' dir='ltr'>vivere</span> <span class='ocrx_word' id='word_1_118' title='bbox 490 1744 564 1789; x_wconf 88' lang='lat' dir='ltr'>eum</span> <span class='ocrx_word' id='word_1_119' title='bbox 580 1723 772 1810; x_wconf 81' lang='lat' dir='ltr'>fingentibus</span> <span class='ocrx_word' id='word_1_120' title='bbox 788 1722 1054 1812; x_wconf 89' lang='lat' dir='ltr'>credentibusque.</span> <span class='ocrx_word' id='word_1_121' title='bbox 1101 1728 1284 1791; x_wconf 89' lang='lat' dir='ltr'>Ceterorum</span> 
     </span>
     <span class='ocr_line' id='line_1_18' title="bbox 219 1807 1286 1959; baseline 0.005 -88"><span class='ocrx_word' id='word_1_122' title='bbox 219 1830 307 1872; x_wconf 88' lang='lat' dir='ltr'>casus</span> <span class='ocrx_word' id='word_1_123' title='bbox 328 1824 520 1895; x_wconf 87' lang='lat' dir='ltr'>conatusque</span> <span class='ocrx_word' id='word_1_124' title='bbox 539 1807 574 1871; x_wconf 91' lang='lat' dir='ltr'>in</span> <span class='ocrx_word' id='word_1_125' title='bbox 593 1821 741 1873; x_wconf 87' lang='lat' dir='ltr'>contextu</span> <span class='ocrx_word' id='word_1_126' title='bbox 760 1807 862 1959; x_wconf 56' lang='grc' dir='ltr'>οξξτίε</span> <span class='ocrx_word' id='word_1_127' title='bbox 879 1809 1033 1876; x_wconf 89' lang='lat' dir='ltr'>dicemus:</span> <span class='ocrx_word' id='word_1_128' title='bbox 1057 1826 1133 1875; x_wconf 88' lang='lat' dir='ltr'>tunc</span> <span class='ocrx_word' id='word_1_129' title='bbox 1148 1832 1286 1876; x_wconf 89' lang='lat' dir='ltr'>servuse</span> 
     </span>
     <span class='ocr_line' id='line_1_19' title="bbox 220 1892 1286 1975; baseline 0.004 -18"><span class='ocrx_word' id='word_1_130' title='bbox 220 1895 335 1973; x_wconf 89' lang='lat' dir='ltr'>Ponto,</span> <span class='ocrx_word' id='word_1_131' title='bbox 356 1893 430 1972; x_wconf 87' lang='lat' dir='ltr'>sive,</span> <span class='ocrx_word' id='word_1_132' title='bbox 445 1910 482 1959; x_wconf 92' lang='lat' dir='ltr'>ut</span> <span class='ocrx_word' id='word_1_133' title='bbox 502 1894 555 1960; x_wconf 90' lang='lat' dir='ltr'>alii</span> <span class='ocrx_word' id='word_1_134' title='bbox 575 1894 740 1972; x_wconf 89' lang='lat' dir='ltr'>tradidere,</span> <span class='ocrx_word' id='word_1_135' title='bbox 754 1892 778 1957; x_wconf 92' lang='lat' dir='ltr'>li</span> <span class='ocrx_word' id='word_1_136' title='bbox 818 1893 918 1959; x_wconf 81' lang='lat' dir='ltr'>rtinus</span> <span class='ocrx_word' id='word_1_137' title='bbox 941 1918 980 1959; x_wconf 88' lang='lat' dir='ltr'>ex</span> <span class='ocrx_word' id='word_1_138' title='bbox 995 1895 1098 1975; x_wconf 87' lang='lat' dir='ltr'>Italia,</span> <span class='ocrx_word' id='word_1_139' title='bbox 1114 1896 1240 1961; x_wconf 76' lang='lat' dir='ltr'>citharae</span> <span class='ocrx_word' id='word_1_140' title='bbox 1254 1910 1286 1961; x_wconf 90' lang='lat' dir='ltr'>et</span> 
     </span>
     <span class='ocr_line' id='line_1_20' title="bbox 218 1978 1283 2069; baseline 0.003 -26"><span class='ocrx_word' id='word_1_141' title='bbox 218 1993 328 2044; x_wconf 80' lang='lat' dir='ltr'>cantus</span> <span class='ocrx_word' id='word_1_142' title='bbox 341 1980 460 2067; x_wconf 89' lang='lat' dir='ltr'>peritus</span> <span class='ocrx_word' id='word_1_143' title='bbox 475 1979 575 2062; x_wconf 89' lang='lat' dir='ltr'>(unde</span> <span class='ocrx_word' id='word_1_144' title='bbox 587 1980 644 2058; x_wconf 91' lang='lat' dir='ltr'>illi,</span> <span class='ocrx_word' id='word_1_145' title='bbox 659 2002 754 2066; x_wconf 91' lang='lat' dir='ltr'>super</span> <span class='ocrx_word' id='word_1_146' title='bbox 768 1978 1001 2046; x_wconf 89' lang='lat' dir='ltr'>similitudinem</span> <span class='ocrx_word' id='word_1_147' title='bbox 1015 1981 1087 2059; x_wconf 87' lang='lat' dir='ltr'>oris,</span> <span class='ocrx_word' id='word_1_148' title='bbox 1102 1982 1229 2069; x_wconf 84' lang='lat' dir='ltr'>propior</span> <span class='ocrx_word' id='word_1_149' title='bbox 1242 1982 1283 2047; x_wconf 88' lang='lat' dir='ltr'>ad</span> 
     </span>
     <span class='ocr_line' id='line_1_21' title="bbox 216 2064 1285 2155; baseline 0.002 -26"><span class='ocrx_word' id='word_1_150' title='bbox 216 2064 387 2129; x_wconf 80' lang='lat' dir='ltr'>fallendum</span> <span class='ocrx_word' id='word_1_151' title='bbox 402 2066 493 2149; x_wconf 82' lang='lat' dir='ltr'>fides)</span> <span class='ocrx_word' id='word_1_152' title='bbox 509 2065 663 2153; x_wconf 84' lang='lat' dir='ltr'>adjunctis</span> <span class='ocrx_word' id='word_1_153' title='bbox 677 2065 895 2144; x_wconf 88' lang='lat' dir='ltr'>desertoribus,</span> <span class='ocrx_word' id='word_1_154' title='bbox 910 2090 989 2154; x_wconf 92' lang='lat' dir='ltr'>quos</span> <span class='ocrx_word' id='word_1_155' title='bbox 1009 2066 1114 2155; x_wconf 90' lang='lat' dir='ltr'>inopia</span> <span class='ocrx_word' id='word_1_156' title='bbox 1125 2089 1221 2154; x_wconf 86' lang='lat' dir='ltr'>vagos</span> <span class='ocrx_word' id='word_1_157' title='bbox 1239 2068 1285 2131; x_wconf 83' lang='lat' dir='ltr'>in·</span> 
     </span>
     <span class='ocr_line' id='line_1_22' title="bbox 216 2151 1284 2242; baseline 0.004 -29"><span class='ocrx_word' id='word_1_158' title='bbox 216 2151 363 2235; x_wconf 86' lang='lat' dir='ltr'>gentibus</span> <span class='ocrx_word' id='word_1_159' title='bbox 380 2151 538 2238; x_wconf 90' lang='lat' dir='ltr'>promissis</span> <span class='ocrx_word' id='word_1_160' title='bbox 553 2164 750 2241; x_wconf 86' lang='lat' dir='ltr'>conruperat,</span> <span class='ocrx_word' id='word_1_161' title='bbox 772 2174 857 2217; x_wconf 83' lang='lat' dir='ltr'>mare</span> <span class='ocrx_word' id='word_1_162' title='bbox 875 2152 1065 2242; x_wconf 86' lang='lat' dir='ltr'>ingreditur:</span> <span class='ocrx_word' id='word_1_163' title='bbox 1089 2176 1136 2232; x_wconf 89' lang='lat' dir='ltr'>ac,</span> <span class='ocrx_word' id='word_1_164' title='bbox 1158 2152 1189 2216; x_wconf 91' lang='lat' dir='ltr'>vi</span> <span class='ocrx_word' id='word_1_165' title='bbox 1209 2167 1284 2219; x_wconf 85' lang='lat' dir='ltr'>tem-</span> 
     </span>
    </p>
   </div>
   <div class='ocr_carea' id='block_1_3' title="bbox 148 2352 1328 4551">
    <p class='ocr_par' dir='ltr' id='par_1_4' title="bbox 148 2352 1284 2676">
     <span class='ocr_line' id='line_1_23' title="bbox 254 2352 1283 2419; baseline 0.003 -19"><span class='ocrx_word' id='word_1_166' title='bbox 254 2353 375 2400; x_wconf 81' lang='lat' dir='ltr'>Secluram</span> <span class='ocrx_word' id='word_1_167' title='bbox 393 2355 526 2419; x_wconf 63' lang='lat' dir='ltr'>tutumque]</span> <span class='ocrx_word' id='word_1_168' title='bbox 550 2352 626 2403; x_wconf 80' lang='lat' dir='ltr'>Vatia</span> <span class='ocrx_word' id='word_1_169' title='bbox 641 2353 738 2403; x_wconf 86' lang='lat' dir='ltr'>Flor.et</span> <span class='ocrx_word' id='word_1_170' title='bbox 769 2356 852 2404; x_wconf 78' lang='lat' dir='ltr'>erant?</span> <span class='ocrx_word' id='word_1_171' title='bbox 870 2354 1055 2419; x_wconf 84' lang='lat' dir='ltr'>Diussnespem</span> <span class='ocrx_word' id='word_1_172' title='bbox 1063 2353 1283 2419; x_wconf 85' lang='lat' dir='ltr'>conceptam,idque</span> 
     </span>
     <span class='ocr_line' id='line_1_24' title="bbox 220 2415 1282 2483; baseline 0.003 -19"><span class='ocrx_word' id='word_1_173' title='bbox 220 2415 329 2465; x_wconf 74' lang='lat' dir='ltr'>Romana</span> <span class='ocrx_word' id='word_1_174' title='bbox 350 2417 429 2476; x_wconf 83' lang='lat' dir='ltr'>editio,</span> <span class='ocrx_word' id='word_1_175' title='bbox 451 2421 577 2469; x_wconf 66' lang='lat' dir='ltr'>armam</span> <span class='ocrx_word' id='word_1_176' title='bbox 599 2424 736 2481; x_wconf 78' lang='lat' dir='ltr'>istamque:</span> <span class='ocrx_word' id='word_1_177' title='bbox 769 2420 1067 2471; x_wconf 80' lang='lat' dir='ltr'>abominamultsetclara.</span> <span class='ocrx_word' id='word_1_178' title='bbox 1084 2420 1282 2483; x_wconf 86' lang='lat' dir='ltr'>Sueton.Vespas.</span> 
     </span>
     <span class='ocr_line' id='line_1_25' title="bbox 236 2480 1284 2550; baseline 0.002 -20"><span class='ocrx_word' id='word_1_179' title='bbox 236 2480 283 2530; x_wconf 89' lang='lat' dir='ltr'>uod</span> <span class='ocrx_word' id='word_1_180' title='bbox 293 2499 324 2547; x_wconf 90' lang='lat' dir='ltr'>ap</span> <span class='ocrx_word' id='word_1_181' title='bbox 340 2485 403 2532; x_wconf 86' lang='lat' dir='ltr'>roba.</span> <span class='ocrx_word' id='word_1_182' title='bbox 422 2484 497 2532; x_wconf 79' lang='lat' dir='ltr'>lues.</span> <span class='ocrx_word' id='word_1_183' title='bbox 522 2484 736 2549; x_wconf 70' lang='lat' dir='ltr'>RecqsitPiobena.</span> <span class='ocrx_word' id='word_1_184' title='bbox 770 2486 794 2531; x_wconf 78' lang='lat'>5.</span> <span class='ocrx_word' id='word_1_185' title='bbox 817 2485 891 2534; x_wconf 80' lang='lat' dir='ltr'>lues.</span> <span class='ocrx_word' id='word_1_186' title='bbox 924 2486 1042 2550; x_wconf 77' lang='lat' dir='ltr'>Agricola</span> <span class='ocrx_word' id='word_1_187' title='bbox 1059 2484 1180 2534; x_wconf 86' lang='lat' dir='ltr'>lectionem</span> <span class='ocrx_word' id='word_1_188' title='bbox 1200 2484 1284 2548; x_wconf 76' lang='lat' dir='ltr'>recepit</span> 
     </span>
     <span class='ocr_line' id='line_1_26' title="bbox 219 2497 1283 2626; baseline 0.005 -33"><span class='ocrx_word' id='word_1_189' title='bbox 219 2497 291 2594; x_wconf 57' lang='lat' dir='ltr'>ban.</span> <span class='ocrx_word' id='word_1_190' title='bbox 324 2499 459 2597; x_wconf 72' lang='lat' dir='ltr'>brumale</span> <span class='ocrx_word' id='word_1_191' title='bbox 474 2551 583 2598; x_wconf 68' lang='lat' dir='ltr'>exulum.</span> <span class='ocrx_word' id='word_1_192' title='bbox 617 2549 737 2597; x_wconf 85' lang='lat' dir='ltr'>Acidalius</span> <span class='ocrx_word' id='word_1_193' title='bbox 770 2549 889 2612; x_wconf 80' lang='lat' dir='ltr'>Ryclrius:</span> <span class='ocrx_word' id='word_1_194' title='bbox 908 2551 970 2626; x_wconf 70' lang='lat' dir='ltr'>quod</span> <span class='ocrx_word' id='word_1_195' title='bbox 981 2559 1041 2598; x_wconf 85' lang='lat' dir='ltr'>recte</span> <span class='ocrx_word' id='word_1_196' title='bbox 1051 2551 1167 2614; x_wconf 85' lang='lat' dir='ltr'>improbat</span> <span class='ocrx_word' id='word_1_197' title='bbox 1177 2550 1202 2597; x_wconf 84' lang='lat' dir='ltr'>J.</span> <span class='ocrx_word' id='word_1_198' title='bbox 1211 2549 1283 2598; x_wconf 85' lang='lat' dir='ltr'>Gron.</span> 
     </span>
     <span class='ocr_line' id='line_1_27' title="bbox 148 2609 1284 2676; baseline -0.001 -16"><span class='ocrx_word' id='word_1_199' title='bbox 148 2651 153 2660; x_wconf 88' lang='lat'>.</span> <span class='ocrx_word' id='word_1_200' title='bbox 218 2609 253 2658; x_wconf 71' lang='lat' dir='ltr'>ite</span> <span class='ocrx_word' id='word_1_201' title='bbox 268 2611 393 2674; x_wconf 80' lang='lat' dir='ltr'>legendum</span> <span class='ocrx_word' id='word_1_202' title='bbox 414 2614 539 2662; x_wconf 81' lang='lat' dir='ltr'>suadebat:</span> <span class='ocrx_word' id='word_1_203' title='bbox 565 2615 675 2676; x_wconf 77' lang='lat' dir='ltr'>cingitur</span> <span class='ocrx_word' id='word_1_204' title='bbox 690 2629 736 2676; x_wconf 82' lang='lat' dir='ltr'>pa·</span> <span class='ocrx_word' id='word_1_205' title='bbox 768 2611 812 2660; x_wconf 79' lang='lat' dir='ltr'>Est</span> <span class='ocrx_word' id='word_1_206' title='bbox 820 2613 989 2676; x_wconf 84' lang='lat' dir='ltr'>explicauoec.</span> <span class='ocrx_word' id='word_1_207' title='bbox 998 2617 1021 2660; x_wconf 77' lang='lat' dir='ltr'>t.</span> <span class='ocrx_word' id='word_1_208' title='bbox 1033 2615 1105 2662; x_wconf 74' lang='lat' dir='ltr'>Euri.</span> <span class='ocrx_word' id='word_1_209' title='bbox 1124 2614 1204 2662; x_wconf 84' lang='lat' dir='ltr'>Lectio</span> <span class='ocrx_word' id='word_1_210' title='bbox 1212 2615 1284 2660; x_wconf 78' lang='lat' dir='ltr'>ceteri</span> 
     </span>
    </p>

    <p class='ocr_par' dir='ltr' id='par_1_5' title="bbox 215 2677 1328 4551">
     <span class='ocr_line' id='line_1_28' title="bbox 219 2677 1284 2742; baseline 0.004 -21"><span class='ocrx_word' id='word_1_211' title='bbox 219 2677 294 2724; x_wconf 72' lang='lat' dir='ltr'>renio</span> <span class='ocrx_word' id='word_1_212' title='bbox 302 2679 320 2723; x_wconf 85' lang='lat' dir='ltr'>i.</span> <span class='ocrx_word' id='word_1_213' title='bbox 329 2678 349 2724; x_wconf 83' lang='lat' dir='ltr'>b.</span> <span class='ocrx_word' id='word_1_214' title='bbox 356 2679 486 2736; x_wconf 64' lang='lat' dir='ltr'>netarum</span> <span class='ocrx_word' id='word_1_215' title='bbox 503 2687 626 2740; x_wconf 82' lang='lat' dir='ltr'>tutumque</span> <span class='ocrx_word' id='word_1_216' title='bbox 637 2680 654 2724; x_wconf 88' lang='lat' dir='ltr'>i.</span> <span class='ocrx_word' id='word_1_217' title='bbox 664 2695 697 2726; x_wconf 89' lang='lat' dir='ltr'>m.</span> <span class='ocrx_word' id='word_1_218' title='bbox 768 2685 802 2724; x_wconf 83' lang='lat' dir='ltr'>est</span> <span class='ocrx_word' id='word_1_219' title='bbox 812 2693 826 2724; x_wconf 86' lang='lat' dir='ltr'>a</span> <span class='ocrx_word' id='word_1_220' title='bbox 835 2677 911 2726; x_wconf 77' lang='lat' dir='ltr'>Rhen-</span> <span class='ocrx_word' id='word_1_221' title='bbox 924 2678 1007 2728; x_wconf 83' lang='lat' dir='ltr'>eBud.</span> <span class='ocrx_word' id='word_1_222' title='bbox 1018 2679 1083 2742; x_wconf 88' lang='lat' dir='ltr'>prius</span> <span class='ocrx_word' id='word_1_223' title='bbox 1094 2678 1156 2726; x_wconf 92' lang='lat' dir='ltr'>enim</span> <span class='ocrx_word' id='word_1_224' title='bbox 1166 2678 1284 2742; x_wconf 70' lang='lat' dir='ltr'>legebmu</span> 
     </span>
     <span class='ocr_line' id='line_1_29' title="bbox 253 2741 1282 2808; baseline 0 -18"><span class='ocrx_word' id='word_1_225' title='bbox 253 2741 589 2808; x_wconf 78' lang='lat' dir='ltr'>Cuminuictoreruirtorque]</span> <span class='ocrx_word' id='word_1_226' title='bbox 600 2742 737 2807; x_wconf 86' lang='lat' dir='ltr'>Rodolpbus</span> <span class='ocrx_word' id='word_1_227' title='bbox 768 2748 877 2790; x_wconf 73' lang='lat' dir='ltr'>cetarum.</span> <span class='ocrx_word' id='word_1_228' title='bbox 901 2743 1001 2790; x_wconf 84' lang='lat' dir='ltr'>Sensus:</span> <span class='ocrx_word' id='word_1_229' title='bbox 1019 2743 1050 2791; x_wconf 92' lang='lat' dir='ltr'>V.</span> <span class='ocrx_word' id='word_1_230' title='bbox 1062 2753 1085 2791; x_wconf 85' lang='lat' dir='ltr'>et</span> <span class='ocrx_word' id='word_1_231' title='bbox 1096 2743 1133 2792; x_wconf 87' lang='lat' dir='ltr'>M.</span> <span class='ocrx_word' id='word_1_232' title='bbox 1144 2757 1218 2806; x_wconf 82' lang='lat' dir='ltr'>nuper</span> <span class='ocrx_word' id='word_1_233' title='bbox 1228 2757 1282 2790; x_wconf 90' lang='lat' dir='ltr'>oon·</span> 
     </span>
     <span class='ocr_line' id='line_1_30' title="bbox 220 2803 1282 2871; baseline 0.002 -19"><span class='ocrx_word' id='word_1_234' title='bbox 220 2804 256 2868; x_wconf 90' lang='lat' dir='ltr'>(in</span> <span class='ocrx_word' id='word_1_235' title='bbox 273 2806 323 2854; x_wconf 85' lang='lat' dir='ltr'>ood.</span> <span class='ocrx_word' id='word_1_236' title='bbox 335 2803 388 2867; x_wconf 85' lang='lat' dir='ltr'>suo)</span> <span class='ocrx_word' id='word_1_237' title='bbox 400 2816 423 2854; x_wconf 91' lang='lat' dir='ltr'>et</span> <span class='ocrx_word' id='word_1_238' title='bbox 438 2808 512 2871; x_wconf 86' lang='lat' dir='ltr'>prisca</span> <span class='ocrx_word' id='word_1_239' title='bbox 527 2809 582 2856; x_wconf 90' lang='lat' dir='ltr'>item</span> <span class='ocrx_word' id='word_1_240' title='bbox 599 2808 669 2855; x_wconf 89' lang='lat' dir='ltr'>editio</span> <span class='ocrx_word' id='word_1_241' title='bbox 682 2824 736 2856; x_wconf 83' lang='lat' dir='ltr'>cam</span> <span class='ocrx_word' id='word_1_242' title='bbox 769 2805 820 2853; x_wconf 88' lang='lat' dir='ltr'>silia</span> <span class='ocrx_word' id='word_1_243' title='bbox 833 2807 863 2854; x_wconf 86' lang='lat' dir='ltr'>dc</span> <span class='ocrx_word' id='word_1_244' title='bbox 878 2807 1007 2855; x_wconf 82' lang='lat' dir='ltr'>invadendo</span> <span class='ocrx_word' id='word_1_245' title='bbox 1021 2807 1119 2871; x_wconf 89' lang='lat' dir='ltr'>imperio</span> <span class='ocrx_word' id='word_1_246' title='bbox 1129 2807 1282 2864; x_wconf 66' lang='lat' dir='ltr'>consociasseg</span> 
     </span>
     <span class='ocr_line' id='line_1_31' title="bbox 219 2869 1283 2936; baseline 0 -20"><span class='ocrx_word' id='word_1_247' title='bbox 219 2871 345 2917; x_wconf 68' lang='lat' dir='ltr'>victoribus</span> <span class='ocrx_word' id='word_1_248' title='bbox 363 2873 435 2920; x_wconf 79' lang='lat' dir='ltr'>nicto:</span> <span class='ocrx_word' id='word_1_249' title='bbox 451 2889 580 2936; x_wconf 78' lang='lat' dir='ltr'>numquam</span> <span class='ocrx_word' id='word_1_250' title='bbox 600 2874 673 2920; x_wconf 81' lang='lat' dir='ltr'>solido</span> <span class='ocrx_word' id='word_1_251' title='bbox 685 2875 736 2934; x_wconf 72' lang='lat' dir='ltr'>fide</span> <span class='ocrx_word' id='word_1_252' title='bbox 769 2871 855 2931; x_wconf 83' lang='lat' dir='ltr'>ceteris,</span> <span class='ocrx_word' id='word_1_253' title='bbox 867 2871 932 2930; x_wconf 85' lang='lat' dir='ltr'>Tito,</span> <span class='ocrx_word' id='word_1_254' title='bbox 945 2871 1057 2920; x_wconf 83' lang='lat' dir='ltr'>Tribunis</span> <span class='ocrx_word' id='word_1_255' title='bbox 1068 2871 1165 2936; x_wconf 83' lang='lat' dir='ltr'>aliisque</span> <span class='ocrx_word' id='word_1_256' title='bbox 1174 2869 1227 2918; x_wconf 84' lang='lat' dir='ltr'>fidis</span> <span class='ocrx_word' id='word_1_257' title='bbox 1237 2870 1283 2917; x_wconf 86' lang='lat' dir='ltr'>nri-</span> 
     </span>
     <span class='ocr_line' id='line_1_32' title="bbox 217 2935 1280 2998; baseline -0.001 -16"><span class='ocrx_word' id='word_1_258' title='bbox 217 2936 347 2983; x_wconf 68' lang='lat' dir='ltr'>masma</span> <span class='ocrx_word' id='word_1_259' title='bbox 380 2938 417 2984; x_wconf 87' lang='lat' dir='ltr'>At</span> <span class='ocrx_word' id='word_1_260' title='bbox 435 2946 509 2985; x_wconf 86' lang='lat' dir='ltr'>totum</span> <span class='ocrx_word' id='word_1_261' title='bbox 526 2939 604 2986; x_wconf 88' lang='lat' dir='ltr'>locum</span> <span class='ocrx_word' id='word_1_262' title='bbox 626 2936 736 2985; x_wconf 88' lang='lat' dir='ltr'>libentius</span> <span class='ocrx_word' id='word_1_263' title='bbox 766 2935 842 2982; x_wconf 84' lang='lat' dir='ltr'>nisuis</span> <span class='ocrx_word' id='word_1_264' title='bbox 859 2951 907 2983; x_wconf 89' lang='lat' dir='ltr'>rem</span> <span class='ocrx_word' id='word_1_265' title='bbox 923 2936 988 2984; x_wconf 86' lang='lat' dir='ltr'>illam</span> <span class='ocrx_word' id='word_1_266' title='bbox 1005 2936 1080 2984; x_wconf 89' lang='lat' dir='ltr'>multo</span> <span class='ocrx_word' id='word_1_267' title='bbox 1096 2945 1149 2984; x_wconf 87' lang='lat' dir='ltr'>ante</span> <span class='ocrx_word' id='word_1_268' title='bbox 1162 2935 1280 2998; x_wconf 84' lang='lat' dir='ltr'>agitatam.</span> 
     </span>
     <span class='ocr_line' id='line_1_33' title="bbox 217 2999 1282 3066; baseline 0.001 -20"><span class='ocrx_word' id='word_1_269' title='bbox 217 3013 281 3047; x_wconf 85' lang='lat' dir='ltr'>nuno</span> <span class='ocrx_word' id='word_1_270' title='bbox 299 3015 352 3048; x_wconf 80' lang='lat' dir='ltr'>mm</span> <span class='ocrx_word' id='word_1_271' title='bbox 372 3001 474 3049; x_wconf 88' lang='lat' dir='ltr'>Pichena</span> <span class='ocrx_word' id='word_1_272' title='bbox 492 3002 584 3066; x_wconf 83' lang='lat' dir='ltr'>legam:</span> <span class='ocrx_word' id='word_1_273' title='bbox 605 3005 735 3063; x_wconf 80' lang='lat' dir='ltr'>errpccturi</span> <span class='ocrx_word' id='word_1_274' title='bbox 767 2999 869 3047; x_wconf 69' lang='lat' dir='ltr'>cuca</span> <span class='ocrx_word' id='word_1_275' title='bbox 905 3000 943 3048; x_wconf 82' lang='lat' dir='ltr'>Sic</span> <span class='ocrx_word' id='word_1_276' title='bbox 956 2999 1019 3048; x_wconf 79' lang='lat' dir='ltr'>Piala</span> <span class='ocrx_word' id='word_1_277' title='bbox 1030 2999 1165 3048; x_wconf 78' lang='lat' dir='ltr'>Brotball.</span> <span class='ocrx_word' id='word_1_278' title='bbox 1200 2999 1282 3047; x_wconf 85' lang='lat' dir='ltr'>Hioet</span> 
     </span>
     <span class='ocr_line' id='line_1_34' title="bbox 217 3062 1282 3128; baseline 0.001 -18"><span class='ocrx_word' id='word_1_279' title='bbox 217 3065 271 3111; x_wconf 75' lang='lat' dir='ltr'>teat</span> <span class='ocrx_word' id='word_1_280' title='bbox 291 3067 391 3124; x_wconf 78' lang='lat' dir='ltr'>ercitum,</span> <span class='ocrx_word' id='word_1_281' title='bbox 409 3068 508 3114; x_wconf 65' lang='lat' dir='ltr'>victora</span> <span class='ocrx_word' id='word_1_282' title='bbox 530 3068 646 3127; x_wconf 76' lang='lat' dir='ltr'>victorque</span> <span class='ocrx_word' id='word_1_283' title='bbox 666 3081 734 3112; x_wconf 81' lang='lat' dir='ltr'>aam-</span> <span class='ocrx_word' id='word_1_284' title='bbox 765 3062 877 3126; x_wconf 81' lang='lat' dir='ltr'>inReglo</span> <span class='ocrx_word' id='word_1_285' title='bbox 893 3079 935 3111; x_wconf 89' lang='lat' dir='ltr'>suo</span> <span class='ocrx_word' id='word_1_286' title='bbox 950 3065 1034 3128; x_wconf 89' lang='lat' dir='ltr'>reperit</span> <span class='ocrx_word' id='word_1_287' title='bbox 1050 3067 1127 3112; x_wconf 81' lang='lat' dir='ltr'>ceteri.</span> <span class='ocrx_word' id='word_1_288' title='bbox 1160 3063 1282 3127; x_wconf 87' lang='lat' dir='ltr'>Bipontini</span> 
     </span>
     <span class='ocr_line' id='line_1_35' title="bbox 217 3127 1281 3191; baseline -0.003 -14"><span class='ocrx_word' id='word_1_289' title='bbox 217 3143 296 3190; x_wconf 73' lang='lat' dir='ltr'>quant,</span> <span class='ocrx_word' id='word_1_290' title='bbox 314 3137 356 3178; x_wconf 79' lang='lat' dir='ltr'>etc.</span> <span class='ocrx_word' id='word_1_291' title='bbox 380 3131 456 3179; x_wconf 82' lang='lat' dir='ltr'>Iurs.</span> <span class='ocrx_word' id='word_1_292' title='bbox 491 3130 628 3178; x_wconf 81' lang='lat' dir='ltr'>Gronovius</span> <span class='ocrx_word' id='word_1_293' title='bbox 643 3128 735 3191; x_wconf 86' lang='lat' dir='ltr'>conjicit</span> <span class='ocrx_word' id='word_1_294' title='bbox 765 3127 882 3190; x_wconf 82' lang='lat' dir='ltr'>ingeniose</span> <span class='ocrx_word' id='word_1_295' title='bbox 898 3129 976 3176; x_wconf 84' lang='lat' dir='ltr'>locum</span> <span class='ocrx_word' id='word_1_296' title='bbox 994 3129 1027 3177; x_wconf 81' lang='lat' dir='ltr'>ita</span> <span class='ocrx_word' id='word_1_297' title='bbox 1043 3129 1201 3186; x_wconf 78' lang='lat' dir='ltr'>constituunt3</span> <span class='ocrx_word' id='word_1_298' title='bbox 1219 3128 1281 3176; x_wconf 81' lang='lat' dir='ltr'>Ma·</span> 
     </span>
     <span class='ocr_line' id='line_1_36' title="bbox 215 3193 1280 3256; baseline -0.001 -16"><span class='ocrx_word' id='word_1_299' title='bbox 215 3196 471 3256; x_wconf 80' lang='lat' dir='ltr'>acrpectcrirorntam.</span> <span class='ocrx_word' id='word_1_300' title='bbox 498 3194 734 3242; x_wconf 81' lang='lat' dir='ltr'>Pichenrcconectio·</span> <span class='ocrx_word' id='word_1_301' title='bbox 766 3194 908 3255; x_wconf 80' lang='lat' dir='ltr'>cianarqrte:</span> <span class='ocrx_word' id='word_1_302' title='bbox 930 3197 985 3256; x_wconf 82' lang='lat' dir='ltr'>jana</span> <span class='ocrx_word' id='word_1_303' title='bbox 1009 3195 1133 3256; x_wconf 66' lang='lat' dir='ltr'>perlaturi</span> <span class='ocrx_word' id='word_1_304' title='bbox 1159 3193 1227 3239; x_wconf 77' lang='lat' dir='ltr'>milet</span> <span class='ocrx_word' id='word_1_305' title='bbox 1253 3194 1280 3239; x_wconf 79' lang='lat' dir='ltr'>ia</span> 
     </span>
     <span class='ocr_line' id='line_1_37' title="bbox 217 3257 1281 3322; baseline -0.001 -17"><span class='ocrx_word' id='word_1_306' title='bbox 217 3271 272 3305; x_wconf 85' lang='lat' dir='ltr'>nern</span> <span class='ocrx_word' id='word_1_307' title='bbox 283 3259 632 3322; x_wconf 81' lang='lat' dir='ltr'>recepitFreinsb.Cod.Gueli.</span> <span class='ocrx_word' id='word_1_308' title='bbox 641 3260 735 3321; x_wconf 80' lang='lat' dir='ltr'>placuit</span> <span class='ocrx_word' id='word_1_309' title='bbox 766 3259 969 3305; x_wconf 74' lang='lat' dir='ltr'>mistircoariliia</span> <span class='ocrx_word' id='word_1_310' title='bbox 1002 3257 1071 3306; x_wconf 83' lang='lat' dir='ltr'>Acid</span> <span class='ocrx_word' id='word_1_311' title='bbox 1084 3257 1281 3306; x_wconf 78' lang='lat' dir='ltr'>volebatttcretir</span> 
     </span>
     <span class='ocr_line' id='line_1_38' title="bbox 216 3321 997 3386; baseline 0 -17"><span class='ocrx_word' id='word_1_312' title='bbox 216 3327 348 3385; x_wconf 78' lang='lat' dir='ltr'>errpertari</span> <span class='ocrx_word' id='word_1_313' title='bbox 361 3325 462 3370; x_wconf 78' lang='lat' dir='ltr'>bellum.-</span> <span class='ocrx_word' id='word_1_314' title='bbox 480 3340 533 3372; x_wconf 83' lang='lat' dir='ltr'>cam</span> <span class='ocrx_word' id='word_1_315' title='bbox 548 3326 574 3370; x_wconf 83' lang='lat' dir='ltr'>in</span> <span class='ocrx_word' id='word_1_316' title='bbox 589 3325 687 3371; x_wconf 70' lang='lat' dir='ltr'>cineret</span> <span class='ocrx_word' id='word_1_317' title='bbox 698 3327 735 3370; x_wconf 84' lang='lat' dir='ltr'>vi.</span> <span class='ocrx_word' id='word_1_318' title='bbox 768 3321 834 3381; x_wconf 81' lang='lat' dir='ltr'>olim,</span> <span class='ocrx_word' id='word_1_319' title='bbox 844 3339 921 3386; x_wconf 78' lang='lat' dir='ltr'>nuper</span> <span class='ocrx_word' id='word_1_320' title='bbox 932 3337 963 3369; x_wconf 87' lang='lat' dir='ltr'>m.</span> <span class='ocrx_word' id='word_1_321' title='bbox 976 3337 997 3370; x_wconf 87' lang='lat' dir='ltr'>e.</span> 
     </span>
     <span class='ocr_line' id='line_1_39' title="bbox 217 3385 1280 3452; baseline -0.002 -16"><span class='ocrx_word' id='word_1_322' title='bbox 217 3393 308 3451; x_wconf 80' lang='lat' dir='ltr'>ctorqac</span> <span class='ocrx_word' id='word_1_323' title='bbox 319 3406 341 3436; x_wconf 74' lang='lat' dir='ltr'>ra</span> <span class='ocrx_word' id='word_1_324' title='bbox 353 3405 371 3435; x_wconf 85' lang='lat' dir='ltr'>a</span> <span class='ocrx_word' id='word_1_325' title='bbox 377 3390 402 3452; x_wconf 85' lang='lat' dir='ltr'>f.</span> <span class='ocrx_word' id='word_1_326' title='bbox 414 3391 553 3436; x_wconf 71' lang='lat' dir='ltr'>marceret.</span> <span class='ocrx_word' id='word_1_327' title='bbox 576 3388 615 3437; x_wconf 79' lang='lat' dir='ltr'>sic</span> <span class='ocrx_word' id='word_1_328' title='bbox 626 3388 735 3438; x_wconf 69' lang='lat' dir='ltr'>mitione</span> <span class='ocrx_word' id='word_1_329' title='bbox 798 3387 925 3448; x_wconf 73' lang='lat' dir='ltr'>Ambigua</span> <span class='ocrx_word' id='word_1_330' title='bbox 933 3388 996 3435; x_wconf 79' lang='lat' dir='ltr'>domi</span> <span class='ocrx_word' id='word_1_331' title='bbox 1007 3388 1056 3451; x_wconf 80' lang='lat' dir='ltr'>res]</span> <span class='ocrx_word' id='word_1_332' title='bbox 1067 3385 1092 3432; x_wconf 86' lang='lat' dir='ltr'>lr.</span> <span class='ocrx_word' id='word_1_333' title='bbox 1101 3401 1121 3436; x_wconf 85' lang='lat' dir='ltr'>e·</span> <span class='ocrx_word' id='word_1_334' title='bbox 1130 3387 1280 3446; x_wconf 66' lang='lat' dir='ltr'>stelionum,</span> 
     </span>
     <span class='ocr_line' id='line_1_40' title="bbox 216 3451 1281 3518; baseline -0.004 -17"><span class='ocrx_word' id='word_1_335' title='bbox 216 3467 297 3502; x_wconf 83' lang='lat' dir='ltr'>omnes</span> <span class='ocrx_word' id='word_1_336' title='bbox 313 3469 387 3518; x_wconf 83' lang='lat' dir='ltr'>usque</span> <span class='ocrx_word' id='word_1_337' title='bbox 402 3453 604 3502; x_wconf 76' lang='lat' dir='ltr'>adFreinslunisi</span> <span class='ocrx_word' id='word_1_338' title='bbox 619 3451 682 3517; x_wconf 87' lang='lat' dir='ltr'>quod</span> <span class='ocrx_word' id='word_1_339' title='bbox 697 3454 733 3502; x_wconf 84' lang='lat' dir='ltr'>ed.</span> <span class='ocrx_word' id='word_1_340' title='bbox 767 3451 824 3499; x_wconf 84' lang='lat' dir='ltr'>lldes</span> <span class='ocrx_word' id='word_1_341' title='bbox 850 3451 951 3511; x_wconf 84' lang='lat' dir='ltr'>decocta,</span> <span class='ocrx_word' id='word_1_342' title='bbox 975 3451 1117 3499; x_wconf 77' lang='lat' dir='ltr'>conscientie</span> <span class='ocrx_word' id='word_1_343' title='bbox 1143 3451 1281 3500; x_wconf 81' lang='lat' dir='ltr'>facinonrnr.</span> 
     </span>
     <span class='ocr_line' id='line_1_41' title="bbox 216 3515 1280 3632; baseline -0.002 -2"><span class='ocrx_word' id='word_1_344' title='bbox 216 3518 732 3632; x_wconf 50' lang='lat' dir='ltr'>a·ulusr³tt¹ttt⁰tttu¹tt</span> <span class='ocrx_word' id='word_1_345' title='bbox 765 3515 1149 3629; x_wconf 48' lang='lat' dir='ltr'>trituramus*</span> <span class='ocrx_word' id='word_1_346' title='bbox 1164 3515 1280 3564; x_wconf 57' lang='lat' dir='ltr'>“lm</span> 
     </span>
     <span class='ocr_line' id='line_1_42' title="bbox 235 3601 1111 3631; baseline 0.001 -4"><span class='ocrx_word' id='word_1_347' title='bbox 235 3615 242 3627; x_wconf 75' lang='grc' dir='ltr'><strong><em>ι</em></strong></span> <span class='ocrx_word' id='word_1_348' title='bbox 350 3615 356 3628; x_wconf 79' lang='grc' dir='ltr'>ι</span> <span class='ocrx_word' id='word_1_349' title='bbox 542 3601 559 3631; x_wconf 75' lang='lat' dir='ltr'><em>n</em></span> <span class='ocrx_word' id='word_1_350' title='bbox 724 3614 734 3624; x_wconf 92' lang='lat'>·</span> <span class='ocrx_word' id='word_1_351' title='bbox 1017 3614 1023 3627; x_wconf 80' lang='grc' dir='ltr'>ι</span> <span class='ocrx_word' id='word_1_352' title='bbox 1105 3613 1111 3628; x_wconf 72' lang='lat' dir='ltr'>a</span> 
     </span>
     <span class='ocr_line' id='line_1_43' title="bbox 216 3599 1281 3707; baseline -0.006 -14"><span class='ocrx_word' id='word_1_353' title='bbox 216 3649 315 3694; x_wconf 69' lang='lat' dir='ltr'>malunt</span> <span class='ocrx_word' id='word_1_354' title='bbox 333 3599 420 3695; x_wconf 59' lang='lat' dir='ltr'>Eam]</span> <span class='ocrx_word' id='word_1_355' title='bbox 437 3649 507 3697; x_wconf 78' lang='lat' dir='ltr'>Actu.</span> <span class='ocrx_word' id='word_1_356' title='bbox 521 3648 614 3697; x_wconf 85' lang='lat' dir='ltr'>volebat</span> <span class='ocrx_word' id='word_1_357' title='bbox 627 3647 680 3694; x_wconf 74' lang='lat' dir='ltr'>taut</span> <span class='ocrx_word' id='word_1_358' title='bbox 695 3662 733 3692; x_wconf 82' lang='lat' dir='ltr'>ca·</span> <span class='ocrx_word' id='word_1_359' title='bbox 802 3645 1022 3706; x_wconf 80' lang='lat' dir='ltr'>VelatNeroudv.]</span> <span class='ocrx_word' id='word_1_360' title='bbox 1042 3643 1130 3707; x_wconf 84' lang='lat' dir='ltr'>Tangit</span> <span class='ocrx_word' id='word_1_361' title='bbox 1136 3643 1196 3692; x_wconf 80' lang='lat' dir='ltr'>hanc</span> <span class='ocrx_word' id='word_1_362' title='bbox 1203 3642 1281 3690; x_wconf 77' lang='grc' dir='ltr'><strong>ψιυδο.</strong></span> 
     </span>
     <span class='ocr_line' id='line_1_44' title="bbox 216 3707 1280 3761; baseline -0.003 -2"><span class='ocrx_word' id='word_1_363' title='bbox 216 3727 277 3759; x_wconf 76' lang='lat' dir='ltr'>rana</span> <span class='ocrx_word' id='word_1_364' title='bbox 310 3711 373 3759; x_wconf 88' lang='lat' dir='ltr'>Bud.</span> <span class='ocrx_word' id='word_1_365' title='bbox 384 3714 468 3761; x_wconf 78' lang='lat' dir='ltr'>bellum</span> <span class='ocrx_word' id='word_1_366' title='bbox 486 3729 539 3761; x_wconf 85' lang='lat' dir='ltr'>cam</span> <span class='ocrx_word' id='word_1_367' title='bbox 556 3714 583 3759; x_wconf 80' lang='lat' dir='ltr'>in</span> <span class='ocrx_word' id='word_1_368' title='bbox 599 3720 641 3759; x_wconf 85' lang='lat' dir='ltr'>etc.</span> <span class='ocrx_word' id='word_1_369' title='bbox 675 3711 735 3759; x_wconf 85' lang='lat' dir='ltr'>inde</span> <span class='ocrx_word' id='word_1_370' title='bbox 766 3709 867 3757; x_wconf 85' lang='lat' dir='ltr'>Neronis</span> <span class='ocrx_word' id='word_1_371' title='bbox 884 3709 988 3757; x_wconf 82' lang='lat' dir='ltr'>fabulam</span> <span class='ocrx_word' id='word_1_372' title='bbox 1006 3709 1141 3757; x_wconf 80' lang='lat' dir='ltr'>Lacmntius</span> <span class='ocrx_word' id='word_1_373' title='bbox 1154 3709 1192 3756; x_wconf 89' lang='lat' dir='ltr'>De</span> <span class='ocrx_word' id='word_1_374' title='bbox 1206 3707 1280 3756; x_wconf 84' lang='lat' dir='ltr'>Mort.</span> 
     </span>
     <span class='ocr_line' id='line_1_45' title="bbox 216 3773 1280 3838; baseline -0.005 -14"><span class='ocrx_word' id='word_1_375' title='bbox 216 3776 294 3824; x_wconf 85' lang='lat' dir='ltr'>Rhen.</span> <span class='ocrx_word' id='word_1_376' title='bbox 316 3776 453 3826; x_wconf 86' lang='lat' dir='ltr'>emendabat</span> <span class='ocrx_word' id='word_1_377' title='bbox 473 3780 587 3826; x_wconf 79' lang='lat' dir='ltr'>bellicam.</span> <span class='ocrx_word' id='word_1_378' title='bbox 624 3775 734 3823; x_wconf 83' lang='lat' dir='ltr'>Muretus</span> <span class='ocrx_word' id='word_1_379' title='bbox 766 3774 831 3822; x_wconf 85' lang='lat' dir='ltr'>Pers.</span> <span class='ocrx_word' id='word_1_380' title='bbox 841 3789 860 3822; x_wconf 91' lang='lat' dir='ltr'>c.</span> <span class='ocrx_word' id='word_1_381' title='bbox 869 3777 891 3820; x_wconf 82' lang='lat'>2.</span> <span class='ocrx_word' id='word_1_382' title='bbox 902 3773 932 3821; x_wconf 84' lang='lat' dir='ltr'>ad</span> <span class='ocrx_word' id='word_1_383' title='bbox 943 3789 1013 3838; x_wconf 85' lang='lat' dir='ltr'>quern</span> <span class='ocrx_word' id='word_1_384' title='bbox 1023 3774 1100 3821; x_wconf 82' lang='lat' dir='ltr'>locun:</span> <span class='ocrx_word' id='word_1_385' title='bbox 1110 3773 1156 3820; x_wconf 85' lang='lat' dir='ltr'>rid.</span> <span class='ocrx_word' id='word_1_386' title='bbox 1164 3773 1280 3836; x_wconf 81' lang='lat' dir='ltr'>Guperus,</span> 
     </span>
     <span class='ocr_line' id='line_1_46' title="bbox 216 3837 1280 3905; baseline -0.004 -17"><span class='ocrx_word' id='word_1_387' title='bbox 216 3841 261 3888; x_wconf 80' lang='lat' dir='ltr'>sint</span> <span class='ocrx_word' id='word_1_388' title='bbox 287 3839 350 3889; x_wconf 84' lang='lat' dir='ltr'>‘citer</span> <span class='ocrx_word' id='word_1_389' title='bbox 371 3841 462 3905; x_wconf 84' lang='lat' dir='ltr'>legebat</span> <span class='ocrx_word' id='word_1_390' title='bbox 481 3845 576 3904; x_wconf 81' lang='lat' dir='ltr'>placuit</span> <span class='ocrx_word' id='word_1_391' title='bbox 595 3842 732 3902; x_wconf 76' lang='lat' dir='ltr'>ratpertari.</span> <span class='ocrx_word' id='word_1_392' title='bbox 765 3838 822 3886; x_wconf 89' lang='lat' dir='ltr'>item</span> <span class='ocrx_word' id='word_1_393' title='bbox 831 3838 967 3896; x_wconf 83' lang='lat' dir='ltr'>Columbus,</span> <span class='ocrx_word' id='word_1_394' title='bbox 979 3837 1021 3902; x_wconf 94' lang='lat' dir='ltr'>qui</span> <span class='ocrx_word' id='word_1_395' title='bbox 1031 3839 1061 3886; x_wconf 89' lang='lat' dir='ltr'>ab</span> <span class='ocrx_word' id='word_1_396' title='bbox 1069 3838 1167 3886; x_wconf 79' lang='lat' dir='ltr'>ecclesia</span> <span class='ocrx_word' id='word_1_397' title='bbox 1176 3837 1280 3902; x_wconf 80' lang='lat' dir='ltr'>patribus</span> 
     </span>
     <span class='ocr_line' id='line_1_47' title="bbox 271 3900 1279 3970; baseline -0.008 -16"><span class='ocrx_word' id='word_1_398' title='bbox 271 3907 597 3970; x_wconf 63' lang='lat' dir='ltr'>emaecepittaltieaentam.</span> <span class='ocrx_word' id='word_1_399' title='bbox 765 3903 892 3951; x_wconf 79' lang='lat' dir='ltr'>refutatum</span> <span class='ocrx_word' id='word_1_400' title='bbox 914 3912 1070 3951; x_wconf 87' lang='lat' dir='ltr'>commentum</span> <span class='ocrx_word' id='word_1_401' title='bbox 1091 3903 1164 3952; x_wconf 67' lang='lat' dir='ltr'>docet.</span> <span class='ocrx_word' id='word_1_402' title='bbox 1196 3900 1279 3949; x_wconf 87' lang='lat' dir='ltr'>Plures</span> 
     </span>
     <span class='ocr_line' id='line_1_48' title="bbox 249 3964 1325 4036; baseline -0.007 -18"><span class='ocrx_word' id='word_1_403' title='bbox 249 3973 348 4033; x_wconf 79' lang='lat' dir='ltr'>Nuper,</span> <span class='ocrx_word' id='word_1_404' title='bbox 357 3973 505 4036; x_wconf 69' lang='lat' dir='ltr'>ceterioum]</span> <span class='ocrx_word' id='word_1_405' title='bbox 525 3970 734 4020; x_wconf 77' lang='lat' dir='ltr'>bocussubobscu-</span> <span class='ocrx_word' id='word_1_406' title='bbox 768 3967 918 4016; x_wconf 82' lang='lat' dir='ltr'>etiamsalsos</span> <span class='ocrx_word' id='word_1_407' title='bbox 930 3967 1034 4015; x_wconf 87' lang='lat' dir='ltr'>Nerones</span> <span class='ocrx_word' id='word_1_408' title='bbox 1045 3967 1165 4025; x_wconf 70' lang='lat' dir='ltr'>exstlmse,</span> <span class='ocrx_word' id='word_1_409' title='bbox 1177 3964 1280 4014; x_wconf 78' lang='lat' dir='ltr'>casaub.</span> <span class='ocrx_word' id='word_1_410' title='bbox 1322 3973 1325 3978; x_wconf 89' lang='grc'><strong>’</strong></span> 
     </span>
     <span class='ocr_line' id='line_1_49' title="bbox 215 4031 1130 4098; baseline -0.004 -14"><span class='ocrx_word' id='word_1_411' title='bbox 215 4051 248 4084; x_wconf 76' lang='lat' dir='ltr'>re</span> <span class='ocrx_word' id='word_1_412' title='bbox 261 4035 388 4093; x_wconf 70' lang='lat' dir='ltr'>estense,</span> <span class='ocrx_word' id='word_1_413' title='bbox 403 4036 450 4083; x_wconf 89' lang='lat' dir='ltr'>imo</span> <span class='ocrx_word' id='word_1_414' title='bbox 465 4037 562 4085; x_wconf 78' lang='lat' dir='ltr'>incerta.</span> <span class='ocrx_word' id='word_1_415' title='bbox 596 4034 734 4098; x_wconf 79' lang='lat' dir='ltr'>lindolphus</span> <span class='ocrx_word' id='word_1_416' title='bbox 765 4031 1130 4081; x_wconf 76' lang='lat' dir='ltr'>mtenditadSuetNer.c.nlt</span> 
     </span>
     <span class='ocr_line' id='line_1_50' title="bbox 218 4093 1278 4163; baseline -0.007 -15"><span class='ocrx_word' id='word_1_417' title='bbox 218 4100 314 4163; x_wconf 78' lang='lat' dir='ltr'>(inood</span> <span class='ocrx_word' id='word_1_418' title='bbox 327 4101 381 4160; x_wconf 86' lang='lat' dir='ltr'>suo)</span> <span class='ocrx_word' id='word_1_419' title='bbox 391 4101 474 4162; x_wconf 84' lang='lat' dir='ltr'>legisse</span> <span class='ocrx_word' id='word_1_420' title='bbox 484 4100 575 4160; x_wconf 73' lang='lat' dir='ltr'>dicitur,</span> <span class='ocrx_word' id='word_1_421' title='bbox 591 4115 667 4163; x_wconf 67' lang='grc' dir='ltr'>πειρον</span> <span class='ocrx_word' id='word_1_422' title='bbox 681 4101 733 4147; x_wconf 80' lang='lat' dir='ltr'>Titi</span> <span class='ocrx_word' id='word_1_423' title='bbox 805 4099 870 4144; x_wconf 83' lang='lat' dir='ltr'>Eum</span> <span class='ocrx_word' id='word_1_424' title='bbox 900 4098 1049 4158; x_wconf 75' lang='lat' dir='ltr'>fingentibus</span> <span class='ocrx_word' id='word_1_425' title='bbox 1076 4093 1278 4158; x_wconf 61' lang='lat' dir='ltr'>orantibusque]</span> 
     </span>
     <span class='ocr_line' id='line_1_51' title="bbox 216 4157 1279 4228; baseline -0.008 -16"><span class='ocrx_word' id='word_1_426' title='bbox 216 4179 286 4228; x_wconf 85' lang='lat' dir='ltr'>opera</span> <span class='ocrx_word' id='word_1_427' title='bbox 302 4166 386 4212; x_wconf 72' lang='lat' dir='ltr'>mutu</span> <span class='ocrx_word' id='word_1_428' title='bbox 402 4167 522 4212; x_wconf 71' lang='lat' dir='ltr'>cmriliis:</span> <span class='ocrx_word' id='word_1_429' title='bbox 545 4164 658 4214; x_wconf 75' lang='lat' dir='ltr'>enitentia</span> <span class='ocrx_word' id='word_1_430' title='bbox 673 4163 732 4211; x_wconf 79' lang='lat' dir='ltr'>nuru</span> <span class='ocrx_word' id='word_1_431' title='bbox 765 4161 821 4210; x_wconf 88' lang='lat' dir='ltr'>MS.</span> <span class='ocrx_word' id='word_1_432' title='bbox 846 4161 907 4224; x_wconf 72' lang='lat' dir='ltr'>Agr.</span> <span class='ocrx_word' id='word_1_433' title='bbox 930 4161 1119 4223; x_wconf 70' lang='lat' dir='ltr'>confingentibus.</span> <span class='ocrx_word' id='word_1_434' title='bbox 1157 4157 1279 4206; x_wconf 88' lang='lat' dir='ltr'>Broterius</span> 
     </span>
     <span class='ocr_line' id='line_1_52' title="bbox 216 4224 1135 4291; baseline -0.008 -13"><span class='ocrx_word' id='word_1_435' title='bbox 216 4232 352 4288; x_wconf 86' lang='lat' dir='ltr'>aberrante;</span> <span class='ocrx_word' id='word_1_436' title='bbox 379 4244 458 4277; x_wconf 83' lang='lat' dir='ltr'>vereor</span> <span class='ocrx_word' id='word_1_437' title='bbox 479 4238 566 4288; x_wconf 83' lang='lat' dir='ltr'>tamen,</span> <span class='ocrx_word' id='word_1_438' title='bbox 591 4237 619 4276; x_wconf 92' lang='lat' dir='ltr'>ut</span> <span class='ocrx_word' id='word_1_439' title='bbox 639 4229 732 4291; x_wconf 84' lang='lat' dir='ltr'>propria</span> <span class='ocrx_word' id='word_1_440' title='bbox 763 4224 856 4289; x_wconf 82' lang='lat' dir='ltr'>corrigit</span> <span class='ocrx_word' id='word_1_441' title='bbox 866 4227 1046 4274; x_wconf 73' lang='lat' dir='ltr'>credentiiurvr.</span> <span class='ocrx_word' id='word_1_442' title='bbox 1065 4227 1135 4274; x_wconf 75' lang='lat' dir='ltr'>Etru.</span> 
     </span>
     <span class='ocr_line' id='line_1_53' title="bbox 216 4286 1277 4359; baseline -0.007 -18"><span class='ocrx_word' id='word_1_443' title='bbox 216 4294 319 4359; x_wconf 87' lang='lat' dir='ltr'>quadam</span> <span class='ocrx_word' id='word_1_444' title='bbox 332 4292 438 4352; x_wconf 86' lang='lat' dir='ltr'>lectione,</span> <span class='ocrx_word' id='word_1_445' title='bbox 453 4294 609 4342; x_wconf 85' lang='lat' dir='ltr'>nonalibrir.</span> <span class='ocrx_word' id='word_1_446' title='bbox 642 4293 683 4340; x_wconf 85' lang='lat' dir='ltr'>An</span> <span class='ocrx_word' id='word_1_447' title='bbox 695 4308 731 4340; x_wconf 87' lang='lat' dir='ltr'>ce·</span> <span class='ocrx_word' id='word_1_448' title='bbox 798 4291 1087 4354; x_wconf 73' lang='lat' dir='ltr'>Propioratlsalkadum</span> <span class='ocrx_word' id='word_1_449' title='bbox 1097 4289 1172 4354; x_wconf 81' lang='lat' dir='ltr'>Jidcr]</span> <span class='ocrx_word' id='word_1_450' title='bbox 1196 4286 1277 4351; x_wconf 84' lang='lat' dir='ltr'>Suspi-</span> 
     </span>
     <span class='ocr_line' id='line_1_54' title="bbox 215 4353 1328 4420; baseline -0.005 -15"><span class='ocrx_word' id='word_1_451' title='bbox 215 4364 278 4405; x_wconf 73' lang='lat' dir='ltr'>teras</span> <span class='ocrx_word' id='word_1_452' title='bbox 294 4357 454 4420; x_wconf 82' lang='lat' dir='ltr'>intelligimus,</span> <span class='ocrx_word' id='word_1_453' title='bbox 467 4358 553 4406; x_wconf 78' lang='lat' dir='ltr'>unicos</span> <span class='ocrx_word' id='word_1_454' title='bbox 570 4367 594 4406; x_wconf 88' lang='lat' dir='ltr'>et</span> <span class='ocrx_word' id='word_1_455' title='bbox 608 4356 733 4406; x_wconf 81' lang='lat' dir='ltr'>funiliares</span> <span class='ocrx_word' id='word_1_456' title='bbox 763 4365 829 4403; x_wconf 85' lang='lat' dir='ltr'>catur</span> <span class='ocrx_word' id='word_1_457' title='bbox 855 4353 979 4418; x_wconf 79' lang='lat' dir='ltr'>legendum</span> <span class='ocrx_word' id='word_1_458' title='bbox 1004 4353 1111 4403; x_wconf 82' lang='lat' dir='ltr'>Freinsh.</span> <span class='ocrx_word' id='word_1_459' title='bbox 1133 4355 1277 4418; x_wconf 81' lang='lat' dir='ltr'>promptior.</span> <span class='ocrx_word' id='word_1_460' title='bbox 1326 4363 1328 4367; x_wconf 59' lang='lat'><em>⁴</em></span> 
     </span>
     <span class='ocr_line' id='line_1_55' title="bbox 215 4415 1314 4486; baseline -0.004 -17"><span class='ocrx_word' id='word_1_461' title='bbox 215 4421 372 4484; x_wconf 75' lang='lat' dir='ltr'>Vespasiani?</span> <span class='ocrx_word' id='word_1_462' title='bbox 387 4423 428 4486; x_wconf 90' lang='lat' dir='ltr'>qui</span> <span class='ocrx_word' id='word_1_463' title='bbox 443 4423 535 4486; x_wconf 86' lang='lat' dir='ltr'>jamdiu</span> <span class='ocrx_word' id='word_1_464' title='bbox 553 4438 607 4471; x_wconf 87' lang='lat' dir='ltr'>cnm</span> <span class='ocrx_word' id='word_1_465' title='bbox 623 4436 731 4486; x_wconf 75' lang='lat' dir='ltr'>sospem</span> <span class='ocrx_word' id='word_1_466' title='bbox 763 4419 841 4468; x_wconf 85' lang='lat' dir='ltr'>Possis</span> <span class='ocrx_word' id='word_1_467' title='bbox 852 4420 920 4468; x_wconf 85' lang='lat' dir='ltr'>etiam</span> <span class='ocrx_word' id='word_1_468' title='bbox 929 4419 1034 4481; x_wconf 77' lang='lat' dir='ltr'>pronior.</span> <span class='ocrx_word' id='word_1_469' title='bbox 1060 4415 1287 4469; x_wconf 61' lang='lat' dir='ltr'>Sadilludnteliua</span> <span class='ocrx_word' id='word_1_470' title='bbox 1312 4440 1314 4450; x_wconf 92' lang='lat'>·</span> 
     </span>
     <span class='ocr_line' id='line_1_56' title="bbox 216 4483 1029 4551; baseline -0.005 -17"><span class='ocrx_word' id='word_1_471' title='bbox 216 4494 367 4548; x_wconf 73' lang='lat' dir='ltr'>outoepmt</span> <span class='ocrx_word' id='word_1_472' title='bbox 389 4487 493 4551; x_wconf 67' lang='lat' dir='ltr'>lmpuii,</span> <span class='ocrx_word' id='word_1_473' title='bbox 516 4495 540 4536; x_wconf 84' lang='lat' dir='ltr'>ct</span> <span class='ocrx_word' id='word_1_474' title='bbox 561 4488 591 4536; x_wconf 86' lang='lat' dir='ltr'>de</span> <span class='ocrx_word' id='word_1_475' title='bbox 611 4501 639 4535; x_wconf 90' lang='lat' dir='ltr'>so</span> <span class='ocrx_word' id='word_1_476' title='bbox 659 4485 731 4536; x_wconf 77' lang='lat' dir='ltr'>lorini</span> <span class='ocrx_word' id='word_1_477' title='bbox 762 4483 834 4533; x_wconf 79' lang='lat' dir='ltr'>Ean.</span> <span class='ocrx_word' id='word_1_478' title='bbox 852 4484 915 4533; x_wconf 81' lang='lat' dir='ltr'>Bau.</span> <span class='ocrx_word' id='word_1_479' title='bbox 922 4486 1029 4548; x_wconf 79' lang='lat' dir='ltr'>propior.</span> 
     </span>
    </p>
   </div>
   <div class='ocr_carea' id='block_1_4' title="bbox 0 0 1534 4975">
    <p class='ocr_par' dir='ltr' id='par_1_6' title="bbox 0 0 1534 4975">
     <span class='ocr_line' id='line_1_57' title="bbox 0 0 1534 4975; baseline 0 3"><span class='ocrx_word' id='word_1_480' title='bbox 0 0 1534 4975; x_wconf 95' lang='lat' dir='ltr'> </span> 
     </span>
    </p>
   </div>
  </div>
 </body>
</html>
