3059 4975
206 276 363 350 i.c.70.]
557 274 682 335 rra-1.
700 275 796 337 car.
815 280 866 345 u,
885 280 934 339 ιι.
1241 282 1276 337 ιι

210 453 243 505 et
255 440 359 505 futuri
371 438 534 526 Principes
547 452 696 520 terruere,
712 464 777 528 quo
791 441 895 507 minus
907 440 1045 507 iacerent
1059 438 1169 521 scelus,
1188 442 1279 530 eujus

208 524 296 590 ultor
309 538 368 606 est,
404 525 526 612 uisquis
540 527 696 591 successit.

209 646 234 654 -·
254 612 354 676 XLI.
409 610 457 676 iso
469 612 610 676 cominus
627 624 820 676 armatorum
839 612 973 699 agmine,
988 611 1168 677 vexillarius
1186 614 1284 678 comi·

211 710 285 761 tatae
295 697 432 762 Galbam
444 696 579 763 cohortis
593 703 629 783 (“
640 696 779 763 Atilium
788 697 1002 785 Vergilionem
1016 698 1130 763 fuisse’l
1140 697 1282 779 tradunt)

211 782 286 847 dere
308 796 373 847 tam
387 782 500 849 Galbae
513 784 681 870 imaginem
696 783 908 849 soloadflixit.
952 786 1004 849 Eo
1018 782 1107 869 signo
1120 782 1284 851 manifesta

211 868 246 931 in
297 868 423 933 thonem
444 870 585 933 omnium
604 869 742 933 militum
760 870 874 948 studia,
895 869 1053 935 desertrnn
1072 870 1151 955 fuga
1213 868 1283 956 puli

210 953 486 1033 forum‚,destrieta
494 954 644 1020 adversus
653 954 835 1021 dubitantes
846 954 916 1020 tela.
937 957 1040 1020 Juxta
1050 954 1153 1021 Curtii
1167 891 1281 1035 iiiam,
1308 1024 1311 1030 ,

211 1039 418 1127 trepidatione
431 1039 597 1106 ferentium
614 1040 719 1108 Galba
738 1042 897 1129 projeetus
915 1064 933 1105 e
952 1040 1026 1105 sella
1044 1064 1081 1105 ac
1100 1040 1283 1127 provolutus

131 1190 135 1195 .
212 1139 269 1189 est.
313 1126 499 1191 Extremam
517 1128 586 1215 ejus
604 1150 724 1216 urcem,
744 1141 782 1191 ut
795 1127 910 1214 cuique
924 1126 1032 1191 odium
1047 1142 1103 1191 aut
1117 1126 1282 1191 admiratio

211 1211 286 1287 fuit,
306 1212 391 1277 varie
409 1212 582 1299 prodidere.
619 1213 703 1291 alii,
727 1212 909 1300 suppliciter
929 1212 1147 1311 interrogasse,
1169 1210 1285 1297 “quid

211 1296 286 1361 mali
307 1297 491 1362 meruisset?
554 1322 629 1363 uoos
650 1298 718 1363 dies
736 1297 925 1363 exsolvendo
948 1297 1119 1363 donatrv0''
1139 1296 1285 1384 depreca-

286 1408 295 1424 ,
535 1385 541 1398 “
866 1384 873 1397 ·
950 1383 956 1397 ·
1122 1390 1142 1421 ιι

209 1383 513 1549 ffinpleunrgssiolptta
526 1494 544 1533 e
557 1384 920 1556 Reiiiiiilriiiriiidssiiiertliiil
919 1383 1214 1533 i⁷³Jliriiiilii1iidriuiie
1202 1397 1285 1534 obediE

210 1553 366 1634 dentium,
414 1554 472 1618 uid
497 1554 622 1619 diceret·
667 1558 719 1619 De
743 1578 923 1642 percussore
951 1577 1014 1619 non
1043 1554 1116 1619 satis
1142 1566 1282 1621 constat:

233 1639 343 1704 uidam
358 1647 380 1679 “
429 1640 583 1705 arentium
597 1640 804 1719 Evocatmn,”
818 1640 870 1705 alii
885 1647 905 1679 “
921 1640 1094 1705 Lecanium
1103 1640 1133 1715 ;''
1146 1638 1283 1705 crebrior

210 1663 299 1789 lama
319 1726 450 1791 tradidit
476 1734 498 1765 “
523 1726 709 1792 Camurium
738 1728 804 1791 XV
826 1725 956 1812 legionis
984 1724 1125 1804 militem,
1147 1726 1287 1827 inpresso

211 1809 331 1897 gladio,
353 1812 505 1899 jugulum
529 1814 600 1900 ejus
628 1812 796 1877 harrsisse.”
841 1812 945 1877 Ceteri
970 1835 1063 1877 crura
1085 1811 1213 1877 brachia
1235 1834 1285 1891 ue,

213 1918 288 1959 nam
302 1911 412 1982 pectus
426 1898 600 1983 tegebatur,
615 1896 700 1963 foede
711 1897 883 1963 laniavere:
907 1896 1056 1984 pleraque
1070 1896 1201 1961 vulnera
1213 1836 1286 1962 ieri·

213 1994 279 2045 tate
292 1996 325 2045 et
338 1983 458 2047 saevitia
471 1997 584 2047 trunco
593 1984 662 2070 jam
674 1984 798 2070 corpori
812 1982 944 2069 adjecto.

259 2067 374 2132 XLII.
398 2068 511 2132 Titum
531 2066 606 2132 inde
621 2066 753 2133 Vinium
774 2067 932 2131 invasere:
957 2066 997 2131 de
1011 2088 1076 2153 quo
1090 2079 1121 2130 et
1140 2067 1209 2153 ipso
1222 2090 1286 2131 anr-

214 2150 345 2238 bigitur,
367 2152 633 2240 consumpseritne
655 2175 763 2217 vocem
785 2152 854 2240 ejus
878 2152 998 2216 instans
1019 2166 1131 2229 metus,
1154 2175 1194 2217 on
1215 2176 1286 2239 pro-

212 2236 401 2317 clamaverit,
416 2245 438 2277 ⁴‘
453 2261 517 2303 non
530 2262 597 2303 esse
609 2239 651 2303 ab
666 2238 791 2303 Othone
804 2236 998 2315 mandatum,
1013 2251 1053 2300 ut¹
1064 2236 1285 2303 occideretur.w

214 2323 308 2401 Quod
334 2347 390 2391 seu
411 2323 505 2388 tinxit
529 2322 704 2403 formidine,
734 2347 788 2389 seu
814 2323 1033 2389 conscientiam
1061 2323 1283 2409 conjurationis

211 2409 370 2475 confessus
389 2423 453 2477 est:
477 2411 540 2475 huc
557 2410 664 2499 potius
683 2411 751 2499 ejus
764 2410 831 2475 vita
844 2409 990 2498 famaque
1003 2407 1143 2489 inclinat,
1159 2422 1195 2475 ut
1209 2432 1283 2474 con-

212 2495 293 2560 scius
314 2496 435 2562 sceleris
454 2496 560 2579 fuerit,
575 2498 790 2585 cujus-caussa
802 2509 877 2562 erat.
922 2499 1010 2562 Ante
1024 2495 1124 2560 aedem
1140 2496 1185 2562 D.
1196 2497 1220 2560 J
1223 2496 1280 2562 ulii

250 2672 396 2720 Vertumni
415 2673 550 2720 combustis
568 2674 599 2722 G.
616 2671 731 2736 colonis]
764 2671 820 2719 riter
841 2671 919 2735 plures
941 2671 1067 2718 Martium
1088 2669 1186 2718 edidere.
1209 2669 1282 2718 Enu.

216 2735 275 2784 Haec
289 2735 358 2784 lectio
372 2736 468 2785 debetur
479 2737 604 2797 Rhome,
617 2735 660 2799 qui
677 2750 733 2784 aue
764 2735 830 2784 Bud.
845 2737 967 2784 Curtium.

214 2799 287 2849 ΜΕ
301 2799 401 2862 duxerit,
412 2801 496 2849 nescio.
528 2799 629 2848 Nnmin
642 2799 732 2862 scriptis
796 2797 977 2861 sitiamus]
1001 2797 1062 2846 Flor.
1075 2800 1109 2846 ito
1121 2813 1172 2862 rep.
1182 2798 1246 2846 unde
1255 2799 1284 2848 J.

215 2864 265 2913 aliis
280 2873 304 2912 et
319 2865 372 2913 edd.
386 2873 440 2914 ante
449 2865 528 2914 Rhen.
539 2865 605 2912 aliter
615 2871 657 2912 est.
668 2866 732 2925 (om-
764 2863 837 2912 Gron.
849 2863 941 2928 corrigit
952 2864 978 2909 id
988 2878 1000 2910 e
1012 2877 1060 2926 rep.
1072 2862 1127 2912 MS.
1136 2863 1285 2928 Aguedpr.

214 2929 269 2976 nino
284 2929 362 2979 Rbeu.
377 2929 410 2978 sic
422 2946 436 2978 e
449 2929 525 2992 Buu)
541 2929 605 2977 Flor.
617 2929 731 2976 comitata
763 2929 799 2976 ita
811 2930 869 2991 reip.
901 2927 947 2976 Sed
961 2929 1003 2976 loc
1015 2929 1045 2974 ab
1057 2927 1124 2975 initio
1135 2927 1198 2988 addi,
1214 2929 1284 2977 efor-

216 2996 297 3043 Gclboe
307 2996 356 3041 coh.
369 2995 475 3043 (incita
490 3010 554 3042 man.
560 3010 597 3058 pr.
609 2995 732 3041 wmttatas
764 2993 831 3040 mula
847 2991 937 3040 solenni
955 2993 998 3038 hoc
1016 3005 1067 3053 age,
1087 2999 1115 3038 ut
1134 2991 1243 3040 Muretus
1261 3002 1285 3042 et

136 3095 139 3098 -
217 3060 298 3109 caua
310 3059 423 3117 cotona,
438 3059 500 3107 man.
514 3058 733 3108 secfecitcomito-
763 3056 886 3106 Acidalius
897 3057 987 3116 volunt,
998 3071 1046 3104 non
1056 3055 1209 3104 necessarium
1219 3066 1285 3121 puto.

216 3130 263 3179 tue,
279 3123 345 3187 quod
361 3133 396 3172 est
411 3124 437 3170 in
454 3124 510 3172 MS.
526 3125 586 3186 Agr.
607 3121 660 3170 edd.
678 3129 732 3169 aute
763 3121 837 3170 Eur.
865 3121 927 3170 Bud.
938 3121 1072 3184 rueuep.

215 3187 292 3236 Rben.
310 3188 394 3236 deinde
414 3189 495 3236 caua
514 3189 631 3234 cohortis:
654 3185 680 3233 in
696 3185 732 3234 ed.
799 3188 903 3246 Quidam
919 3189 977 3252 ctu]
1005 3185 1037 3236 V.
1048 3194 1072 3234 et
1088 3185 1154 3234 Plu.
1166 3185 1192 3233 in
1207 3185 1285 3235 Galba

241 3261 351 3300 mutum
361 3252 450 3302 caua.
480 3251 648 3316 Corrigendum
656 3250 732 3314 potius
764 3253 806 3307 27.
816 3252 858 3316 qui
875 3267 922 3299 non
936 3266 1015 3300 omnes
1029 3251 1080 3310 hos,
1092 3249 1133 3298 sed
1144 3249 1213 3298 eriam
1227 3251 1285 3300 alios

241 3316 247 3326 “
299 3319 415 3365 comiato
427 3318 527 3366 usuam
542 3318 650 3373 cohortis,
666 3315 733 3364 credo
764 3323 938 3376 commemorat,
953 3325 980 3364 ut
990 3316 1134 3377 Arcadium,
1148 3323 1172 3364 et
1181 3317 1285 3364 Fabium

213 3396 268 3430 oum
288 3381 381 3444 Rycln'o
397 3392 421 3432 et
438 3382 465 3431 J.
483 3381 610 3438 timueris,
628 3379 691 3444 quod
710 3389 733 3428 et
764 3383 892 3429 Fabulam.
908 3380 979 3428 Eur.

212 3446 405 3560 ffipoedli‘
412 3446 549 3560 iffi
556 3445 733 3571 iiiiii&
782 3441 1118 3558 ...iustissimi
1141 3441 1285 3506 ΛΜΨ

213 3590 270 3624 mox
280 3590 361 3624 omues
370 3575 433 3625 libri.
465 3575 605 3624 Plutardim
617 3575 732 3624 Servuu.
761 3527 781 3573 p
799 3577 906 3637 Corpora
914 3524 1014 3638 adjeeii]
1031 3571 1170 3632 Groslodus,
1179 3571 1222 3621 etsi
1232 3571 1285 3620 vui-

214 3648 348 3690 meone
379 3639 732 3698 &manumittunt
765 3649 848 3704 gatum
858 3639 912 3688 ferri
924 3653 991 3703 posse
1000 3637 1094 3696 fatetur,
1105 3637 1196 3686 mavult
1206 3645 1285 3686 lunen

214 3705 250 3754 od.
259 3721 297 3770 pr.
305 3707 337 3753 ad
353 3707 439 3753 tuum:
456 3705 519 3754 unde
526 3706 554 3754 J.
561 3705 634 3752 Gron.
641 3703 734 3765 conjicit
763 3707 856 3767 adactu
865 3704 903 3752 eui
913 3704 1049 3765 conjecture
1059 3701 1121 3750 favet
1130 3702 1222 3751 dativru
1233 3717 1284 3750 cor-

211 3771 236 3817 A
256 3771 354 3818 ὒίἱίιιιιι
374 3785 418 3834 pro
434 3772 541 3819 Diutom
562 3769 599 3818 vel
615 3769 732 3818 neutum.
759 3771 817 3830 pori
843 3769 906 3833 quod
921 3769 1018 3817 verbum
1038 3765 1115 3831 aptius
1131 3766 1195 3828 huic,
1212 3781 1284 3833 quam

213 3833 430 3883 Plutarchum&
444 3835 637 3883 uruuovvoeat
656 3832 732 3891 (Bud.
762 3833 806 3882 illi.
847 3847 894 3883 ml.

213 3900 339 3959 Acutum.)
354 3900 412 3948 Post
418 3897 732 3963 RhmmubmpBud.)
805 3899 954 3949 Conscientia
976 3898 1144 3961 conjurationis
1165 3898 1283 3962 conflatur

209 3967 332 4027 Motum
346 3962 566 4025 feutedtrepume
584 3961 732 4012 seddebebat
763 3962 810 4039 est]
841 3962 941 4013 Videtur
965 3963 1130 4010 matricuriam
1156 3960 1282 4026 lugerdam

208 4029 281 4080 etiam
310 4042 367 4076 mox
393 4029 530 4077 destrictum
553 4043 566 4076 e
590 4028 730 4076 mnsam
763 4027 872 4076 Acidalio
883 4029 918 4093 (et
929 4026 1139 4087 Heinsio).iiectc,
1153 4035 1180 4074 ut
1190 4026 1280 4090 opinor.

212 4092 285 4146 lint.
305 4122 308 4126 ·
455 4138 459 4147 .
763 4093 821 4140 Non
835 4091 898 4140 urim
914 4092 940 4140 in
956 4091 1003 4142 illis
1013 4099 1047 4139 est
1061 4090 1152 4156 proprie
1162 4090 1281 4140 consessio.

243 4160 301 4207 Solo
309 4158 418 4223 adstitit]
434 4157 499 4206 Bud·
510 4158 558 4206 2010
567 4157 653 4220 affluit.
764 4155 904 4206 Plufflcliu!
910 4158 1019 4216 ὁμολογῶν
1027 4154 1233 4214 κιιιωιδςγιγιιίιαι
1240 4157 1282 4207 τῆς

246 4224 331 4273 uenit
349 4219 439 4287 lucum]
462 4222 501 4272 Sic
514 4238 528 4271 e
541 4222 607 4271 rior.
618 4219 691 4270 edidit
704 4219 732 4270 J.
766 4223 915 4282 συνωμοσίαις
927 4219 991 4284 quod
1000 4217 1281 4268 vddefirmathmccor·

213 4285 286 4336 (hon.
307 4287 340 4337 Si
354 4288 441 4337 habent
450 4287 506 4336 MS.
516 4287 577 4352 Agr.
587 4285 623 4336 ed.
635 4301 672 4349 pr.
693 4285 733 4335 Sic
763 4287 895 4336 rectionun·
909 4285 983 4334 Ean.
1009 4284 1181 4333 Conscientiam
1198 4280 1281 4343 probat

209 4361 249 4400 eu
264 4351 335 4403 etiarn
351 4351 386 4402 Η.
402 4353 428 4411 2,
444 4354 485 4400 ts.
497 4360 522 4401 et
583 4352 678 4401 Sueton-
691 4351 732 4400 2⁰.
765 4359 789 4400 et
799 4351 861 4402 bell.
871 4365 913 4401 nec
923 4349 1004 4402 dubito
1014 4348 1121 4412 recipere.
1312 4347 1317 4360 “

212 4417 508 4482 Μαιτίιιιιιιιριιιιιιιιριιι
533 4417 565 4429 ''
591 4413 732 4480 naubips-
