3059 4975
213 279 272 342 170
555 319 557 324 .
592 270 895 333 HISTORIARUM
1105 276 1192 355 [1111.
1205 278 1275 341 893.

211 442 296 507 Mox
312 438 437 505 Caecina
449 438 532 503 inter
543 434 722 516 Hostiliam,
736 436 841 505 vicum
856 438 1080 505 veronensium
1098 454 1135 506 et·
1143 437 1272 530 paludes

210 526 338 591 Tartari
361 524 507 601 fluminis,
531 535 632 587 castra
691 523 838 599 rmuniit;
875 535 962 589 tutus
985 525 1064 606 loco,
1087 550 1159 591 cum
1186 544 1292 618 terga·

207 612 346 689 flumine,
361 610 459 675 latera
476 609 602 709 objectu
675 606 746 673 udis
765 622 779 674 t
835 623 959 676 rentur:
982 611 1070 709 quod
1084 612 1109 678 si
1123 613 1273 681 adfuisset

207 698 297 777 fides,
314 710 371 761 aut
388 695 521 783 opprimi
542 694 694 760 universis
714 632 949 761 Viteilinorum
968 698 1086 762 viribus
1105 697 1178 764 duee
1197 700 1273 788 legi-

207 806 292 863 ones,
306 781 447 847 nondum
462 782 630 870 conjuncto
645 779 777 845 Moesico
797 782 944 861 exercitu,
965 796 1104 870 potuere,
1120 801 1175 849 aut
1189 798 1272 851 retro

207 884 295 947 sctoe,
305 868 427 933 deserta
438 866 541 945 Italia,
553 880 677 954 turpem
688 866 797 953 fugam
809 868 1032 933 conscivissent.
1058 870 1119 933 Sed
1135 870 1269 951 Caecina,

206 954 377 1043 pervarias
392 974 504 1032 moras,
518 954 621 1039 prima
634 952 777 1016 hostibus
785 951 923 1039 prodidit
933 970 1074 1041 tempora
1086 954 1169 1033 belli,
1181 956 1270 1038 dum,

207 1062 287 1126 quos
308 1039 402 1104 armis
422 1038 536 1126 pellere
556 1053 738 1125 promptum
759 1052 835 1116 erat,
857 1038 993 1125 epistolis
1006 1041 1154 1127 increpat,
1173 1043 1271 1109 donec

206 1148 263 1213 per
277 1125 403 1189 nuntios
475 1139 508 1189 ta
520 1124 658 1211 perfidiae
673 1124 818 1187 firmaret.
858 1126 989 1189 Interim
1005 1126 1149 1213 Aponius
1165 1129 1271 1193 Satur.

206 1212 302 1277 ninus
321 1232 394 1275 cum
427 1210 536 1296 egione
557 1207 883 1295 septima.Claudiana
905 1210 1046 1275 advenit:
1070 1211 1184 1298 legioni
1200 1215 1272 1279 Tri-

206 1296 313 1367 buuus
326 1297 500 1383 Vipstanus
512 1293 659 1359 Messalla
669 1307 815 1380 praeerat,
827 1293 915 1359 claris
929 1296 1112 1374 meroribus,
1128 1320 1145 1360 e
1184 1300 1271 1385 egius

206 1381 283 1469 ipse,
298 1380 397 1466 etqui
411 1378 494 1443 solus
507 1380 549 1443 ad
562 1380 596 1444 id
611 1376 727 1445 bellum
741 1392 824 1444 artes
836 1380 933 1444 bonus
988 1380 1114 1445 tulisset.
1144 1320 1215 1446 llas
1229 1384 1271 1449 ad

206 1466 321 1553 copias,
397 1488 534 1563 unquam
548 1464 724 1531 Vitellianis
737 1488 827 1552 pares
849 1465 980 1553 (quippe
1000 1480 1062 1531 tres
1080 1466 1183 1531 adhuc
1196 1468 1272 1555 legi-

206 1574 281 1616 ones
301 1566 389 1615 erant
424 1551 507 1615 misit
527 1551 671 1637 epistolas
686 1550 821 1629 Caecina,
838 1552 1076 1617 “temeritatem
1092 1552 1272 1619 victuarma

208 1636 428 1701 tractantium”
447 1636 608 1701 incusans:
632 1636 724 1701 simul
744 1644 766 1675 “
781 1637 880 1701 virtus
901 1638 1079 1701 Germanici
1101 1639 1271 1703 exercitus”

207 1721 355 1787 laudibus
374 1721 600 1797 adtollebatur3
632 1721 748 1786 Vitellii
768 1722 889 1786 modice
910 1736 941 1785 et
959 1722 1084 1809 uulgari
1104 1724 1269 1806 mentione,

139 1835 143 1845 ¹
208 1807 295 1871 nulla
305 1808 337 1871 in
349 1807 572 1895 Vespasianum
582 1806 785 1873 contumelia:
802 1807 878 1870 nihil
889 1830 1026 1894 prorsus,
1038 1808 1125 1895 quod
1135 1824 1191 1873 aut
1199 1833 1271 1875 con-

208 1906 368 1979 rumperet
381 1894 510 1970 hostem,
524 1906 581 1959 aut
594 1908 731 1958 terreret.
769 1892 989 1958 Flavianarum
1003 1894 1140 1992 partium
1153 1896 1269 1976 Duces,

209 1979 322 2044 omissa
335 1978 595 2066 priorisfortunae
610 1976 798 2056 defensioue,
816 2002 875 2065 pro
889 1977 1081 2065 Vespasiano
1098 1980 1269 2067 magnifiee,

208 2088 267 2153 pro
281 2069 388 2129 caussa
401 2065 543 2143 fidenter,
557 2066 598 2128 de
612 2064 748 2128 exercitu
759 2063 869 2142 securi,
879 2063 911 2127 in
923 2064 1083 2129 Vitellium
1096 2079 1131 2129 ut
1145 2065 1269 2147 inimici,

208 2174 448 2239 praesumpsere:
472 2151 554 2215 facta
575 2149 727 2214 Tribunis
741 2149 1046 2237 Centurionibusque
1068 2158 1088 2188 “
1107 2152 1269 2232 retinendi,

208 2260 282 2386 qluae
300 2236 447 2301 Vitellius
468 2236 673 2312 indulsisset,''
695 2256 766 2320 spe:
789 2248 884 2321 atque
905 2234 1007 2321 ipsum
1032 2235 1186 2309 Caecinam
1207 2258 1270 2301 nou

209 2347 229 2387 o
252 2344 339 2386 saure
353 2321 395 2385 ad
410 2320 619 2385 transitionem
637 2320 852 2384 hortabantur.
889 2320 1040 2385 Recitatoe
1054 2344 1112 2407 pro
1126 2320 1270 2387 concione
1361 2342 1365 2352 ’

208 2404 346 2494 epistolae
374 2404 521 2470 addidere
548 2406 705 2486 fiduciam,
734 2405 819 2504 quod
848 2405 998 2471 submisse
1027 2405 1160 2486 Caecina,
1184 2406 1270 2472 velut

208 2492 364 2557 offendere
381 2492 608 2640 Veppesianum
631 2493 753 2571 timens,
775 2515 914 2592 rpsorum
937 2493 1042 2558 Duces
1058 2493 1271 2580 contemptim,

209 2593 370 2666 tamquam
383 2577 431 2640 ins
467 2591 566 2641 tantes
580 2577 720 2656 Vitellio,
735 2590 934 2663 scmpsrssent.

210 2758 214 2764 '
243 2747 724 2816 omrapermanse11nu1s010n.ex.
768 2748 868 2796 uomodo
884 2755 961 2797 ortum
977 2748 1016 2809 sit,
1032 2747 1122 2798 videtur
1135 2749 1171 2798 ed.
1186 2767 1222 2816 pr.
1234 2751 1271 2800 in-

209 2816 265 2865 cidit
275 2824 359 2864 castra
376 2815 447 2863 Ean.
752 2763 836 2872 dicare,
847 2813 872 2860 in
883 2828 930 2876 qua
940 2814 1024 2861 omissa
1033 2816 1103 2862 rerba
1113 2817 1189 2864 seueri
1200 2817 1226 2864 irs
1243 2819 1269 2864 V.

209 2881 213 2888 '
242 2877 725 2942 Primanossrsraprostdtulripsiusven.
753 2877 996 2940 utiaimmequitur
1012 2879 1270 2941 ueMoestcocelebrore,

208 2948 271 2996 distr
281 2946 389 2994 malebat
406 2941 537 3008 vulgatum
548 2957 637 2990 verum.
654 2942 725 2989 Com·
754 2949 781 2990 ut
791 2942 888 2990 verbum
902 2941 946 2988 boc
958 2956 999 2988 oon
1028 2941 1085 2990 sioni
1099 2941 1178 2991 deberi
1194 2945 1271 2994 videa-

209 3010 273 3058 misit
292 3009 392 3068 cecina,
411 3017 439 3057 ut
457 3009 533 3072 prima
549 3016 653 3070 tempora
670 3006 726 3054 belli
754 3013 800 3063 tur,
820 3021 873 3068 quae
894 3005 932 3052 hic
950 3019 1030 3054 omnes
1047 3006 1117 3056 libros
1135 3007 1226 3068 invasit,
1244 3018 1270 3056 ut

208 3075 357 3140 preterimus„
369 3073 466 3120 uullare
476 3081 573 3131 tentata,
583 3070 728 3134 quodhosti-
754 3069 863 3116 vidimus.
880 3069 950 3117 Eun.
979 3070 1085 3118 Restituo
1103 3085 1158 3119 oum
1168 3072 1224 3137 Bip.
1236 3072 1271 3122 le·

209 3142 253 3189 bus
263 3139 321 3187 utile
331 3139 382 3186 fuit
399 3138 470 3184 Ean.
754 3133 853 3180 dionem
864 3133 976 3181 codicum.
999 3134 1113 3194 Quamvis
1123 3150 1197 3200 nuper
1207 3137 1269 3199 victi,

246 3206 372 3265 Vipsanius
382 3203 502 3265 Messala]
514 3202 558 3250 Est
568 3199 610 3246 iste
621 3199 677 3262 ipse,
687 3199 725 3246 cui
752 3197 803 3262 jsrm
815 3206 879 3245 erant
886 3199 967 3246 securi.

207 3263 725 3394 interresset-trust
789 3261 1269 3374 ¹
1329 3331 1332 3337 ι

208 3397 323 3445 Anticum
335 3395 417 3442 Tacito
424 3393 504 3453 sitisse,
516 3394 546 3441 e'x
557 3393 636 3456 elogiis
646 3392 682 3440 his
690 3407 726 3439 aa-
755 3390 882 3450 nemnem,
893 3399 1016 3454 antequam
1027 3389 1055 3438 de
1068 3393 1131 3438 exitu
1146 3392 1201 3440 belli
1215 3408 1270 3441 con.

208 3462 238 3509 tis
248 3469 344 3509 constat.
361 3460 436 3507 Irrrs.
462 3457 542 3505 Immo
556 3460 683 3520 Vipstanus
691 3456 725 3504 le-
754 3461 831 3514 staret,
848 3457 914 3516 cujus
929 3455 1013 3502 scilicet
1026 3464 1090 3503 eraut
1100 3456 1179 3504 securi.
1214 3457 1270 3505 Non

208 3526 320 3588 gendum,
332 3533 359 3572 nt
369 3523 444 3573 voluit
454 3523 493 3571 Ru
580 3531 628 3584 (ep.
639 3519 693 3583 48.)
702 3528 727 3569 et
755 3517 817 3565 enim
827 3533 968 3582 presumere
983 3529 1017 3566 est
1029 3519 1160 3584 simpliciter
1171 3520 1270 3582 opinari,

206 3592 257 3651 jam
273 3590 363 3637 edidere
377 3589 424 3648 bic,
441 3596 469 3636 ut
481 3532 678 3650 abffityckim,
698 3585 724 3632 J.
754 3591 783 3629 ut
792 3591 859 3645 putat
870 3581 982 3658 liyckius,
994 3583 1114 3658 ⁸⁰d.h⁸b⁹.‘
1124 3584 1270 3648 significatio-

208 3655 313 3702 Grumet
320 3653 353 3700 sic
360 3653 406 3700 fuit
413 3654 437 3700 in
446 3652 526 3701 (luell.
533 3666 547 3698 a
555 3652 723 3716 primamauur
754 3655 809 3694 nem
820 3647 917 3708 fiducue,
929 3655 1064 3710 arrogantie
1074 3647 1148 3696 aheno
1159 3659 1269 3714 tempore,

209 3731 253 3767 sec.
270 3717 324 3765 fecit
340 3719 467 3778 thmnaa
483 3724 511 3764 ut
528 3715 603 3779 (Bud.
619 3712 653 3775 et)
670 3721 725 3762 vett.
755 3711 803 3759 sive
813 3719 866 3759 ante
881 3719 978 3775 tempus
1011 3711 1050 3760 Sic
1063 3727 1100 3775 ap.
1114 3711 1215 3772 Quintil.
1230 3715 1269 3775 ll,

207 3782 261 3830 edd.
272 3780 365 3841 habent,
375 3790 459 3844 prater
468 3782 575 3846 primam,
591 3780 616 3826 iu
630 3793 678 3841 qus
691 3785 725 3825 ert
757 3774 780 3835 l,
792 3776 832 3830 27.
838 3790 981 3838 presumere
988 3781 1071 3838 partes
1075 3777 1167 3841 judicis
1178 3789 1220 3838 est,
1233 3795 1271 3826 ar.

213 3847 349 3910 Vipsanius,
357 3856 385 3893 ut
395 3845 420 3894 in
431 3844 571 3909 edd'laipsii
584 3859 634 3907 sqq.
651 3843 723 3890 Eure.
754 3847 835 3902 rogare
845 3839 945 3898 tibihoc,
956 3849 984 3886 ut
987 3839 1077 3902 judices
1084 3841 1113 3889 de
1120 3857 1201 3890 caussa
1208 3852 1269 3902 ante,

208 3909 271 3959 Vide
282 3909 343 3958 dieta
353 3911 383 3958 ad
393 3912 426 3958 A.
440 3912 479 3968 lt,
492 3910 513 3956 l.
754 3919 826 3966 quam
834 3903 923 3965 judices
934 3905 1069 3952 senteutiam
1081 3905 1196 3954 dixerint:
1214 3907 1270 3954 item

244 3977 422 4039 remaneam]
445 3974 514 4024 Acid.
532 3972 623 4022 volebat
647 3978 724 4021 retra-
753 3968 779 4014 iu
798 3967 849 4015 aliis
868 3969 930 4018 locis·
964 3969 1061 4017 Frustra
1076 3970 1180 4018 Freinsh.
1198 3977 1271 4018 tentat

208 4042 331 4090 cuasam
755 4035 900 4094 ποιεύμενα.
928 4031 990 4080 Mox
1002 4035 1225 4096 Centurionibusque
1236 4041 1270 4081 et-

241 4106 448 4168 Deexitusecari]
460 4101 723 4167 Manuseriptideeeer-
755 4096 803 4143 lam
815 4097 893 4146 (druell.
905 4098 983 4161 ed.pr.
993 4106 1020 4146 ut
1027 4097 1089 4147 Flor.
1098 4095 1180 4161 (Agr.)
1197 4098 1269 4146 Enu-
1296 4095 1299 4100 ’

207 4173 265 4220 etta.
298 4169 369 4228 Quod
380 4168 449 4228 edidi,
461 4167 536 4230 magis
548 4168 630 4229 placet.
647 4164 722 4212 Iura.
755 4160 818 4208 Bud.
831 4160 868 4209 ed.
879 4162 934 4210 Put.
945 4163 998 4210 Alc.
1004 4163 1074 4226 sacto
1084 4177 1099 4208 a
1114 4164 1178 4210 retu.
1204 4163 1270 4210 Illud

207 4233 288 4284 Etiam
299 4234 362 4281 Flos.
375 4229 462 4296 (Buri)
472 4232 533 4293 Agr.
545 4230 624 4278 (lueis.
634 4237 658 4276 et
670 4227 723 4276 edd
755 4241 770 4273 a
785 4228 843 4276 bene
858 4227 951 4274 ausmlit
966 4227 1043 4274 Rheu.
1075 4225 1160 4274 Paullo
1175 4236 1228 4275 aute
1243 4229 1270 4275 in

208 4308 263 4347 vett.
274 4297 389 4362 usquead
400 4296 516 4360 la'psium.
544 4295 615 4342 Unde
621 4292 725 4340 defendit
760 4291 882 4338 Vitellians
889 4289 1045 4340 PicbeFlor.
1053 4290 1133 4356 Vulgo
1140 4291 1271 4358 praepositio

127 4363 137 4372 ”
208 4363 322 4426 llyckius,
331 4358 723 4426 paratquerapieiadvtceoomro.
755 4355 827 4404 deest.
856 4354 918 4404 Bud
930 4363 958 4404 ut
973 4356 1019 4404 Vra
1030 4354 1098 4406 1111111.

210 4426 358 4476 Mihi-arna
377 4439 458 4476 rerum
477 4424 575 4474 viduus.
607 4423 724 4472 exercita
