3059 4975
280 276 439 362 narn]
607 271 1060 346 1.1.n.’1.v.,cAP·.aa,sa.
1130 314 1134 320 ·
1276 278 1346 339 317.

280 439 359 514 turn‘,
379 449 528 525 regnante
542 435 723 514 Ptolemaeo,
743 435 946 521 quemtertia
960 449 1035 502 aetas
1048 434 1123 502 tulit
1131 438 1159 502 θ’
1180 437 1233 502 alii
1248 445 1270 478 “
1283 461 1339 504 aua

279 523 398 588 ctorem
411 523 543 588 eundem
557 521 774 599 Ptolemaeum,
793 521 907 602 sedem,
919 544 958 586 ex
976 546 1040 621 qua
1054 521 1218 602 transierit,
1234 526 1346 589 Mem-,

279 609 389 694 phim”
400 609 575 708 perhibent,
594 607 742 694 inclytam
758 606 833 670 olim
853 619 885 672 et
903 621 1015 672 veteru
1029 609 1165 694 AEgypti
1186 605 1337 674 columen.

280 695 387 758 Deum
399 717 502 782 ipsum
516 692 608 757 multi
624 700 644 730 “
654 690 885 778 AEsculapium,
895 693 982 778 qnod
996 693 1259 780 medeatur-aegris
1272 717 1340 759 ocr-

280 780 408 865 poribus
418 781 445 858 3³⁹
467 777 596 876 quidam
612 784 633 816 “
645 775 761 853 Osirin,
776 777 1033 863 antiquissimum.
1039 778 1100 842 illis
1113 780 1259 865 gentibus
1269 783 1340 845 Nu·
1417 782 1421 803 ⁸

280 887 350 928 men
361 866 390 939 ;''
411 863 551 951 plerique
567 871 587 902 ‘⁴
596 865 619 926 J
621 883 721 939 ovem,
730 875 768 924 ut
780 884 886 926 rerum
900 863 1038 926 omnium
1050 875 1209 950 potentem
1218 867 1247 940 3³⁸
1268 866 1347 952 plu-.

280 948 351 1014 rimi
366 957 386 989 “
395 951 649 1035 Ditempatrem,
664 945 847 1033 insignibus,
861 971 934 1035 quae
947 947 1062 1034 inipso
1080 949 1271 1030 manufesta,”
1282 965 1341 1017 aut
1354 1030 1358 1038 Ι

280 1057 337 1123 per
350 1037 496 1122 ambages
509 1035 693 1121 conjectant.
754 1111 759 1116 ..
1176 1115 1181 1118 .
1308 1037 1314 1096 j
1344 1061 1347 1067 ·

324 1122 507 1186 LXXXV.
529 1123 578 1184 At
592 1118 793 1184 Domitianus
812 1119 1054 1208 Mucianusque,
1067 1129 1234 1209 antequam
1248 1121 1341 1208 Alpi-

280 1207 342 1271 bus
362 1206 619 1304 propinquarent,
642 1228 807 1293 prosperos
829 1228 935 1269 rerum
956 1205 990 1269 in
1013 1206 1160 1272 Treveris
1183 1218 1341 1292 gestarum

281 1303 405 1356 nuntios
419 1314 572 1379 accepere.
608 1293 773 1392 Praecipua
786 1291 923 1356 victoriae
935 1291 1022 1370 fides,
1038 1293 1117 1356 Dux
1130 1292 1267 1356 hostium
1281 1293 1342 1355 Va-

235 1387 245 1401 ‘
281 1376 426 1455 lentinus,
447 1399 646 1464 nequaquam
668 1376 788 1474 abjecto
808 1377 921 1455 animo,
942 1401 1023 1463 quos
1043 1377 1169 1464 spiritus
1189 1377 1341 1464 gessisset,

282 1462 374 1527 vultu
387 1460 514 1527 ferebat.
551 1461 693 1526 Auditus
706 1461 777 1526 rdeo
794 1474 928 1540 tantum,
942 1474 980 1526 ut
992 1474 1170 1527 nosceretur
1183 1462 1342 1548 ingenium

284 1549 364 1634 ojus,
379 1547 616 1648 damnatusque,
631 1546 711 1610 inter
731 1545 833 1662 ipsum
849 1546 1046 1634 supplicium,
1066 1547 1267 1634 exprobranti
1279 1546 1345 1612 cui-

284 1633 357 1698 dam
369 1633 528 1720 “patriam
539 1656 607 1720 ejus
617 1643 749 1719 captam,
760 1635 769 1662 '
780 1633 944 1718 “accipere
955 1656 987 1696 se
997 1632 1140 1696 solatium
1151 1633 1287 1712 mortis,”
1296 1655 1346 1697 re·

285 1719 418 1808 spondit.
450 1719 514 1784 sed
526 1718 705 1798 Mucianus,
720 1718 808 1816 quod
821 1717 877 1781 diu
891 1717 1109 1796 occultaverat,
1124 1731 1161 1782 ut
1174 1740 1279 1782 recens
1292 1742 1345 1782 ex·

308 1805 456 1890 rompsit:
474 1804 661 1882 “Quoniam
675 1803 983 1890 benignitateDeum
994 1805 1101 1868 fractae
1114 1804 1196 1866 vires
1208 1803 1353 1867 hostium.

284 1829 396 1967 iurent,
405 1911 517 1988 parum
526 1890 634 1954 decore
642 1889 872 1966 Domitianum,
882 1890 1022 1953 conlecto
1029 1912 1126 1976 prope
1134 1887 1227 1967 bello,
1238 1887 1354 1952 alienae·

285 1975 392 2074 gloriae
406 1977 661 2039 mterventurum.
699 1974 733 2038 Si
748 1987 847 2038 status
861 1975 991 2060 Imperii
1004 1989 1060 2038 aut
1074 1973 1156 2037 salus
1171 1973 1347 2038 Galliarum

286 2085 318 2130 m
330 2060 503 2126 discrimine
514 2074 694 2137 verteretur,
701 2060 844 2124 debuisse
856 2061 1010 2124 Caesarem
1021 2060 1053 2124 in
1067 2059 1132 2122 acie
1140 2072 1238 2123 stare:
1255 2059 1346 2124 Cani.

287 2147 405 2210 nefates
420 2148 616 2232 Batavosque
630 2144 803 2208 minoribus
817 2143 961 2208 Ducibus
971 2144 1167 2230 delegandos.
1190 2144 1262 2230 Ipse
1277 2145 1354 2209 Lu·-

287 2231 387 2319 gduni
401 2231 464 2295 vim
479 2233 699 2318 fortunamque
710 2229 908 2317 Principatus
919 2232 1085 2317 eproximo
1099 2241 1276 2310 ostentaret,
1291 2252 1347 2294 nec

288 2317 392 2404 parvis
406 2317 550 2404 periculis
564 2315 726 2394 inmixtus,
740 2327 772 2380 et
784 2316 956 2402 majoribus
968 2339 1032 2381 non
1046 2315 1241 2381 defuturus.''
1366 2310 1370 2319 ¹

331 2401 541 2468 LXXXVI.
563 2401 819 2490 Intelligebantur
831 2415 912 2466 artes
922 2427 930 2467 ε
953 2402 1007 2466 sed
1017 2423 1090 2490 pars
1102 2402 1144 2466 ob
1199 2399 1243 2465 uii
1256 2399 1289 2463 in
1298 2424 1358 2482 eo,-

289 2511 329 2553 ne
352 2486 673 2575 deprehenderentur:
700 2486 744 2551 ita
767 2486 965 2573 Lugdunum
985 2501 1123 2553 ventum.
1203 2485 1264 2551 nde
1285 2510 1349 2551 cre-

289 2574 376 2640 ditur
390 2573 589 2639 Domitianus
604 2570 731 2638 occultis
744 2572 786 2636 ad
802 2572 954 2637 Cerialem
967 2573 1085 2639 nuntiis
1098 2572 1192 2637 fidem
1205 2571 1274 2660 ejus
1285 2585 1350 2637 ten·
1373 2643 1376 2645 ,

289 2660 411 2737 tavisse,
427 2666 498 2743 “an
512 2658 657 2747 praesenti
671 2657 728 2723 sibi
743 2657 913 2722 exercitum
928 2660 1164 2748 Imperiumque
1178 2658 1351 2723 traditurus

289 2746 370 2809 soret
383 2747 409 2810 θ’
431 2767 495 2831 qua
505 2744 689 2831 cogitatione
697 2743 815 2807 bellum
825 2743 974 2808 adversus
986 2760 1107 2833 patrem
1121 2743 1294 2831 agitaverit,
1308 2766 1350 2808 au

291 2932 359 2981 qaum
367 2932 396 2963 eor
403 2916 563 2979 Hyperboreis
569 2914 758 2978 Delphosferuat
764 2917 806 2963 ad·
866 2918 898 2965 Ia
908 2918 1045 2965 discrimine
1056 2920 1199 2982 verteretur]
1221 2921 1254 2966 In
1265 2918 1351 2965 uaert-
1378 2971 1380 2974 ⁸

292 2984 387 3029 venisse·
407 2980 478 3030 ovid.
492 2982 555 3029 Fast-
571 2982 596 3038 4,
607 2982 663 3035 247.
678 2978 706 3028 de
721 2979 809 3027 Rheae,
834 2982 899 3029 minc
914 2980 989 3028 MSS.
1008 2982 1071 3029 Flor.
1091 2981 1178 3041 (Bud.)
1192 2982 1272 3030 Guelt'.
1288 2982 1358 3045 Agr.¹

275 3038 608 3108 'competitoremrttribid
622 3044 807 3104 nauantem
840 3045 893 3093 edd.
910 3060 947 3107 pr.
963 3045 1041 3093 Rhen.
1058 3060 1122 3109 seqq.
1137 3053 1192 3093 ante
1207 3046 1350 3094 Pichenams

288 3113 416 3173 posteritas
424 3112 528 3172 prqrpim
543 3110 647 3159 servavit
660 3110 686 3155 ia
699 3124 754 3166 oere,
767 3110 807 3155 bo·
834 3109 898 3158 unde
912 3110 1009 3159 restitui.
1042 3109 1202 3157 Puto'dictum
1213 3124 1255 3171 pro
1265 3111 1292 3157 in
1303 3112 1357 3163 dis·¹

292 3176 497 3237 sptts'asadmntum
505 3176 625 3235 testificata
633 3174 689 3220 net.
705 3172 807 3221 Undect
835 3176 935 3222 abulae
946 3181 1100 3223 uersaretur:
1116 3188 1164 3221 nou
1174 3174 1207 3223 aie
1216 3174 1350 3236 legendum,

293 3240 350 3287 tales
365 3234 407 3287 Dii
422 3240 517 3286 advena
532 3238 646 3285 dicuntur.
680 3237 765 3285 Noster
781 3237 810 3286 in
837 3246 864 3285 ut
879 3239 999 3288 Broterius
1010 3239 1103 3303 soeepit.
1127 3238 1180 3285 Jac·
1195 3247 1274 3288 tamen
1290 3239 1359 3290 uro.

250 3310 257 3324 '
294 3304 374 3352 Germ.
387 3304 438 3352 o2.
462 3302 807 3362 Germanosindigcnascrrdi·
837 3303 920 3351 norim
935 3304 1025 3365 accipit,
1038 3311 1066 3352 ut
1080 3304 1156 3359 ΗΒ.
1190 3304 1236 3351 stu
1247 3306 1353 3351 neate

293 3369 377 3427 desim,
389 3368 530 3429 minimeque
541 3366 808 3427 attaramgenttamad.
835 3369 925 3415 sanitas
940 3374 982 3415 etc.
1002 3370 1029 3415 in
1044 3369 1118 3416 staua
1135 3372 1272 3419 venaretur.
1289 3368 1353 3415 Eud.

294 3434 400 3481 ventibus
411 3440 432 3481 et
443 3432 551 3494 hospitiis
562 3433 655 3485 mistos.
675 3428 720 3477 Sed
730 3439 808 3479 tamen
838 3431 930 3480 Puteal.
944 3432 999 3479 Ber.
1010 3432 1065 3480 Alc.
1077 3431 1145 3481 Pion.
1155 3446 1220 3495 seqq.
1230 3433 1257 3479 ia
1267 3433 1360 3487 ᾱίωνίι,

292 3498 354 3546 idern
372 3512 393 3545 c.
407 3498 430 3545 9.
450 3498 570 3545 advertam
588 3494 725 3556 religiosum
742 3494 809 3542 dixit.
838 3510 900 3543 msa
915 3496 989 3545 Eun.
1269 3528 1272 3532 ›

294 3562 374 3621 Quare
385 3562 404 3610 si
414 3569 521 3610 notatum
531 3559 671 3623 reperissem,
683 3560 809 3606 adventum
873 3561 925 3616 Quo
943 3562 1083 3623 cogitaremus
1098 3560 1194 3623 bellum]
1217 3558 1355 3624 spernimus

294 3642 342 3676 ease
357 3626 381 3673 iu
399 3626 500 3675 Floreat.
518 3624 542 3672 id
559 3623 724 3672 restituissem:
746 3634 810 3671 nuno
837 3632 992 3688 utmorem,
1003 3627 1108 3687 cogitare
1118 3626 1265 3686 argentm
1282 3625 1354 3674 Rom.

294 3690 396 3754 suspicor
406 3692 528 3739 advenum
537 3689 571 3737 ibi
581 3704 636 3737 esse.
668 3688 812 3751 Itaque-sa·
838 3689 889 3737 aod.
898 3705 944 3751 qua
954 3692 1090 3752 masagam
1096 3706 1106 3747 ‚·
1119 3704 1149 3737 ex
1159 3704 1266 3753 quoverc
1276 3701 1356 3738 emen.

295 3754 357 3802 vari.
372 3756 444 3803 Ean.
476 3755 543 3803 Brot.
560 3762 583 3802 et
595 3753 654 3817 Bip.
671 3752 754 3800 iterum
770 3750 812 3799 de-
840 3753 1027 3814 damianae.
1046 3753 1149 3814 Geumi
1160 3755 1303 3803 velutoonto
1313 3770 1355 3803 ex.

295 3817 349 3867 dere
359 3820 466 3866 adveatu.
839 3818 941 3882 plorare:
953 3818 1073 3883 etpropric
1080 3818 1267 3867 nostsrhicusus.
1278 3818 1354 3867 Iura.

329 3884 470 3947 Ptolemaeo]
489 3882 533 3931 Est
549 3882 577 3943 is,
590 3882 631 3946 qui
640 3881 756 3945 Euergetas
772 3896 811 3930 co-
842 3885 983 3945 craugiae
993 3885 1133 3945 agitaverit
1146 3883 1216 3931 etiam
1227 3883 1284 3932 MS·
1292 3883 1360 3945 Agr.

295 3946 506 4011 gnominedicitur.
538 3947 694 4015 Moxcopula
708 3952 812 3995 atoma
840 3946 1361 4019 (anag.1au.)quonpraeterendampnaa
1386 4009 1389 4014 ⁴

296 4012 360 4060 Flor.
383 4027 398 4060 a
420 4010 522 4059 Picheria
542 4011 627 4069 addita,
645 4019 679 4060 est
697 4012 766 4059 etiam
785 4010 810 4057 iu
839 4012 1036 4074 vulgatarel'lor.
1047 4012 1144 4061 lectione
1154 4012 1267 4075 Ryckius.
1298 4011 1354 4058 Uti-

297 4076 376 4124 Guelf.
391 4078 424 4127 (et
434 4075 511 4133 Bud.)
521 4074 571 4123 edd.
583 4082 637 4124 vett.
669 4074 765 4131 Excidit
775 4082 810 4122 te·
838 4090 893 4123 nam
904 4076 1008 4136 dixisoet,
1019 4077 1072 4141 quis
1085 4077 1124 4125 ille
1139 4076 1220 4123 melior
1230 4088 1309 4122 sensus
1318 4074 1354 4122 fo-

296 4154 359 4188 mere
372 4141 396 4188 in
410 4139 446 4188 ed.
462 4139 540 4187 Rhen.
557 4138 663 4201 secunda,
680 4140 742 4188 unde
758 4147 782 4187 et
797 4153 812 4186 a
838 4149 882 4201 ret,
893 4130 934 4203 qui
944 4156 974 4189 ex
984 4141 1028 4190 hac
1039 4141 1135 4190 loetione
1145 4139 1257 4186 existeret.
1289 4139 1355 4201 Agi-

297 4204 377 4267 Lipsio
389 4204 498 4267 neglecta.
517 4204 589 4253 Eleu.
840 4206 935 4265 ἰαυενίί,
952 4206 1044 4269 quode
1060 4207 1123 4253 Flos.
1142 4202 1227 4265 recepit
1242 4202 1352 4264 Pichena,

267 4270 269 4279 ’
332 4268 420 4323 Osirin,
432 4270 567 4334 antiquiss]
584 4268 652 4317 Male
661 4268 685 4316 in
696 4268 754 4317 Em.
765 4266 812 4315 ada
840 4271 921 4333 probo,
931 4269 1002 4334 idque
1012 4272 1109 4318 verbum
1119 4275 1143 4315 ct
1155 4266 1211 4313 alibi
1221 4266 1318 4315 Tacitus
1328 4268 1354 4317 in

297 4332 381 4395 legitur
391 4339 433 4380 aut
443 4335 566 4395 antiquiss.
841 4333 884 4381 tali
898 4350 924 4381 re
940 4340 1043 4397 usurpat.
1083 4330 1129 4381 Sed
1145 4339 1222 4379 umen
1238 4330 1315 4380 adhuc
1329 4332 1356 4381 in

335 4398 480 4452 Valentinus,
492 4397 649 4461 nequaquam]
657 4396 712 4461 Bip.
728 4398 812 4447 Vulca-
842 4399 982 4458 cogitetione
991 4397 1081 4444 harcos
1098 4410 1141 4443 nec
1151 4396 1303 4454 aarum,
1314 4406 1357 4445 aut

299 4462 369 4510 stam.
403 4464 432 4509 Is
442 4476 593 4527 nequaquam.
842 4460 936 4511 omrai
946 4458 1208 4522 rogitatloaesstisfacit
1227 4459 1357 4511 nomem-
