3059 4975
238 261 296 320 aas
623 257 926 321 ursronmnunr
1137 261 1310 340 [ruem.

237 425 297 486 iter
319 423 445 501 emensi,
467 421 608 508 septimo,
656 423 730 488 ulsis
754 423 937 503 cultoribus,
959 421 1123 487 obtinuere
1144 436 1253 502 terras,
1275 424 1307 488 iu

239 509 310 594 quis
325 510 401 574 urbs
414 521 446 572 et
460 506 612 594 templum
626 445 735 574 (licam

292 596 348 660 1v.
373 596 489 671 Moses
509 593 651 679 quesibi
672 595 704 658 in
726 607 885 681 posterum
906 610 1032 682 gentem
1050 596 1198 673 firmaret,
1213 619 1311 660 novos

238 681 318 744 ritus
339 680 570 764 contrariosque
584 680 693 744 ceteris
714 681 897 746 mortalibus
919 680 1041 745 indidit.
1087 682 1225 746 Profana
1245 681 1307 746 illic

239 766 351 842 omnia,
377 789 449 850 quae
474 764 560 850 apud
583 787 639 828 nos
665 788 768 830 sacra:
799 789 927 831 rursum
952 789 1095 832 concessa
1117 768 1204 852 apud
1228 767 1307 841 illos,

239 875 313 938 quae
329 851 419 916 nobis
438 851 562 914 incesta.
608 850 757 938 Effigiem
778 852 929 931 animalis,
945 876 1010 938 quo
1023 865 1212 918 monstrante
1225 875 1309 916 erro-

239 960 305 1000 rem
331 937 476 1023 sitimque
497 934 692 1021 depulerant,
715 937 866 1024 penetrali
893 961 1068 1011 sacravere;
1099 961 1180 1012 caeso
1199 939 1306 1016 ariete,

239 1021 325 1086 velut
350 1022 381 1086 in
407 1020 625 1086 contumeliam
646 1024 843 1088 Hammonis.
888 1025 953 1088 Bos
976 1047 1105 1111 quoque
1128 1024 1306 1101 inmolatur,

238 1131 332 1194 quern
347 1107 494 1194 AEgyptii
510 1107 596 1194 Apin
612 1108 726 1174 colunt.
773 1110 838 1174 Sue
852 1110 1017 1188 abstinent,
1038 1110 1187 1174 memoria
1199 1109 1309 1188 cladis

237 1217 304 1280 ¹qun
331 1193 414 1280 ipsos
440 1193 555 1258 scabies
579 1194 740 1291 quondam
763 1207 797 1259 tu
858 1209 955 1272 verat,
978 1196 1030 1260 cui
1055 1195 1090 1258 id
1113 1195 1229 1259 animal
1252 1196 1308 1260 oh-

238 1280 378 1343 noxium.
402 1281 545 1366 Longam
557 1278 630 1342 olim
643 1280 758 1344 famem
771 1219 886 1344 eriliiis
898 1280 1137 1368 adhncjejuniis
1150 1283 1306 1345 fatentur:

239 1377 270 1429 et
286 1378 445 1450 raptarum
465 1367 593 1448 lingum
613 1381 834 1452 argumentum
857 1367 946 1453 panis
961 1369 983 1429 J
987 1367 1125 1445 udaicus,
1146 1366 1233 1429 nullo
1248 1367 1308 1430 fer-

239 1467 357 1528 mento,
386 1449 506 1512 retinet.
557 1457 578 1486 “
603 1453 742 1537 Septimo
768 1452 820 1515 die
844 1453 944 1516 otium
975 1451 1154 1539 placuisse‚''
1180 1452 1309 1516 ferunt:

241 1542 262 1574 ‘⁶
277 1535 351 1622 qnia
366 1534 391 1597 is
404 1536 498 1598 linem
517 1535 660 1600 laborum
681 1537 805 1601 tulerit:
828 1538 911 1616 dein,
928 1538 1106 1602 blandiente
1126 1538 1245 1615 inertia,
1261 1561 1306 1601 se-

239 1622 372 1708 ptimum
396 1643 522 1706 qnoque
544 1643 661 1684 annum
687 1623 818 1708 ignaviae
837 1624 977 1687 datum.”
1021 1622 1096 1700 Alii,
1121 1630 1142 1661 “
1157 1623 1306 1686 honorem

240 1730 313 1770 eum
344 1709 478 1770 Saturno
506 1706 631 1769 haberi:
666 1730 719 1770 seu
773 1709 901 1795 rincipia
928 1707 1084 1794 religionis
1113 1708 1309 1773 tradentibus

242 1791 344 1870 Idaeis,
360 1816 439 1878 quos
459 1815 531 1855 cum
553 1795 688 1856 Saturno
707 1731 814 1880 pulsos
835 1807 867 1858 et
879 1794 1053 1859 conditores
1074 1794 1175 1880 gentis
1192 1795 1311 1881 accepi-

244 2048 300 2096 Put.
311 2051 366 2098 Ber.
380 2051 476 2116 aliisque
487 2061 542 2100 vett.
555 2067 601 2099 non
616 2066 716 2110 comma,
733 2059 760 2100 ut
787 2067 833 2100 nus
844 2051 942 2100 ducibus
956 2051 1026 2098 asinis
1037 2059 1060 2098 et
1070 2051 1100 2097 ab
1111 2063 1186 2097 errore
1196 2055 1219 2095 et
1229 2049 1259 2094 ab
1270 2046 1310 2095 siti

242 2114 267 2160 in
280 2116 450 2176 recentioribus,
462 2117 684 2180 intelligendumque
693 2119 758 2178 fuit,
789 2117 880 2164 liberati
891 2117 1003 2163 dicontur.
1020 2115 1092 2161 Ean.
1116 2114 1168 2170 Est,
1180 2112 1222 2177 qui
1231 2127 1308 2172 ugro-

242 2179 306 2242 quod
318 2179 373 2227 alibi
388 2181 412 2227 in
429 2182 472 2228 hac
483 2181 558 2228 sonna
569 2181 676 2228 narrandi
686 2181 760 2230 addit.
792 2195 841 2228 rcm
853 2182 916 2238 velit,
928 2190 985 2228 teste
995 2178 1110 2226 Acidalio.

242 2243 330 2306 Incipit
337 2245 399 2291 enirn
406 2245 489 2294 deinde
497 2262 556 2294 nova
562 2245 680 2292 sententia.
698 2245 759 2292 Mox
826 2248 891 2294 Cure
901 2248 975 2291 oriere
985 2244 1040 2304 etc]
1058 2244 1095 2290 De
1104 2239 1311 2290 hiscommentitiis

242 2309 268 2354 ia
280 2311 331 2368 quir
343 2309 397 2358 MS.
410 2310 472 2358 Flcr.
484 2311 520 2358 ed.
531 2326 566 2372 pr.
599 2309 690 2358 Eadem
707 2319 760 2372 post
790 2310 878 2356 rituum
900 2309 986 2356 caussis
1013 2308 1156 2372 disputavere
1177 2305 1309 2354 Bochartus

242 2373 420 2421 dedicatarum.
454 2375 499 2423 Sed
515 2381 570 2421 rarat
585 2376 648 2422 abest
663 2374 761 2422 alllSS.
792 2390 860 2438 opere
877 2374 972 2422 laudato
987 2375 1009 2431 l,
1027 2376 1051 2432 2,
1070 2374 1109 2418 50.
1125 2381 1148 2418 et
1164 2370 1211 2417 alii.
1243 2369 1309 2417 Illud

241 2435 305 2484 Flor.
313 2445 336 2484 et
342 2439 402 2501 Agr.
411 2439 473 2503 quod
482 2439 607 2503 degendae
618 2448 658 2486 est.
677 2439 761 2502 Itaque
792 2440 897 2487 universe
911 2437 1055 2486 monendum
1066 2437 1164 2493 videtur,
1175 2435 1219 2484 hoc
1229 2449 1309 2481 exem·

244 2501 325 2549 delevi.
353 2504 425 2553 Ena.
458 2504 761 2565 Budtaqutbur-dtroto
792 2505 833 2566 plo
848 2515 934 2566 patere,
947 2520 1004 2567 quas
1020 2503 1118 2566 ineptias
1132 2500 1309 2565 proferentum

242 2572 305 2611 aunt.
332 2567 401 2614 Prius
412 2568 481 2623 male,
493 2570 633 2615 continuere.
792 2568 880 2614 rituum
891 2568 1037 2629 aliarumque
1052 2568 1134 2613 talium
1151 2581 1235 2623 rerum,
1247 2565 1309 2612 arbi·

283 2630 489 2695 Ritus—indutis]
513 2632 636 2691 Imposuit,
659 2630 760 2691 praescri·
791 2631 835 2677 trio
846 2630 977 2677 sivedivino
988 2630 1035 2675 sive
1046 2630 1149 2676 humano
1160 2629 1309 2689 sauciarum,

242 2694 297 2756 psit.
329 2694 367 2741 Sic
384 2704 407 2741 et
423 2694 478 2741 alibi
495 2694 524 2741 de
541 2694 631 2755 legibus
648 2693 760 2756 loquitur.
791 2709 884 2741 caussas
894 2693 987 2756 ingenio
995 2693 1093 2755 reperire
1101 2702 1213 2740 conantur
1223 2694 1308 2755 potius,

243 2758 307 2805 Mox
323 2758 408 2807 frustra
418 2758 539 2806 Acidalius
555 2774 597 2821 pro
611 2760 660 2804 illie
670 2758 761 2805 volebat
791 2774 887 2821 quasue
903 2758 1059 2806 monumentis
1073 2757 1179 2820 genuinis
1190 2766 1212 2804 et
1223 2756 1309 2805 idoneis

243 2824 299 2870 illic.
328 2824 392 2870 Nam
404 2826 453 2869 illic
463 2839 505 2886 pro
515 2824 578 2885 apud
590 2825 640 2869 illos
652 2822 710 2869 dixit
721 2838 761 2869 va·
792 2839 878 2871 eruere.
893 2823 930 2871 Ea
941 2823 982 2869 ubi
992 2821 1083 2880 desunt,
1095 2822 1153 2868 nihil
1164 2821 1308 2882 tentandum,

242 2886 545 2936 riandaeorationiscaussa.
571 2887 608 2935 Sic
618 2886 698 2950 paullo
708 2894 761 2934 ante
792 2888 919 2935 sidelirare
929 2888 995 2934 nolis.
1028 2889 1109 2952 Atque
1119 2886 1143 2933 id
1156 2885 1251 2934 Tacitus
1261 2886 1310 2947 ipsc

244 2953 355 3013 utrinque
370 2969 412 3015 pro
424 2954 452 2999 ab
469 2955 583 3013 utrisque,
595 2963 618 2999 et
634 2951 694 2998 infra
705 2967 724 2999 c.
737 2954 761 2999 5.
792 2952 882 3000 ridetur
892 2952 1040 3007 intellem'sse,
1051 2967 1104 2999 cum
1113 2950 1198 2997 addat:
1210 2952 1235 2996 1ιὶ
1247 2953 1309 2997 ritus

244 3016 301 3063 illuc
313 3033 354 3079 pro
366 3019 396 3064 ud
408 3019 465 3063 illos.
484 3017 555 3064 Ean.
793 3018 959 3077 quoquomodo
975 3017 1073 3073 inducti,
1089 3024 1112 3063 et
1126 3025 1217 3062 tantum
1232 3023 1309 3078 partes

282 3082 395 3143 Effigiem
415 3083 540 3145 animatis]
574 3082 627 3129 Hoc
643 3080 672 3128 de
688 3081 762 3143 capite
793 3081 865 3141 egisse
884 3081 1006 3137 narrantis,
1024 3081 1081 3144 quid
1102 3080 1221 3142 scriptores
1238 3078 1308 3126 tradi-

244 3144 303 3192 asini
313 3161 399 3207 magno
409 3161 519 3193 consensu
530 3146 609 3192 ornne's
620 3154 705 3192 veteres
716 3156 762 3191 tra-
793 3144 868 3191 derint
890 3147 967 3206 vulgo
996 3145 1067 3192 Ean.
1102 3144 1166 3191 illud
1187 3144 1216 3190 de
1236 3144 1308 3190 ariete

245 3208 367 3267 diderunt;
386 3225 415 3256 ne
427 3218 545 3271 tantopere
560 3219 636 3256 noster
648 3210 761 3273 culpetur,
793 3219 880 3272 spectat
888 3210 917 3256 ad
928 3208 961 3267 id,
971 3209 1034 3271 quod
1045 3208 1152 3272 frequens
1162 3224 1204 3271 pro
1214 3209 1310 3271 peccatis

245 3281 366 3335 tamquam
373 3274 701 3334 nzcndueiorumplenissimus
709 3274 763 3320 scri·
793 3275 875 3337 populi
886 3274 1026 3321 immolatus.
1274 3287 1277 3291 ·

246 3344 304 3397 ptor.
339 3336 436 3385 Etsaue
449 3338 540 3396 Strabo,
553 3337 700 3396 Plutarchus,
713 3338 762 3385 De·
838 3342 890 3395 Qua
910 3341 971 3399 ipsos
987 3336 1083 3401 acubus]
1114 3337 1309 3395 Quantam.

244 3399 356 3448 mocritus
365 3401 428 3465 apud
437 3401 534 3448 Suidam
542 3403 617 3449 multo
627 3404 715 3463 majora
723 3402 762 3449 de·
795 3403 884 3465 (Buri)
905 3402 957 3449 edd.
979 3411 1072 3461 veteres,
1097 3410 1180 3463 praeter
1199 3400 1308 3463 primam,

244 3465 296 3512 liria
311 3465 437 3513 delirarunt
454 3474 533 3513 contra
550 3475 642 3528 gentem
653 3476 676 3513 et
692 3466 763 3513 libros
794 3482 874 3514 omnes
895 3477 949 3514 ante
966 3466 1083 3529 Isipsium,
1103 3482 1160 3529 ques
1182 3464 1235 3511 ridi.
1252 3465 1309 3513 MS.

246 3544 327 3577 sacrm
352 3530 427 3577 Iurs.
463 3530 529 3587 Quid
539 3530 616 3578 locum
628 3531 713 3579 fabulae
723 3530 762 3579 de·
795 3532 900 3579 nucina
914 3548 948 3595 pr.
965 3545 1036 3578 manu
1054 3530 1134 3581 habuit
1153 3545 1230 3590 qaam,
1247 3530 1311 3578 unde

246 3593 312 3649 derit,
330 3596 454 3657 quaesivere
471 3594 551 3658 Steph.
569 3595 677 3643 Marinus
694 3610 763 3657 pecu·
794 3594 1143 3656 sec.fecitq·uod,utestined
1156 3609 1190 3655 pr.
1222 3593 1311 3642 Caussa

246 3658 298 3703 liuri
317 3658 472 3720 disputatione
488 3660 523 3723 (in
540 3662 590 3720 ejus
605 3659 666 3707 Diss.
678 3668 728 3707 octo
740 3662 763 3707 8.
794 3670 828 3708 est
843 3660 867 3707 in
879 3661 953 3708 verbis
968 3660 1080 3705 memmio
1091 3659 1178 3704 clidis.-
1196 3673 1224 3704 es
1234 3658 1309 3707 clades

248 3722 308 3769 Gen.
321 3723 391 3769 1683.
402 3739 426 3787 p.
439 3722 504 3784 157).
538 3724 763 3772 BochartnsHiero-
794 3724 868 3789 qualis
890 3724 968 3779 fuerit,
987 3722 1068 3769 deinde
1088 3722 1223 3784 explicatur,
1247 3722 1309 3786 quod

247 3786 303 3833 wic.
317 3787 340 3843 l,
358 3789 382 3845 2,
400 3790 436 3835 18.
452 3788 482 3835 T.
497 3788 571 3835 Faber
583 3788 645 3851 Epp.
659 3788 681 3845 I,
701 3789 724 3837 6.
738 3797 760 3835 et
793 3788 907 3837 desiderat
918 3804 972 3849 quo.
992 3788 1005 3833 1
1046 3802 1075 3833 ue
1086 3786 1236 3835 restituimus.
1254 3787 1310 3834 cu-

246 3849 293 3897 alii.
328 3851 357 3897 In
368 3852 484 3898 nonnullis
495 3852 545 3899 edd.
557 3853 726 3911 recentioribus,
736 3862 763 3899 ut
793 3853 1007 3901 desautemnonin
1051 3850 1310 3915 'gendadeexpulsioue

247 3914 427 3972 Gronoviurum,
439 3916 529 3981 irrepsit
540 3919 633 3978 effigies.
651 3917 723 3965 Ean.
793 3934 821 3965 ex
833 3918 945 3980 AEgypttn
957 3916 997 3965 sed
1009 3915 1038 3963 dc
1048 3918 1137 3965 morbo.
1155 3916 1227 3963 Ean.
1252 3916 1308 3979 Bip.

277 3978 392 4032 Errorem
404 3980 524 4045 sitinrque]
553 3984 668 4029 Errorcm
682 3998 762 4045 suspe-
792 3982 884 4035 malunt
895 3984 958 4042 quio.

247 4050 311 4091 ctum
329 4051 363 4090 est
377 4043 430 4089 viris
445 4044 525 4103 doctis,
543 4045 648 4094 Acidalio
665 4056 688 4095 et
703 4046 762 4104 aliis,
840 4048 995 4094 Trudcntilms
1020 4048 1111 4110 Idaei-s]
1143 4044 1197 4091 Ms.
1227 4044 1307 4092 Guelf-

245 4109 301 4169 quia
312 4108 381 4157 asinis
393 4108 505 4157 indicibus
516 4110 578 4157 sitim
587 4110 703 4173 repulere,
715 4124 762 4157 non
792 4110 883 4171 (Bud.)
898 4111 951 4158 edd.
964 4126 1042 4159 ornnes
1060 4122 1112 4158 ante
1128 4109 1244 4170 lipsium,
1261 4112 1309 4157 Ju-

246 4186 354 4219 errorem.
389 4172 514 4221 Trillerum
526 4176 621 4220 verbum
638 4174 662 4221 id
674 4183 763 4222 tentan-
793 4177 952 4231 rummare:
968 4191 1024 4223 mox
1035 4176 1089 4223 MS.
1102 4173 1180 4221 Guelf.
1193 4172 1245 4221 edd.
1256 4183 1310 4222 ante

247 4242 294 4281 tem
310 4236 392 4283 refellit
407 4232 498 4284 Els'ner.
513 4236 595 4283 Sched.
610 4236 666 4287 erit.
684 4254 707 4301 p.
722 4240 761 4287 80.
792 4238 870 4287 Rhen.
889 4240 916 4287 de
931 4248 1017 4302 septem
1033 4240 1077 4286 eid.
1099 4238 1170 4285 Ena.
1205 4238 1311 4286 Rhene

247 4298 349 4361 Nempe,
366 4300 459 4347 inventa
473 4299 497 4346 in
512 4299 676 4349 desertis‘locis
692 4304 761 4365 aqua,
793 4319 822 4351 ex
849 4303 950 4366 ingenio,
973 4320 1028 4350 nam
1050 4302 1111 4350 Bud
1131 4304 1166 4348 de.
1199 4299 1309 4351 Ceierum

246 4375 308 4418 cunr,
327 4364 407 4423 paucis
425 4362 506 4410 diebus
523 4372 575 4425 post
592 4364 681 4413 domini
698 4376 763 4415 terrae
792 4368 884 4430 cognito
894 4384 956 4416 nunc
968 4378 1036 4415 aucto
1048 4365 1310 4431 Planetarumnumcrc,

248 4423 316 4471 cultae
327 4426 380 4475 facti
394 4426 447 4486 sint,
463 4426 522 4474 nihil
539 4426 644 4492 impetiit,
656 4446 703 4495 quo
717 4432 761 4479 mi·
778 4434 882 4482 somnia
893 4434 976 4495 inulta,
988 4433 1037 4481 istis
1047 4432 1116 4495 fulta,
1127 4446 1246 4482 cranmere·
