3059 4975
228 262 287 323 aas
598 254 905 319 ursronmsun
1126 265 1302 339 [susm.

226 426 346 491 tributa
362 422 494 510 genitos.
537 423 650 510 Nuper
664 436 758 502 certe,
777 446 858 487 eaeso
871 421 1041 501 Quinctilio
1055 421 1153 506 Varo,
1173 425 1297 514 pulsam

225 510 429 575 eGermnnia
449 507 638 573 servitutem.
682 512 750 573 Nec
766 507 926 573 Vitellium
947 508 1135 597 Principem,
1159 513 1213 576 sed
1229 513 1298 578 Cae.

225 619 324 661 sarem
333 598 519 681 Augustum
532 594 615 659 bello
624 607 837 682 provocatum.
861 594 1055 661 Libertatem
1068 610 1191 677 natura,
1203 599 1297 663 etiam

224 682 321 746 mutis
334 681 529 759 animalibus,
544 680 660 745 datam
705 680 862 745 Virtutem
882 682 1044 767 proprium
1059 682 1222 747 bominum
1240 686 1296 749 bo-

223 790 312 832 nnm.
335 769 420 831 Deos
434 766 616 832 fortioribus
629 765 745 831 adesse.
791 766 931 830 Proinde
942 766 1119 854 adriperent
1132 771 1224 833 vacui
1244 794 1296 834 oc-

223 864 364 939 cupatos,
379 852 491 939 integri
505 852 619 917 fessos:
644 852 722 916 dum
736 851 788 917 elii
802 851 1044 938 Vespasianum,
1059 854 1112 919 alii
1121 853 1293 935 Vitellium,

222 939 359 1013 foveant,
375 953 481 1025 patere
494 937 598 1003 locum
613 938 761 1002 adversus
775 940 977 1024 utrumque.”

266 1026 403 1090 XVIII.
428 1024 478 1088 Sic
491 1024 524 1087 in
541 1024 660 1090 Gelbes
671 1024 923 1110 Germaniasque
936 1024 1086 1104 intentus,
1102 1025 1128 1090 si
1141 1027 1294 1094 destinata

220 1111 444 1211 provenissent,
453 1108 711 1175 validissimarum
726 1108 1012 1196 ditissimarumque
1024 1112 1186 1177 nationum
1197 1136 1295 1201 reguo

220 1196 400 1261 luminebat.
438 1200 486 1261 At
495 1194 627 1259 Flaccus
638 1193 842 1258 Hordeonius
851 1196 969 1281 primos
981 1195 1089 1260 Civilis
1099 1214 1229 1264 conatus
1238 1222 1295 1287 per

190 1319 192 1326 ·
220 1282 495 1347 dissimulationem
518 1279 605 1343 aluit.
650 1279 717 1343 Ubi
740 1286 762 1319 “
777 1304 816 1344 ex
839 1293 957 1367 uguata
974 1294 1085 1360 castra,
1106 1281 1223 1349 deletas
1241 1310 1297 1349 co-

219 1368 335 1445 hortes,
351 1366 480 1453 pulsum
495 1367 687 1429 Batavorum
707 1365 810 1430 insula
877 1388 1005 1430 manum
1019 1370 1163 1448 numen,''
1247 1371 1293 1434 idi

219 1454 327 1518 nuntii
339 1452 531 1528 adferebant,
551 1451 746 1515 Mummium
764 1452 958 1538 Lupercum,
975 1453 1144 1540 Legatum,
1160 1385 1295 1541 (isoedba

219 1560 292 1603 rum
310 1537 470 1624 legionum
491 1536 628 1601 hibernis
647 1545 794 1623 praeerat)
815 1538 958 1624 “egredi
978 1538 1127 1603 adversus
1147 1541 1291 1605 hostem”

214 1625 320 1711 jubet.
365 1626 531 1709 Lupercus
541 1622 979 1709 legionariosepraesentibus,
990 1624 1120 1689 Ubiosle
1130 1627 1291 1713 proximis,

220 1710 431 1775 Treverorum
445 1708 576 1795 equites,
596 1708 682 1772 haud
704 1708 796 1795 longe
816 1722 954 1796 agentes,
973 1710 1103 1795 raptim‘
1110 1713 1289 1793 transmisit,

218 1795 326 1860 addita
341 1796 533 1859 Batavorum
553 1794 612 1873 ala,
633 1817 705 1880 quae
720 1796 789 1880 jam
808 1794 934 1892 pridem
954 1810 1118 1883 conrupta,
1138 1798 1233 1862 fidem
1253 1799 1293 1863 si··

218 1880 369 1961 mulabat,
396 1891 443 1959 ut,
490 1880 599 1944 ruditis
623 1879 655 1943 iu
681 1880 749 1967 ipsa
771 1903 836 1945 acre
858 1879 1023 1959 Romanis,
1045 1883 1164 1968 majore
1187 1886 1290 1971 pretio

217 1967 350 2053 fugeret.
396 1904 514 2046 Civilis,
530 1978 693 2053 captarum
708 1965 883 2031 cohortium
903 1966 999 2053 signis
1013 1966 1234 2049 circumdatus,
1252 1981 1289 2034 ut

218 2076 276 2118 suo
295 2052 385 2117 militi
404 2076 509 2117 recens
523 2051 623 2139 gloria
643 2068 714 2115 ente
728 2051 845 2131 oculos,
860 2064 893 2115 et
905 2053 1010 2117 hostes
1031 2055 1180 2119 memoria
1191 2055 1290 2120 cladis

216 2150 418 2216 terrerentur,
432 2152 562 2203 matrem
575 2160 664 2203 suam
678 2160 871 2225 sororesque,
884 2138 976 2202 simul
990 2140 1131 2203 omnium
1141 2137 1290 2228 conjuges

216 2248 392 2312 parvosque
405 2224 529 2299 liberos,
541 2224 705 2288 consistere
719 2248 738 2287 a
750 2235 840 2309 tergo
850 2224 960 2310 jubet:
983 2226 1179 2290 hortamenta
1192 2227 1289 2290 victo-

216 2311 282 2390 riae,
294 2310 342 2375 vel
356 2309 454 2397 pulsis
473 2309 636 2396 pudorem.
681 2311 729 2374 Ut
745 2309 882 2375 virorum
896 2322 1002 2389 cantu,
1018 2311 1203 2376 feminarum
1216 2312 1288 2376 uln-

216 2396 294 2478 latu,
315 2396 420 2462 sonuit
433 2395 523 2477 acies,
538 2418 737 2483 nequaquam
751 2418 810 2483 par
824 2420 844 2460 a
857 2394 1033 2483 legionibus
1046 2397 1288 2486 cohortibusque

249 2663 332 2712 Mutis
341 2663 494 2728 animalibus]
513 2660 636 2712 Acidalius
644 2664 736 2727 conjicit
765 2666 858 2730 pressit.
892 2664 974 2714 Fuisse
984 2665 1102 2728 begunim
1117 2665 1221 2729 legionis,
1238 2679 1287 2714 nou

216 2729 299 2776 brutis.
333 2728 408 2788 Quasi
422 2743 469 2775 non
487 2736 553 2776 muta
573 2729 662 2786 eadem,
682 2747 735 2794 quae
767 2731 884 2793 Legatum
911 2731 1053 2794 simpliciter,
1077 2739 1142 2795 patet
1166 2747 1180 2778 e
1199 2746 1221 2779 c.
1244 2733 1285 2780 22.

215 2796 291 2852 bruta,
309 2792 440 2856 etquidem
461 2793 594 2857 elegantius.
627 2793 689 2843 Vide
705 2795 735 2842 sd
768 2794 839 2842 Eun.

215 2860 326 2907 Senecam
337 2873 374 2920 ep.
387 2860 426 2906 90.
447 2858 538 2907 Geor.
572 2858 646 2907 cicer.
658 2859 690 2906 N.
701 2858 734 2907 D.
799 2861 887 2908 Fidem
903 2860 1039 2922 simulabat]
1068 2859 1107 2907 Sic
1122 2859 1227 2925 rescripsi
1245 2875 1286 2908 ne.

116 2979 117 2982 Ἰ
215 2925 240 2983 2,
252 2923 292 2971 53.
327 2923 526 2971 Audeatiarami
543 2925 735 2984 rrihiloprodabi·
767 2925 872 2984 casaria,
892 2935 986 2988 propter
1002 2924 1115 2972 rationem
1132 2925 1219 2988 lingua
1238 2925 1286 2972 Ira·

215 2989 271 3047 lius,
282 2990 346 3035 Deos
357 2995 479 3035 mutarum
490 2996 513 3037 ct
523 2990 585 3036 nihil
599 2989 734 3049 intelligen-
768 2989 823 3035 tinae
833 3005 875 3052 pro
885 2990 980 3051 vulgato
989 2991 1095 3049 aurulas,
1107 2990 1170 3053 quod
1180 2990 1219 3038 bic
1226 2999 1286 3038 state

215 3055 277 3101 tium
288 3055 597 3101 caussutantumIaborasre.
616 3054 652 3100 Sc.
662 3059 734 3100 mutoe
768 3053 834 3100 nullo
845 3053 914 3101 modo
924 3062 1006 3116 potest
1030 3054 1061 3102 Id
1071 3063 1148 3102 ortum
1159 3063 1286 3102 estecom-

214 3131 260 3165 nnn
273 3115 457 3180 intelligendum,
466 3133 518 3180 quae
527 3117 578 3164 soni
587 3116 647 3163 nihil
655 3116 732 3175 edant,
766 3117 885 3179 peudiaris
899 3118 1020 3182 scriptura,
1033 3132 1060 3167 ut
1070 3135 1130 3181 saepe
1144 3120 1200 3166 alibi
1216 3120 1240 3166 in
1256 3119 1286 3166 li-

213 3182 317 3244 sedquae
329 3181 394 3244 loqui
403 3196 450 3228 non
461 3182 555 3244 possint
588 3180 642 3228 MS.
655 3188 733 3228 tamen
766 3181 813 3229 bris
831 3182 921 3246 seriptis
935 3192 958 3230 et
972 3183 1047 3231 editis.
1079 3183 1128 3230 Res
1142 3193 1177 3232 est
1189 3185 1223 3231 ita
1238 3184 1285 3231 eri-

214 3246 294 3294 (iuelf.
306 3248 395 3304 multu,
408 3246 448 3292 sed
462 3248 495 3292 ita
510 3254 536 3292 ut
548 3247 557 3291 l
567 3260 637 3308 supra
648 3245 733 3293 adscri-
765 3245 830 3305 dens,
842 3256 869 3294 ut
879 3263 959 3295 omnes
974 3251 1110 3310 probaturos
1125 3249 1286 3296 mnectionem

213 3319 282 3374 ptum
291 3309 328 3368 sit,
341 3309 396 3357 item
404 3309 440 3356 ed.
450 3325 485 3373 pr.
505 3309 543 3356 Ea
551 3309 650 3358 verbain
658 3310 732 3358 MSS·
765 3311 888 3359 confidam.
914 3312 999 3360 Paullo
1008 3321 1061 3376 post
1071 3313 1219 3375 profugeret
1229 3312 1283 3358 MS.

212 3374 333 3434 confrrndi,
353 3373 443 3421 dudum
458 3374 498 3421 alii
514 3382 632 3423 notarunt.
659 3375 731 3423 Eun.
764 3375 829 3423 Bud.
840 3377 1006 3439 surgeretur:
1023 3377 1091 3424 male.
1115 3375 1185 3424 Eun.
1218 3374 1285 3433 Quid

213 3440 278 3488 Bnd.
292 3441 373 3487 mutis.
764 3439 809 3487 hoc
817 3441 930 3488 monstri?
963 3441 1095 3504 Vulgatum
1106 3439 1232 3502 egoubiris
1243 3439 1284 3486 de-

244 3506 361 3553 Hominis
377 3505 473 3568 bouum]
509 3505 583 3552 MSS.
594 3505 656 3552 Flos.
667 3505 730 3552 Bnd.
764 3505 882 3568 prehendo
890 3507 1024 3568 simulabat,
1036 3519 1081 3553 non
1093 3507 1197 3552 simulat.
1214 3503 1284 3552 Vana

212 3569 274 3631 Agr.
290 3569 325 3617 ed.
341 3569 527 3632 prioratuum:
552 3570 615 3634 qnod
634 3585 688 3617 cum
706 3571 733 3618 J.
765 3571 929 3632 ergaquereln

214 3634 331 3682 Grouorio
340 3633 475 3698 recepimus.
508 3634 664 3682 Nametslia
678 3641 733 3682 sunt
797 3635 861 3682 Auta
878 3637 955 3682 oculas
972 3640 996 3680 et
1011 3634 1099 3697 naues]
1127 3633 1183 3697 Bip.
1200 3649 1231 3682 ex
1247 3634 1284 3681 in.

213 3698 239 3745 iu
253 3698 335 3746 Tacito
351 3699 457 3746 similiter
468 3698 603 3747 desinentis.
633 3699 665 3748 V·
678 3699 732 3747 Jec.
764 3699 894 3762 genioaatc
902 3699 1149 3758 embaeneticam.
1173 3699 1283 3762 Egregie,

215 3763 289 3812 Gran.
301 3761 331 3810 ad
342 3763 376 3810 H.
386 3764 412 3822 3,
426 3764 462 3810 11.
480 3764 552 3811 Eun.
764 3764 884 3826 quaeritur,
894 3779 923 3810 au
933 3764 1004 3811 vere?
1020 3761 1108 3810 codices
1119 3766 1226 3820 obstant3
1241 3779 1284 3812 nac

247 3828 471 3890 Arripermtuacut
485 3829 618 3892 occupatos]
648 3827 731 3875 Intin
762 3828 787 3874 in
809 3828 874 3890 rnlg.
892 3827 951 3876 dura
969 3826 1065 3890 ellipsis.
1097 3828 1159 3876 Mox
1180 3829 1287 3876 nouam·

214 3900 321 3956 utroque,
339 3893 393 3938 alite
415 3894 486 3940 tellis.
520 3893 636 3954 Arripcre
654 3900 732 3940 autem
764 3894 820 3939 vict.
831 3900 873 3940 etc.
885 3892 915 3941 cf.
926 3893 1005 3940 Germ.
1020 3893 1043 3948 7.

213 3957 646 4021 proriminferre,bellum,elegmter.
660 3957 733 4004 Eum
797 3958 956 4020 Nequaquam
976 3960 1038 4022 pur]
1065 3957 1137 4016 Quod
1151 3957 1217 4005 valde
1231 3956 1282 4004 Ro·

245 4023 398 4070 Mummium
404 4022 481 4085 Lup]
493 4022 548 4072 MS.
556 4023 635 4070 Guelf.
644 4021 730 4086 (Bud.)
764 4021 829 4068 mani
844 4024 1003 4082 observabant,
1019 4032 1042 4070 et
1052 4023 1117 4070 velut
1127 4035 1196 4069 omen
1211 4020 1283 4069 babe-

212 4096 237 4137 et
257 4089 297 4136 alii
319 4087 443 4135 Manlum.
478 4086 546 4134 Idem
567 4087 657 4135 videtur
678 4087 733 4134 dare
764 4087 931 4135 banteventus.
953 4084 1231 4151 AppianusinPartbicis
1239 4087 1280 4140 27.

212 4152 336 4202 voluisses
353 4149 511 4198 irensisined.
521 4166 556 4213 pr.
563 4152 730 4199 ubimuaivitr
767 4152 868 4198 Crassus
883 4155 959 4215 jussit
980 4166 1017 4197 aas
1039 4153 1164 4196 clamorem
1185 4151 1282 4198 tutem

212 4231 268 4264 nam
278 4168 395 4262 aliislocis
406 4222 441 4262 est
448 4215 562 4274 Munius,
573 4227 601 4262 ut
611 4232 629 4264 c
639 4218 678 4262 22.
690 4215 733 4264 ubi
764 4217 791 4261 in
809 4230 854 4276 quo
872 4219 975 4263 manime
991 4217 1097 4262 militum
1114 4217 1225 4262 monitu
1242 4216 1283 4262 dc-

212 4289 236 4330 et
254 4282 309 4328 Pus
323 4278 362 4327 sia·
377 4282 436 4341 (non
454 4278 516 4327 But
532 4279 574 4342 qui
595 4281 634 4340 ut)
650 4289 728 4328 estne
755 4281 873 4342 prelum
893 4286 935 4339 est,
953 4280 1038 4326 cuium
1054 4281 1216 4327 caducorum
1234 4280 1286 4325 era,

213 4344 265 4392 edd.
283 4344 403 4392 Mmaius.
434 4343 498 4391 Vera
514 4352 537 4392 et
556 4343 652 4407 antiqua
673 4345 728 4392 scri-
760 4357 849 4391 morem
862 4346 989 4393 edentium.
1023 4346 1122 4405 Contra,
1138 4343 1286 4393 uaeramu-

212 4415 282 4469 pturs
292 4409 438 4468 Mummius,
450 4423 522 4472 quam
535 4416 557 4456 et
568 4408 673 4474 Ryckius
686 4425 727 4458 ex·
760 4411 838 4458 clam
848 4418 872 4459 et
880 4411 957 4474 sortia
967 4416 1002 4459 cat
1013 4411 1127 4460 redditus.
1146 4409 1222 4458 ures.
