3059 4975
231 253 291 311 urs
527 213 1014 310 cconnnmusrsorrus

271 416 376 474 horum
390 431 497 471 numen
512 411 604 472 Alcis.
646 411 814 471 Gothoues:
838 411 941 490 Rugii:
959 410 1102 470 Lemovii.
1140 416 1196 474 44..
1210 411 1296 471 Suio-

270 513 334 564 nes,
358 491 500 552 classibus
518 490 657 550 valentes.
705 495 755 550 45.
783 489 870 548 Mare
894 490 1019 569 pigrum.
1060 489 1167 568 AEstyi‚
1192 491 1296 549 Matris

270 574 367 630 Deum
382 571 521 638 cultores,
539 569 692 627 succinum
712 569 823 646 legunt.
866 566 1142 627 Sitonibus'femiua
1161 570 1294 646 imperat.

269 655 317 711 46.
340 649 471 716 Peucini,
491 646 615 715 Venedi,
637 647 738 715 Fauni,
760 646 902 704 Germani
922 656 959 704 an
981 649 1144 708 Sarmatae?
1183 650 1294 708 Eorum

267 729 377 798 feritas,
393 739 560 806 paupertas.
601 724 761 784 Hominum
773 737 913 794 monstra,
928 724 1064 794 Hellusii,
1078 725 1219 786 Oaioues.

273 895 300 955 Ι.
336 893 526 956 Genusum
552 890 652 954 omnis
680 913 699 953 a
728 887 830 953 Gallis
859 889 1043 975 Rhaetisque
1070 904 1102 953 et
1124 891 1292 955 Pannoniis

228 978 341 1042 Rheno
361 989 391 1040 et
410 974 558 1040 Danubio
577 975 770 1052 fluminibus,
789 1000 808 1038 a
834 975 983 1038 Sarmatis
1006 975 1163 1061 Dacisque
1181 990 1292 1041 mutuo

227 1075 313 1128 metu
328 1074 383 1125 aut
398 1061 565 1139 montibus,
582 1075 751 1147 separatur.
798 1063 909 1124 Cetera
925 1061 1070 1124 Oceanus
1089 1063 1197 1139 ambit,
1211 1062 1290 1127 latus

227 1148 312 1212 sinus
327 1163 358 1212 et
371 1146 542 1211 insularum
557 1147 694 1210 inmensa
709 1147 808 1232 spatia
821 1144 1035 1232 complectens,
1046 1169 1147 1244 nuper
1161 1148 1291 1234 coguitis

227 1235 414 1320 quibusdam
426 1233 571 1318 gentibus
580 1255 615 1295 ac
625 1231 776 1316 Regibus,
789 1231 990 1318 quosbellum
999 1246 1128 1317 aperurt.
1149 1235 1291 1313 Rhenus,

228 1318 441 1384 Rhaeticarum
456 1317 589 1403 Alpium
604 1317 756 1380 inaccesso
768 1317 969 1404 acpraecipiti
983 1318 1096 1380 vertice
1110 1333 1208 1396 ortus,
1223 1343 1290 1383 mo-

225 1405 295 1468 dico
309 1404 393 1468 flexu
409 1403 441 1466 iu
453 1402 653 1466 Occidentem
667 1426 785 1478 versus,
801 1402 1030 1488 septentrionali
1045 1405 1169 1466 Oceano
1182 1405 1289 1468 misce-

225 1501 287 1554 tur.
325 1488 503 1567 Danubius,
515 1488 640 1552 molliet
654 1488 819 1554 clementer
833 1488 916 1553 edito
930 1489 1043 1552 montis
1051 1489 1198 1554 Abuobae
1210 1490 1289 1577 jugo

1154 1576 1169 1610 ,
1276 1583 1279 1591 ,

256 1711 372 1762 Ordinem
381 1711 508 1776 scriptionis
520 1711 539 1758 si
550 1710 677 1774 sequimur,
689 1720 741 1758 ante
773 1710 871 1772 elegans,
882 1709 985 1757 Ciceroni
996 1709 1093 1772 aliisque
1103 1718 1235 1772 usurpatus.
1255 1713 1286 1760 V.

227 1778 343 1826 Historias
356 1785 378 1824 et
384 1776 490 1823 Annales
501 1775 544 1823 nbi
554 1775 631 1822 locum
643 1775 742 1823 vindicet
774 1775 838 1821 Clau.
850 1774 897 1822 Cic.
909 1775 933 1820 in
949 1789 1037 1820 versut.
1069 1773 1138 1821 Adde
1148 1773 1242 1822 Manat.
1258 1778 1289 1824 ad

225 1842 264 1890 hic
273 1842 372 1890 libellus
405 1841 507 1903 Scriptus
518 1840 580 1888 enim
595 1848 628 1888 ast
640 1840 741 1900 Tuajano
774 1838 822 1887 cic.
834 1837 879 1902 Ep
894 1840 919 1896 8,
933 1839 971 1885 15.
1003 1838 1088 1886 Gauda
1098 1847 1141 1897 est,
1155 1853 1186 1885 ne
1195 1855 1250 1888 nrm
1260 1841 1289 1890 iis

226 1906 353 1954 secundum
369 1905 478 1965 Consule,
489 1905 514 1952 id
527 1913 561 1952 est
576 1905 655 1952 Nerva
666 1904 741 1952 adhuc
774 1902 829 1950 locis
840 1918 979 1966 quaeramus,
993 1903 1035 1950 ubi
1046 1918 1127 1950 versus
1141 1903 1287 1967 participium

225 1972 285 2019 vivo.
311 1971 365 2033 Ipse
377 1970 475 2018 ostendit
486 1985 505 2017 c.
514 1971 553 2024 37.
583 1969 741 2016 CoecilioMe·
774 1976 817 2027 est,
831 1978 858 2014 ut
868 1970 926 2014 bene
942 1976 1020 2014 mouet
1034 1966 1153 2026 Dukems,
1168 1969 1288 2030 exquisitae

226 2037 314 2082 tellone
327 2037 426 2096 Papirio
440 2035 543 2082 Carbone
555 2046 626 2080 coss.
647 2035 741 2095 Euquo
774 2033 810 2078 vir
820 2031 936 2090 doctrina,
947 2032 977 2079 ad
989 2032 1041 2080 niv.
1052 2033 1092 2091 38,
1104 2033 1143 2078 bl.
1175 2031 1227 2080 Hoc
1238 2033 1289 2081 loco

224 2101 287 2146 aiud
298 2102 399 2147 atterum
409 2101 509 2161 Trajani
518 2099 671 2146 Consulatum
679 2114 741 2144 com·
774 2096 921 2159 participium
938 2111 1058 2159 agnoscam
1072 2096 1191 2143 nonlicet
1223 2097 1288 2146 Nam

220 2171 342 2226 putemne,
349 2166 442 2211 ducenti
446 2166 502 2226 fere
512 2169 534 2210 ct
542 2165 618 2209 decem
629 2165 686 2208 unni
695 2165 740 2209 col·
774 2160 859 2222 copula
875 2161 968 2207 deberet
985 2176 1033 2208 esse
1047 2169 1099 2221 post
1113 2169 1183 2214 ortus,
1200 2160 1247 2209 sicr
1265 2170 1288 2210 et

224 2231 344 2289 ligantur.
360 2229 396 2276 At
406 2227 599 2290 Historiaecoeptae
608 2228 740 2287 Nervajam
773 2227 984 2284 modieofleuuetc
1002 2227 1100 2272 Modico
1102 2227 1133 2285 st.
1142 2227 1159 2272 i.
1172 2227 1287 2274 O.v.est:

225 2303 317 2340 mortuo
327 2303 349 2341 et
360 2293 419 2340 inter
431 2293 512 2349 Divos,
524 2301 551 2339 ut
562 2291 636 2338 docui.
654 2291 729 2340 larus.
774 2288 816 2336 ubi
827 2288 916 2349 modice
933 2304 1009 2336 uersus
1020 2287 1169 2337 Occidentem
1181 2303 1206 2335 se
1215 2289 1289 2341 flexit.

257 2359 280 2404 A
299 2360 385 2406 Guttlts
403 2357 559 2419 Rlurta'isque]
572 2355 643 2404 MSS.
655 2363 678 2402 et
688 2356 739 2405 edd
774 2352 835 2400 Mox
847 2355 941 2402 molliet
950 2356 1072 2400 clenwntcr
1083 2355 1209 2414 editojugo
1220 2369 1288 2416 spuo-

223 2431 270 2470 vet.
285 2423 365 2486 (etism
377 2421 485 2470 Romana
499 2421 555 2468 Joh.
570 2419 706 2483 Gensbergii
717 2429 740 2468 et
773 2418 877 2480 nymice:
903 2433 932 2466 ne
948 2419 1066 2476 Tacitum,
1082 2417 1198 2465 brevitatis
1211 2428 1289 2466 aucto-

223 2487 423 2549 Norimbergensis
431 2485 494 2533 Frid.
503 2483 648 2545 Oreussnari)
660 2489 739 2533 uGul-
774 2498 831 2540 reru,
843 2483 899 2529 talia
914 2484 1017 2546 refugere
1031 2492 1106 2545 putes,
1120 2481 1161 2531 ubi
1175 2483 1290 2545 exquisita

223 2553 253 2599 tu
265 2553 418 2611 Rlaettisque.
450 2550 545 2613 Lipsius
561 2549 659 2597 editione
675 2560 740 2597 sexta
774 2547 876 2593 vmbain
887 2557 981 2608 promtu
991 2556 1053 2593 sunt.
1070 2548 1138 2596 Eun.

223 2615 287 2663 dedit
304 2630 318 2660 a
336 2615 429 2671 Galliis,
447 2614 509 2659 unde
524 2614 548 2657 in
564 2622 648 2659 ceteras
661 2613 735 2661 fluxit.
807 2612 901 2657 Montis
914 2612 1028 2672 Abrrotae]
1047 2611 1138 2659 Plinius
1148 2613 1254 2661 nominat
1263 2614 1287 2673 l,

223 2678 378 2727 Restituimus
389 2686 487 2725 veterem
498 2676 627 2732 lectionem,
636 2676 738 2738 itemque
775 2672 811 2718 12·
826 2675 879 2731 (24)
896 2673 936 2719 sed
946 2673 980 2720 ibi
990 2688 1083 2736 quoque
1093 2675 1163 2723 infida
1172 2678 1290 2740 scriptura.

222 2757 276 2792 turn
294 2742 399 2790 Broterio
414 2739 512 2793 Rhaetis
529 2739 584 2803 quia
598 2747 621 2786 et
631 2738 655 2785 iu
666 2739 738 2787 altero
772 2736 824 2783 Alii
834 2737 896 2783 enim
907 2737 968 2796 libri,
980 2738 1092 2785 Arrroboe.
1113 2740 1290 2803 Bsmbergensis

221 2810 325 2856 membm
336 2822 382 2853 non
396 2806 524 2867 regionum,
535 2804 574 2851 sed
590 2804 737 2867 populorum,
773 2799 819 2860 hic,
844 2803 949 2848 Auribae.
967 2802 1067 2849 Roman
1085 2803 1194 2853 Arbonoe.
1205 2806 1290 2853 Ptole.

221 2874 323 2922 uomina.
363 2870 461 2932 Decepit
477 2869 582 2928 editores,
600 2878 626 2915 ut
638 2868 736 2929 videtur,
773 2866 982 2913 maeosunratusot
992 2875 1088 2914 montes.
1096 2867 1173 2917 Llus.
1188 2872 1288 2917 Amuuae

221 2952 306 2999 nomen
318 2937 450 2985 Pannoniis
465 2934 567 2997 itemque
578 2933 687 2981 recentior
698 2934 739 2981 ad·
773 2930 822 2977 cod.
829 2930 1024 2993 KappArnodoe.
1032 2932 1187 2996 Pogg.Rhng.
1196 2934 1288 2982 Puteal.

220 3001 314 3066 pellatia
323 3001 476 3049 Rhaetiarutn.
487 2998 533 3047 Sed
541 2998 639 3045 Rhaetiae
647 3006 670 3044 et
676 2997 739 3045 Pan.
772 2995 841 3041 ceteri
846 2995 983 3042 anteRhen.
993 2995 1040 3043 Ast
1049 2996 1103 3043 MS.
1111 2998 1224 3045 Aruudel.
1235 3000 1286 3045 Ar·

221 3066 296 3113 uouiae
312 3075 366 3113 sunt
382 3064 498 3111 inferiores
521 3062 598 3109 Taciti
614 3068 689 3119 aetare,
711 3073 738 3110 ut
772 3061 840 3113 niboe,
854 3067 880 3106 ut
891 3060 976 3106 Bamb.
987 3074 1041 3106 uam
1053 3060 1078 3107 in
1089 3077 1115 3108 eo
1126 3062 1166 3121 sic,
1178 3077 1223 3111 unu
1234 3065 1288 3110 An-

220 3131 311 3178 monuit
320 3130 409 3177 dudum
421 3128 541 3176 cellarius
557 3127 629 3173 Eun.
647 3124 738 3174 Editio.
772 3125 829 3170 ritu
846 3124 912 3170 credo
927 3124 1005 3171 fuisse.
1022 3125 1151 3175 Rhenanus
1168 3144 1197 3175 ex
1212 3127 1247 3175 cd.
1257 3130 1287 3177 ab

220 3208 286 3241 nesa
300 3203 374 3241 morte
386 3192 460 3255 Irlpsii
470 3206 524 3239 cum
536 3192 586 3250 ejus
597 3190 657 3237 noda
670 3206 737 3237 cura-
771 3187 895 3251 Artolpho,
912 3189 1010 3247 medico,
1027 3204 1104 3237 secum
1120 3192 1289 3241 communicata

220 3266 250 3306 tre
263 3258 302 3305 fot
321 3257 392 3305 Paris.
405 3256 474 3303 16118.
486 3263 509 3303 et
519 3255 599 3301 Antw.
614 3254 683 3308 1627.
695 3254 738 3301 ha-
771 3251 872 3314 prodidit
879 3255 981 3301 Abrwtoe
990 3263 1014 3301 et
1021 3253 1115 3316 quiden
1125 3255 1150 3302 iu
1159 3256 1195 3304 ed.
1209 3256 1286 3304 15332

221 3324 277 3371 bent
287 3338 302 3369 u
313 3322 390 3371 Gallis
403 3320 557 3381 eroetiisque.
772 3330 828 3363 nam
839 3317 863 3362 in
872 3318 907 3365 ed.
921 3318 990 3366 1519.
1002 3317 1072 3379 hujus
1086 3319 1159 3367 libelli
1169 3320 1287 3382 adhuqmt

253 3388 344 3435 Mutuo
361 3392 424 3432 metu
443 3391 486 3431 aut
507 3382 635 3445 montibus]
663 3382 738 3432 Vitiat
772 3381 881 3429 Arboua.
913 3382 953 3429 Ex
969 3382 1054 3444 quibus
1075 3392 1145 3445 patet,
1166 3384 1287 3432 lectionem

219 3460 312 3499 acuum
324 3450 460 3499 sententiam
476 3448 647 3512 Bambergense
659 3463 738 3495 exem·
772 3446 873 3493 Abnobae
883 3445 907 3492 h.
919 3446 935 3491 l.
949 3446 991 3492 niti
1002 3447 1050 3493 sola
1060 3446 1100 3493 itu
1114 3447 1212 3494 editione
1223 3456 1287 3496 rete·

218 3517 278 3581 plur,
295 3524 378 3563 mutuo
389 3517 460 3561 uictu.
495 3513 574 3560 Immo
590 3528 643 3560 vero
657 3520 736 3560 metu.-
771 3525 804 3569 re,
816 3526 887 3573 quam
899 3510 1008 3571 Artolphi
1020 3511 1105 3557 librum
1116 3520 1181 3559 vocat
1191 3512 1288 3560 Rhena-

218 3581 260 3645 qui
273 3581 331 3628 inter
348 3594 413 3643 aeque
427 3586 532 3640 potentes
549 3592 591 3642 pro
606 3576 704 3625 teratino
715 3586 738 3624 et
771 3588 823 3627 nur.
851 3575 877 3623 Si
892 3576 943 3623 uod.
955 3574 1067 3637 Artolphi
1078 3584 1114 3622 est
1125 3575 1197 3633 idem,
1215 3592 1287 3639 quem

218 3646 335 3707 repagulo.
376 3642 526 3706 Thucydides
542 3644 566 3703 3,
588 3641 624 3688 ll.
642 3644 698 3691 bene
715 3652 739 3689 et
770 3654 813 3686 uos
830 3639 908 3702 Kapp.
920 3654 1038 3694 vocamus,
1051 3646 1078 3684 ut
1092 3638 1150 3685 mibi
1164 3640 1240 3689 visum
1253 3650 1288 3689 est

219 3710 338 3773 apposite:
355 3710 382 3755 Ti
399 3707 419 3753 tt
436 3708 552 3753 ἀντίπαλον
564 3705 616 3767 δέος,
627 3707 688 3767 μόνον
700 3724 737 3751 m-
770 3712 864 3766 propter
881 3717 999 3751 summum
1016 3716 1151 3750 consensum
1169 3704 1193 3753 iu
1209 3706 1288 3753 ceteris

221 3774 272 3820 στδι
285 3776 305 3825 ἐς
317 3772 448 3835 ξμμμαχίιιν.
466 3772 543 3819 IrIPs.
770 3768 905 3815 lectionibus
921 3766 975 3812 inde
989 3766 1092 3827 prolatis,
1109 3768 1174 3816 allud
1189 3769 1227 3817 hic
1241 3770 1288 3833 egit

253 3838 341 3899 Nuper
353 3832 464 3899 cognitis]
485 3834 615 3883 Domitiani
631 3832 735 3896 imperio,
771 3831 906 3880 Rhenanus.
923 3831 953 3878 Iu
966 3830 1042 3877 Plinio
1055 3832 1079 3891 l,
1094 3832 1124 3878 12
1136 3834 1286 3897 (24).laetio-

218 3902 313 3965 opinorz
339 3901 379 3949 cui
395 3901 455 3948 bella
472 3915 526 3948 eum
545 3900 627 3958 Cattis,
648 3898 735 3955 Suevis,
771 3912 826 3944 uem
842 3896 937 3944 Atnota
954 3910 999 3942 non
1015 3904 1101 3943 certam
1117 3912 1174 3957 esse,
1192 3899 1286 3961 lipsius

218 3967 340 4025 Sarmatis,
355 3973 415 4012 nea
427 3966 544 4013 occasione
557 3964 737 4013 illustrataema·
770 3962 870 4035 monuit.
901 3961 955 4034 Ego
976 3961 1071 4007 Arnotu
1093 3963 1167 4024 reperi
1186 3962 1212 4009 in
1233 3961 1286 4011 edd.

218 4029 736 4159 rutrumuttttstutt
769 4025 1287 4153 substernuntur

219 4159 329 4206 Strabone
337 4160 354 4206 l.
364 4158 387 4212 7.
399 4173 422 4220 p.
430 4156 486 4203 291.
503 4156 580 4203 Plinio
588 4157 661 4214 2,67.
678 4158 736 4204 Sue·
770 4156 872 4213 Abieta,
880 4169 911 4201 sc.
921 4169 934 4200 e
944 4156 1072 4213 conjectura
1084 4152 1206 4201 Hermolai
1212 4155 1284 4202 Barb.

219 4220 281 4268 tonia
301 4222 383 4268 Claud.
410 4221 431 4267 l.
448 4218 548 4281 Egregie
565 4234 613 4265 rem
636 4220 736 4267 illustrat
769 4235 783 4266 e
797 4221 863 4280 cujus
874 4218 1021 4280 castigatione
1031 4216 1115 4264 astilia
1123 4216 1160 4264 ed.
1193 4219 1223 4266 Iu
1235 4228 1285 4266 tex.

219 4294 395 4335 monumentum
420 4283 506 4331 Plautii
537 4283 623 4330 Silvani
646 4284 735 4331 tuliani
769 4291 795 4330 tu
814 4284 917 4346 primum
934 4282 1006 4345 reperi
1018 4281 1043 4327 in
1059 4281 1111 4328 add.
1127 4282 1244 4330 Benediet.
1258 4292 1284 4329 ut

220 4348 283 4407 apud
296 4349 363 4395 Grut.
374 4363 397 4409 p.
410 4348 466 4392 453.
771 4348 842 4400 1507.
853 4347 893 4395 sed
904 4357 955 4410 post
972 4362 1022 4393 cam
1031 4345 1101 4393 etiam
1109 4346 1133 4392 in
1142 4347 1283 4394 Garumnicis

251 4412 283 4454 In
300 4412 446 4459 Occidentem
467 4412 559 4473 uersus]
584 4410 735 4459 Plcouasrnus
768 4412 878 4460 ctParis.
893 4412 960 4458 15211.
976 4411 1000 4459 in
1019 4420 1084 4459 textu
1097 4412 1283 4473 Arrtolrn,iuter-

752 4517 946 4577 1,Ἆὰ
982 4523 1009 4562 ¹1.
1080 4509 1135 4563 ..Ἰ
1178 4516 1330 4563 ἰω-Λυο-

787 4560 836 4585 hm.
866 4557 894 4577 ,14
927 4555 934 4567 ¹
1115 4541 1133 4575 ι
