3059 4975
260 267 298 330 42
642 264 948 327 HISTORIARUM
1161 270 1204 342 [a.
1219 288 1250 329 υ.
1264 272 1333 333 823.

254 426 366 517 jacint,
380 426 482 513 primo
495 427 560 492 ictu
581 430 615 493 in
628 430 789 517 poplitem,
805 454 878 495 mox
892 432 933 497 ab
947 432 971 495 J
972 429 1038 495 ulio
1052 426 1146 511 Caro,
1161 430 1330 520 legionario

258 512 367 591 milite,
383 524 555 599 utrumque
568 514 652 580 latus
667 518 944 583 transverberatus.

200 614 203 624 ’
300 598 430 664 XLlll.
454 600 614 686 Insignem
627 602 682 667 illa
691 603 744 667 die
754 603 858 667 virum
869 604 1088 691 Sempronium
1099 606 1241 669 Densum
1252 620 1328 671 aetas

255 698 361 750 nostm
374 683 462 748 vidit
494 687 646 751 Centurio
658 689 686 753 is
697 690 857 755 Praetoriae
871 688 1017 768 cohortis,
1028 712 1048 753 a
1059 690 1163 755 Galba
1176 692 1327 758 custodiae

256 770 379 837 Pisonis
399 770 536 850 additus,
559 774 664 839 stricto
685 776 823 862 pugione
842 798 1006 842 occurram
1027 777 1153 841 armatu
1175 789 1207 841 et
1228 778 1328 845 soclus

254 857 457 945 exprobrans,
477 878 514 920 ac
534 860 630 923 modo
649 884 756 938 manu,
779 862 873 926 modo
886 884 972 941 voce,
987 863 1138 927 vertendo
1151 864 1185 927 in
1206 886 1239 928 se
1311 900 1325 917 ·

253 966 401 1020 cussores,
441 964 612 1031 uamquam
628 947 791 1013 vulnerato
809 948 916 1013 Pisoni
934 949 1088 1049 effugium
1108 948 1205 1014 dedit.
1249 884 1325 1016 &go

251 1031 286 1093 in
309 1028 409 1094 aedem
419 966 538 1094 (l'estae
563 1035 710 1129 pervasit,
736 1047 948 1122 exceptusque
972 1034 1183 1099 misericordia
1206 1035 1325 1122 publici

253 1116 334 1181 servi
347 1128 379 1178 et
393 1115 598 1181 contubermo
612 1119 682 1203 ejus
700 1121 836 1199 abditus,
852 1142 916 1185 non
937 1121 1097 1207 religione,
1116 1142 1173 1186 neo
1187 1122 1324 1187 mrimo-

252 1202 322 1281 niis‚
338 1200 393 1264 sed
406 1199 525 1264 latebra
538 1200 691 1269 inminens
709 1206 841 1271 exitium
860 1207 1041 1272 differebat:
1065 1228 1138 1271 cum
1159 1207 1322 1287 advenere,

250 1288 346 1352 missu
360 1286 505 1364 Othonis,
520 1289 703 1356 nominatim
723 1293 757 1356 in
771 1292 889 1357 caedem
904 1294 972 1381 ejus
991 1291 1146 1372 ardentes,
1163 1291 1322 1379 Sulpicius

252 1374 376 1452 Florus,
399 1394 417 1435 e
433 1372 621 1438 Britannicis
638 1378 829 1457 cohortibus,
851 1402 986 1466 nupera
1003 1378 1108 1443 Galba
1128 1378 1254 1443 civitate
1266 1379 1323 1442 do-

250 1472 353 1537 natus,
375 1470 409 1521 et
431 1457 550 1522 Statius
571 1463 717 1544 Murcus,
741 1464 935 1552 speculator:
965 1490 985 1529 a
1006 1464 1122 1551 quibus
1142 1477 1321 1551 protractus

250 1546 336 1625 Piso,
351 1546 385 1608 in
398 1542 519 1608 foribus
532 1548 641 1635 templi
656 1551 842 1615 trucidatur.

302 1630 432 1695 XLIV.
468 1630 598 1696 Nullam
623 1635 740 1700 caedem
763 1638 851 1701 Otho
876 1638 995 1723 majore
1019 1637 1128 1700 laetitia
1152 1637 1319 1723 excepisse,

248 1717 371 1781 nullum
393 1729 489 1802 caput
510 1729 575 1782 tam
596 1720 823 1787 insatiabilibus
845 1722 942 1786 oculis
963 1721 1166 1809 perlustrasse
1186 1721 1320 1786 dicitur:

248 1827 304 1868 seu
318 1816 386 1869 tum
399 1802 537 1889 primum
550 1803 653 1872 levata
666 1808 751 1873 omni
766 1807 972 1873 sollicitudine
986 1828 1072 1872 mens
1083 1830 1193 1873 vacare
1203 1806 1321 1894 gaudio

277 2030 348 2075 autu
359 2027 434 2090 Coro]
450 2030 489 2079 Sic
500 2027 573 2077 MSS.
582 2028 646 2076 Hor.
656 2028 735 2077 Guelf.
744 2039 769 2077 at
797 2038 963 2105 promotusque
973 2030 1003 2078 sit
1014 2027 1124 2077 beneficio
1131 2028 1237 2078 Pisonis:
1249 2039 1320 2095 atque

246 2091 299 2139 edd.
315 2100 370 2140 ante
383 2092 461 2142 Rhea.
496 2095 576 2145 Cario.
596 2092 669 2141 Eun.
702 2091 766 2140 Bud.
796 2102 830 2141 rta
846 2092 939 2139 additus
960 2094 1106 2155 insertusque
1121 2095 1239 2142 custodite.
1269 2094 1320 2145 Vix

249 2159 330 2207 carto.
797 2162 965 2213 tamenest,ut
976 2156 1053 2204 Taciti
1063 2157 1163 2205 namtio
1171 2172 1225 2205 cum
1233 2159 1320 2207 Graecis

277 2226 312 2270 In
327 2229 455 2283 murraque
470 2224 534 2268 latur
547 2220 766 2284 nomnierotur]
797 2220 826 2268 iis
843 2234 891 2267 non
909 2229 1005 2284 pugnet
1038 2220 1107 2269 certe
1122 2236 1164 2271 nso
1183 2222 1318 2283 Suetonius,

142 2288 147 2295 ’
246 2287 355 2349 Suspicor
364 2285 550 2348 proposition·
562 2298 610 2331 non
626 2298 675 2331 esse
690 2299 705 2330 a
717 2284 767 2331 Ta·
797 2300 866 2349 opem
882 2300 1025 2349 quemquam
1041 2284 1121 2333 tulisse
1135 2286 1226 2345 Galba,
1240 2286 1318 2336 refert.

245 2351 298 2398 cito.
309 2348 767 2411 Lir.2l‚7.uduersumfimurtrugulo
797 2348 872 2397 lues.
905 2350 1003 2414 Recepit
1015 2348 1183 2398 Pioheuacum
1199 2351 1317 2415 sequenti-

242 2415 431 2476 groviteriotur.
463 2415 554 2461 Auctor
564 2412 768 2462 Africanibellic.
796 2414 848 2475 bus,
865 2414 1112 2475 comessationem
1129 2430 1177 2463 non
1192 2416 1262 2479 longe
1275 2418 1318 2465 ab.

245 2481 286 2536 78.
292 2481 344 2542 pilo
351 2480 519 2542 parmenidem
529 2484 600 2540 caput
611 2481 680 2527 ictuc.
697 2478 766 2528 ldem
796 2478 936 2540 horrentem,
947 2496 963 2528 u
972 2481 1047 2530 Gallu
1058 2482 1148 2528 custodi
1159 2487 1182 2530 st
1192 2497 1207 2528 a
1219 2484 1318 2532 Purus

245 2546 286 2592 85.
312 2545 396 2608 Rufus
406 2546 529 2591 bachium
540 2545 623 2605 gladio
629 2558 764 2605 percussus.
796 2546 898 2592 additus.
930 2544 978 2594 Ed.
994 2562 1030 2609 pr.
1041 2561 1068 2592 uo
1081 2547 1160 2594 Golia
1175 2549 1287 2594 cusmdice
1301 2563 1317 2594 a

244 2610 368 2658 Suetonius
386 2609 453 2673 Aug.
469 2610 509 2656 20.
528 2624 583 2655 crus
599 2615 623 2655 et
640 2615 767 2670 utrumque
796 2609 888 2658 Pisone.
902 2610 982 2658 Guelf.
998 2607 1085 2672 (Bud.)
1098 2609 1150 2657 edd.
1161 2618 1216 2658 vett.
1227 2626 1316 2672 omnes,

245 2674 368 2721 brachium
379 2676 549 2721 cmuuucmtus.
567 2672 659 2720 Guort.
681 2673 721 2720 Sic
731 2675 766 2722 ri-
795 2683 822 2721 ut
830 2677 859 2721 ab
870 2674 936 2723 initio
946 2673 1081 2722 indicatum·
1096 2673 1199 2724 Acidalii
1210 2677 1318 2724 comestio

245 2753 298 2786 sum
305 2748 327 2786 et
334 2739 441 2787 Heinsio.
451 2739 542 2788 Verum
549 2748 590 2786 est.
600 2738 674 2786 Eun.
684 2736 766 2788 Recte.
795 2740 881 2786 Pisoni
898 2753 944 2786 non
956 2738 1138 2787 contemnenda:
1155 2739 1195 2787 sed
1205 2754 1252 2788 non
1262 2756 1318 2805 pro-

245 2803 285 2852 Sic
295 2813 318 2851 et
327 2802 384 2866 Bip.
794 2811 872 2866 pterea
882 2805 913 2850 at
929 2805 1058 2852 custodiam
1074 2804 1242 2852 necessarium:
1259 2818 1316 2854 nam

285 2867 400 2916 Centurio
420 2871 443 2915 is
461 2869 591 2916 Pratortae
612 2869 713 2916 cononis
734 2871 766 2916 od
795 2867 977 2916 custodioeidem
989 2867 1109 2932 significat.
1126 2869 1198 2916 Eun.
1226 2868 1314 2928 Verba,

246 2933 327 2982 Gattae
354 2934 484 2982 mnodum
509 2949 525 2980 o
542 2935 632 2981 Pisone
655 2933 763 2998 Minus]
794 2945 847 2996 qua
861 2931 899 2981 hic
910 2931 980 2981 editio
990 2931 1077 2981 Alcinti
1093 2933 1194 2990 intrusit,
1211 2947 1254 2981 nec
1265 2933 1317 2982 Pu·

243 2997 321 3046 Aliter
328 3007 438 3062 oonoepta
447 2998 514 3048 lectio
524 2997 550 3045 in
557 2998 662 3046 Farnssii
671 2997 763 3046 codicc=
794 2995 899 3046 teolanus
908 2997 986 3058 habet,
998 3011 1041 3046 neo
1051 2997 1117 3046 Bud.
1129 2997 1216 3056 codex;
1235 2997 1315 3060 rejecit

247 3064 362 3111 Centurio
376 3064 537 3112 tsPraeurtae
552 3078 580 3110 oo
594 3063 676 3112 Gutta
688 3070 765 3110 oudo-
793 3069 817 3110 et
828 3061 905 3110 Rhen.
1339 3098 1342 3107 .

244 3129 291 3174 dia
311 3143 326 3173 u
344 3129 434 3176 Pom
455 3129 558 3176 aidum.
593 3127 656 3186 Quae
677 3127 764 3176 utravis
828 3126 961 3175 Occurrent
978 3127 1090 3188 aruntis]
1116 3126 1155 3176 Sic
1165 3125 1238 3176 edidit
1248 3127 1314 3176 Rhe·

244 3201 323 3239 tamen
338 3207 423 3255 parum
437 3192 497 3240 mibi
507 3200 575 3240 certa.
607 3191 673 3250 Quid
683 3191 765 3238 enim?
793 3205 868 3238 nanus
879 3193 904 3256 (e
914 3191 990 3254 Buri.)
1002 3205 1056 3240 cum
1066 3199 1120 3240 ante
1130 3199 1188 3240 esset
1199 3197 1314 3241 armatus.

244 3272 259 3303 a
275 3257 361 3304 Pisone
377 3265 454 3304 custos
469 3256 508 3304 hic
526 3256 609 3304 Galbae
625 3256 764 3320 appositus?
794 3255 986 3304 Gudiurntotir.
995 3255 1031 3304 ed.
1039 3273 1074 3320 pr.
1084 3259 1166 3305 armis.
1183 3255 1244 3304 Mox
1255 3257 1314 3306 bene

245 3319 370 3379 Quomodo
380 3321 458 3384 potuit
467 3329 510 3368 aut
520 3321 622 3369 debuit?
638 3336 693 3369 curn
704 3320 762 3369 Gal·
793 3319 857 3368 idem
874 3325 899 3378 (e
909 3320 986 3381 Bud.)
996 3335 1050 3368 rum
1067 3328 1185 3385 protum.
1218 3319 1265 3370 Sed
1281 3321 1314 3370 sic

243 3387 280 3433 bae
289 3401 352 3440 sane,
364 3395 391 3433 ut
403 3386 514 3450 Principi,
524 3385 624 3448 legitimi
638 3386 675 3434 sui
685 3394 762 3433 unto-
792 3385 843 3446 jam
861 3385 896 3433 ed.
912 3400 945 3450 pr.
957 3401 1010 3448 quta
1026 3384 1097 3433 etiam
1113 3387 1251 3433 advenirent
1271 3398 1314 3450 pro

243 3449 283 3498 das
294 3459 317 3498 et
326 3449 445 3514 stipatores
454 3450 549 3499 fuerint.
571 3449 689 3514 Denique,
699 3451 762 3500 uude
794 3451 912 3498 adornare.
930 3449 997 3497 Male
1007 3457 1086 3498 conns
1094 3453 1165 3514 justu
1176 3466 1218 3516 pro
1229 3451 1313 3511 missu,

244 3531 272 3562 ca
286 3515 410 3564 auctoritas
428 3515 527 3564 Pisoni?
559 3515 669 3563 Tacitum
691 3516 761 3563 etiam
811 3513 857 3561 uod
873 3522 934 3562 recte
950 3513 1049 3562 restituit
1060 3513 1178 3563 Pichena:
1197 3515 1229 3563 sio
1239 3514 1313 3564 MSS.

242 3579 321 3642 ipsum
337 3579 403 3643 lege:
421 3580 509 3630 videbis
523 3581 583 3629 clare
597 3580 761 3643 Sempronium
823 3594 856 3626 or.
869 3577 946 3628 Guelf.
959 3578 1010 3626 edd.
1022 3588 1076 3628 ante
1087 3578 1164 3627 Rhen.
1176 3588 1198 3627 et
1209 3579 1241 3627 sic
1252 3595 1313 3644 saepe

242 3644 306 3691 hunc
325 3659 371 3691 non
390 3645 473 3693 Galba
489 3653 597 3704 tutorem,
615 3644 655 3692 sed
672 3643 761 3693 Pisonis
792 3643 1019 3706 loquiturintalire
1030 3644 1132 3692 Tacitus.
1149 3646 1221 3692 Eun.
1247 3645 1314 3692 Butl.

242 3709 328 3764 fuisser
346 3709 385 3756 oui
398 3709 504 3772 quamvis
519 3711 638 3758 vulnerato
648 3707 761 3772 effugium
794 3707 908 3756 aduenere
919 3711 998 3772 jussu.
1031 3709 1117 3757 Noster
1133 3711 1208 3756 missu
1225 3709 1313 3773 passim

243 3773 312 3820 etiam
320 3774 426 3836 praebuit.
452 3774 529 3836 Igitur
538 3775 679 3821 inclinabam
690 3774 761 3822 utle-
794 3771 870 3822 habet
888 3773 943 3822 vid.
955 3773 1004 3820 ind.

242 3853 336 3900 gerem:
356 3839 470 3886 Centurio
484 3842 506 3886 ir
520 3841 645 3894 Praetorii,
659 3853 674 3884 o
687 3841 762 3887 Gutta
838 3839 932 3900 Vuguro
948 3835 1050 3900 gaudio]
1073 3839 1203 3902 Repertnm
1220 3837 1246 3885 in
1263 3845 1313 3901 opt.

244 3903 356 3969 aristogiton
376 3903 474 3949 Pisonis
493 3905 604 3951 additus:
630 3902 699 3951 utin
720 3903 761 3952 illo
794 3901 870 3951 Vatio.
882 3917 928 3950 nou
944 3901 1035 3966 sprevi:
1053 3903 1164 3967 quoniam
1175 3902 1260 3966 passim
1272 3917 1313 3950 ve-

243 3975 310 4014 motn
327 3982 405 4014 rerum
419 3967 504 4026 Galba,
520 3967 549 4016 de
566 3969 650 4016 Pisone
666 3968 760 4026 anxius,
794 3975 852 4015 teres
868 3968 901 4015 ita
916 3967 1005 4016 locutos
1020 3965 1129 4016 sciebam.
1160 3967 1216 4015 Vox
1232 3973 1312 4014 autem

244 4030 511 4079 addideriteicustodem
518 4033 692 4081 centurionem.
707 4032 761 4080 Hoc
794 4041 856 4095 apta,
876 4031 906 4079 ad
922 4032 1029 4080 habitum
1046 4031 1210 4096 explicandum
1227 4031 1313 4079 mentis

242 4094 376 4160 probabilez
400 4095 497 4143 sustinet
512 4112 551 4144 me
566 4107 644 4145 umen
661 4114 676 4144 a
692 4097 761 4161 pleno
793 4096 878 4158 gaudio
893 4096 983 4145 diffusa
994 4105 1017 4144 et
1027 4097 1090 4146 velut
1106 4096 1213 4145 natantis.
1236 4091 1313 4144 lons.

244 4159 341 4208 adsensu
349 4159 398 4207 Dio
406 4170 430 4208 et
440 4161 594 4210 Plutarchus:
612 4162 654 4226 qui
664 4162 697 4209 ita
707 4174 760 4208 nar-
798 4163 887 4210 Vocare
897 4171 957 4210 recte
967 4161 1066 4210 restium
1075 4161 1180 4210 Freinsh.
1190 4159 1253 4224 quod
1263 4175 1315 4208 om-

241 4233 302 4283 rant,
314 4233 342 4272 ut
353 4225 504 4288 Sempronius
514 4227 615 4276 Galbam
626 4225 760 4284 defenderit,
793 4239 833 4273 nes
844 4235 897 4274 tmte
907 4225 1015 4290 Lipsium
1030 4225 1083 4274 edd.
1093 4225 1162 4274 eham
1179 4224 1257 4287 suipti
1273 4225 1314 4273 alii

199 4312 204 4325 .
244 4304 291 4336 non
310 4289 427 4338 Pisonem
463 4289 489 4340 si
506 4305 545 4338 eos
565 4291 691 4356 sequimm‚
709 4299 761 4339 tum
791 4289 884 4339 habent.
917 4289 991 4340 Solita
1000 4299 1078 4339 autem
1088 4289 1187 4342 librariis
1197 4289 1247 4338 haeo
1257 4303 1312 4338 con-

243 4362 346 4402 mentem
357 4355 479 4403 verborum
494 4355 571 4404 Taciti
582 4356 674 4415 faciam,
685 4364 713 4402 ut
723 4354 761 4404 hio
792 4355 861 4416 lusio,
873 4359 905 4409 (v.
911 4353 1070 4404 Drakenbad
1079 4355 1132 4404 Liv.
1141 4357 1166 4416 5,
1176 4356 1200 4403 8.
1208 4355 1249 4416 27,
1263 4353 1311 4412 16.)

243 4419 393 4481 Sempronius
399 4421 625 4471 venubincohortes
633 4421 761 4477 Praetorias,
793 4419 850 4470 sorte
866 4421 936 4470 enam
951 4419 995 4470 has
1011 4419 1040 4469 de
1056 4435 1146 4482 caussa,
1156 4418 1220 4484 quod
1235 4419 1312 4471 madia
