3059 4975
230 274 297 317 nc.
311 258 394 331 71.]·
595 255 673 315 LlB.
696 256 748 313 IV.
771 255 863 315 CAP.
884 260 931 316 40.
1241 259 1301 331 273

204 403 331 485 'rerum
347 422 430 485 fama
447 442 482 483 ac
496 418 629 485 militum
651 420 772 498 studiis,
795 421 887 484 etiam
911 420 1047 530 populus
1058 421 1201 501 fovebat,
1221 424 1297 510 quia

227 506 259 570 in
284 508 437 571 neminem
459 505 542 583 ultra
561 506 655 570 aciem
680 506 852 570 saevierant«
896 507 943 573 In
963 507 1121 572 ferebatur
1135 509 1323 575 Antonius·
1365 577 1369 584 ,

228 593 461 657 Scribonianum
475 594 633 670 Crassum,
645 592 777 679 egregiis
787 593 958 678 majoribus
968 605 1000 655 et
1011 593 1148 657 fraterna
1159 594 1295 680 imagine

225 678 408 765 fulgentem,
421 676 462 740 ad
474 678 691 764 capessendam
703 677 942 825 Remppblicam
956 678 1115 742 hortatus:
1138 678 1225 743 baud
1240 681 1296 744 de-

225 763 334 829 futura
343 763 534 829 consciorum
549 786 655 841 manu,
671 762 703 825 ni
720 764 786 825 Scri
828 762 940 825 nianus
949 764 1117 841 abnuisset,
1129 787 1168 828 ne
1178 766 1295 852 paratis

225 850 354 947 quidem
369 848 531 935 conrumpi
546 847 653 925 facilis,
669 848 747 911 adeo
761 862 905 911 metuens
925 849 1051 913 incerta.
1097 850 1202 936 Igitur
1216 852 1294 915 Mu-

225 958 341 1014 cianus,
357 935 431 1022 quia
445 932 606 1021 propalam
621 932 754 1020 opprimi
769 933 928 997 Antonius
949 934 1109 1020 nequibat,
1130 936 1237 1001 multis
1257 938 1292 1002 in

227 1023 344 1085 Senatu
359 1020 505 1085 laudibus
519 1018 723 1095 cumulatum,
739 1018 862 1083 secretis
875 1020 1032 1107 promissis
1046 1034 1165 1098 onerat,
1181 1030 1203 1061 “
1217 1024 1292 1087 cite-

224 1106 337 1171 riorem
363 1106 766 1193 Hispaniam”·ostentans,
798 1105 978 1169 “discessu
1005 1104 1109 1169 Cluvii
1134 1108 1212 1171 Rufi
1236 1133 1292 1173 va·

224 1215 314 1257 cuam
325 1194 354 1267 ;''
368 1190 460 1257 simul
471 1191 576 1255 amicis
587 1191 655 1278 ejus
666 1190 863 1255 Tribunatus
871 1192 1140 1278 Praefecturasque
1148 1192 1290 1279 largitur.

225 1276 321 1354 Dein,
387 1291 510 1364 stquam
528 1277 651 1341 inanem
666 1277 804 1341 animum
827 1300 881 1363 spe
895 1290 927 1341 et
940 1277 1087 1364 cupidine
1107 1277 1290 1365 inpleverat,

224 1363 304 1427 vires
326 1301 445 1429 aliter:
469 1363 595 1428 dimissa
617 1363 650 1427 in
671 1362 802 1427 hiberna
822 1360 943 1448 legione
964 1363 1106 1451 septima,
1124 1366 1217 1452 cujus
1235 1364 1291 1430 fla-

223 1450 439 1535 grantissimus
460 1449 494 1511 in
508 1448 685 1511 Antonium
706 1470 801 1511 amor.
846 1450 892 1511 Et
908 1449 1000 1513 tertia
1017 1449 1110 1535 legio,
1130 1450 1290 1518 familiaris
1350 1524 1355 1531 ,

224 1534 321 1599 Arrio
332 1536 420 1601 Varo
433 1533 532 1612 miles,
545 1534 579 1597 in
596 1534 717 1621 Syriam
730 1533 864 1597 remissa.
909 1536 988 1599 Pars
1000 1534 1153 1599 exercitus
1167 1536 1200 1600 in
1211 1538 1293 1601 Ger-

224 1619 342 1685 manias
356 1621 537 1685 ducebatur.
573 1619 625 1683 Sic
640 1632 755 1705 egesto,
770 1618 926 1706 quidquid
938 1620 1111 1698 turbidum,
1125 1621 1207 1685 redit
1220 1624 1292 1687 urbi

225 1728 282 1771 sua
294 1707 395 1770 forma
408 1706 554 1794 legesque
568 1720 599 1771 et
612 1706 720 1769 munia
734 1703 991 1791 Magistratuum.

269 1792 344 1856 XL.
368 1796 440 1870 Quo
454 1792 505 1856 die
521 1794 670 1856 Senatum
690 1792 848 1877 ingressus
861 1805 908 1856 est
923 1791 1131 1873 Domitianus,
1148 1801 1170 1833 ‘⁴
1184 1794 1225 1858 de
1237 1794 1293 1859 ab·

226 1878 324 1943 sentia
337 1877 434 1964 patris
455 1877 621 1964 fratrisque
635 1900 672 1940 ac
686 1878 820 1964 juventa
834 1879 914 1941 sua''
932 1900 1033 1965 pauca
1050 1894 1082 1943 et
1096 1879 1218 1943 modica
1231 1880 1294 1944 dis·

225 1962 329 2041 seruit,
346 1963 476 2029 decorus
494 1962 622 2027 babitu:
638 1976 679 2041 et,
695 1962 809 2061 ignotis
822 1962 926 2026 adbuc
945 1957 1094 2041 moribus,
1109 1964 1217 2030 crebra
1233 1966 1295 2030 oris

225 2050 366 2113 confusio
402 2071 438 2113 ro
458 2047 608 2112 modestia
620 2048 837 2145 accipiebatur.
882 2049 1052 2113 Referente
1067 2055 1201 2129 Caesare,
1217 2059 1239 2091 “
1253 2052 1295 2115 de

224 2072 422 2199 restituendis
446 2134 559 2199 Galbae
585 2134 785 2211 honoribus,'’
808 2133 927 2198 censuit
951 2136 1082 2199 Curtius
1107 2138 1294 2215 Montanus,

226 2228 249 2295 ξ(
261 2233 297 2285 ut
308 2220 430 2285 Pisonis
467 2241 570 2306 uoque
584 2218 731 2283 memoria
746 2218 981 2286 celebraretur.'’
1003 2222 1113 2285 Patres
1124 2235 1295 2307 utrumque

221 2306 359 2394 jussere:
392 2244 569 2371 delinire
594 2306 722 2369 inritum
745 2304 817 2369 fuit.
863 2308 952 2370 Tum
974 2321 1056 2371 sorte
1079 2307 1178 2386 ducti,
1203 2314 1225 2347 ‘⁶
1238 2330 1296 2394 per

224 2416 305 2543 quos
327 2392 534 2457 redderentur
553 2389 635 2455 bello
659 2404 759 2477 rapta,
780 2390 903 2477 quique
924 2416 987 2456 aera
1006 2391 1124 2490 legum,
1139 2406 1295 2457 vetustate

247 2479 360 2566 elapsa,
376 2489 535 2543 noscerent
545 2476 748 2565 figerentque,
760 2487 793 2541 et
806 2476 1104 2556 fastoa'adulatione
1118 2494 1295 2566 temporum
1398 2554 1400 2558 Ι

224 2565 368 2644 foedatos,
383 2578 596 2638 exonerarent,
611 2562 804 2650 modumque
823 2562 957 2650 publicis
976 2565 1112 2652 inpensis
1129 2566 1295 2630 forment?

225 2651 385 2716 Redditur
400 2648 512 2716 Tertio
526 2651 550 2713 J
551 2649 656 2714 uliano
671 2651 828 2726 Praetura,
849 2665 1015 2736 postquam
1035 2651 1179 2738 cognitus
1193 2651 1295 2716 estad

225 2737 453 2824 Vespasianum
464 2735 656 2821 confugisse:
681 2735 805 2822 Gripho
817 2735 916 2798 honor
927 2736 1048 2800 mansit.
1093 2737 1208 2823 Repeti
1220 2736 1296 2800 inde

225 2822 430 2908 cognitionem
454 2821 535 2884 inter
550 2819 736 2883 Musonium
751 2821 878 2884 Rufum
898 2832 930 2882 et
949 2823 988 2884 P.
1002 2820 1142 2885 Celerem
1164 2821 1295 2908 placuit,

225 2906 452 3002 damnatusque
472 2904 606 2970 Publius
627 2917 659 2970 et
684 2906 794 2970 Sorani
816 2903 970 2969 Manibus
995 2906 1195 2973 satisfactum.
1241 2906 1296 2972 In-

256 3140 377 3188 Antonius
386 3141 475 3206 Scrib]
488 3142 593 3190 Fratrem
603 3140 632 3188 Ir.
641 3141 742 3200 Pisonis,
809 3142 903 3202 Quique
913 3141 1120 3204 oerabgurnetc]
1145 3139 1202 3187 MS.
1213 3135 1296 3188 Guelf.

223 3221 295 3270 quem
307 3205 384 3255 Galba
394 3205 549 3268 adoptaverat.
566 3205 637 3252 Ean.
666 3205 704 3254 Cf.
718 3205 742 3266 l,
775 3211 859 3253 nanta
883 3204 948 3264 vitio,
968 3204 1031 3266 quod
1048 3216 1131 3252 natum
1152 3203 1297 3266 coemptura

225 3271 263 3318 15.
274 3272 313 3325 47.
323 3267 370 3320 48:
396 3267 458 3318 Mox
467 3269 529 3317 Bud.
536 3271 647 3332 patratis.
774 3285 824 3328 era,
836 3277 864 3317 ut
876 3279 911 3317 est
921 3270 946 3316 in
961 3269 997 3316 ed.
1009 3285 1045 3332 pr.
1078 3267 1171 3317 Deinde
1181 3268 1244 3316 edidi
1258 3270 1297 3316 di-

144 3329 147 3336 ’
226 3329 228 3336 ’
255 3335 535 3397 Inmwmaotmwnem]
551 3334 567 3380 i.
578 3333 682 3382 einanis
692 3334 743 3397 glo·
775 3336 841 3397 lapsa
851 3349 895 3396 pro
905 3334 1008 3394 delapsa,
1018 3333 1081 3396 quod
1091 3333 1160 3381 nihili
1169 3342 1249 3391 estex
1259 3329 1297 3380 ed.

222 3399 263 3448 ria
276 3409 298 3450 et
315 3400 430 3449 honorum
447 3399 571 3460 cupiditate
584 3409 686 3462 captum,
701 3398 743 3446 ad-
791 3415 811 3446 r.
844 3397 1033 3446 AddeodAnn.
1047 3398 1176 3457 acuunt
1191 3397 1298 3445 similiter

224 3480 296 3528 eoque
306 3462 398 3512 facilem
409 3464 506 3526 deceptu
517 3462 603 3512 talibus
618 3463 744 3527 promissis.
800 3464 886 3512 scitum
901 3461 1048 3522 correximus.
1082 3461 1296 3511 Derensueton.

223 3527 285 3577 Mox
294 3529 330 3577 ed.
339 3546 373 3592 pr.
384 3529 463 3577 vitiose
471 3529 553 3576 odom.
571 3527 693 3592 Mangr.
701 3527 744 3576 od'·
776 3528 849 3591 Vesp.
857 3529 881 3575 8.
897 3527 971 3574 Eun.
999 3525 1061 3573 Bud.
1073 3527 1205 3574 maletrat.
1233 3525 1296 3574 Mox

224 3593 285 3641 tmtt.
303 3595 375 3642 Eun.
408 3593 563 3642 Budabolet.
728 3593 729 3596 ’
775 3594 954 3654 delapsa,bcno
984 3591 1035 3638 Nec
1045 3589 1296 3640 hucfacitlocusSue·

257 3659 448 3706 Rcdttarbtsoo
459 3655 497 3722 f.]
523 3657 568 3704 Ed.
581 3674 616 3721 pr.
628 3658 690 3705 redit
700 3673 743 3704 sao
777 3657 882 3716 tonii,in
899 3655 992 3719 quode
1008 3655 1153 3718 conflagrans
1169 3671 1253 3714 sermo,
1270 3657 1298 3703 ut

216 3723 535 3785 formolcglborctmontis
549 3723 743 3784 magistratuum.
775 3731 835 3772 recte
845 3720 1007 3784 monentBip.
1103 3757 1106 3764 .
1214 3719 1218 3724 ’

224 3786 356 3848 Vulgarum
367 3788 450 3834 melius
459 3796 503 3840 est,
532 3785 743 3849 Nonformalegi·
809 3787 897 3846 Εἰμὶ
909 3785 1001 3849 sartos]
1031 3785 1070 3833 Sic
1081 3784 1143 3848 vulg.
1177 3784 1297 3833 SedFlor.

223 3851 446 3914 busredit,sedvis
464 3851 536 3899 Eun.
570 3851 631 3898 Mox
643 3851 745 3900 Eud-dc
776 3850 870 3899 etBud.
879 3849 904 3897 id
915 3852 956 3910 qui
965 3865 1012 3897 non
1020 3849 1112 3897 habent
1146 3849 1298 3911 Deleritjam

224 3917 330 3965 essentia.
778 3915 887 3980 Pichena.
922 3914 991 3962 Prius
1000 3914 1103 3962 Huetius
1113 3915 1205 3963 volebat
1214 3918 1298 3977 refige-

256 3977 590 4042 Ettgnottsudhuemortbas]
607 3978 744 4028 msouett.
777 3987 882 4041 reusque.

224 4048 339 4107 rgrrotosr
362 4055 385 4094 et
403 4045 427 4094 in
448 4044 483 4092 ed.
503 4060 539 4108 pr.
555 4053 672 4106 punctum
692 4053 746 4106 post
811 4046 897 4092 Fartus
908 4043 1185 4107 odrrlmionccorroptos]
1203 4040 1300 4090 Adscri-

225 4111 334 4158 rnorilms.
368 4109 501 4173 vulgatum
514 4118 647 4158 verumest.
672 4110 745 4158 Eun.
778 4108 825 4171 ptis
835 4107 961 4156 honoribus
971 4125 1013 4172 per
1023 4109 1188 4165 auuhtionem,
1201 4106 1241 4169 qui
1252 4120 1300 4152 non

225 4173 289 4223 Buu.
300 4173 378 4222 habet.
779 4172 922 4234 contigerant
935 4173 1083 4221 bominibus:
1102 4174 1189 4234 dequo
1199 4180 1223 4218 ct
1236 4169 1299 4232 opud

269 4241 332 4285 Turn
346 4245 407 4287 sorte
425 4241 491 4287 ducti
508 4240 563 4303 etc]
599 4239 663 4286 Bud.
683 4240 747 4286 Tam
781 4238 915 4285 Ciceronem
928 4238 1070 4301 Liviumquc
1087 4237 1232 4300 reperiuntur
1242 4249 1300 4297 quc-

224 4309 303 4364 ropto‚
315 4302 405 4350 omissis
415 4303 565 4354 intermediis
600 4303 746 4353 Ethancla-
780 4302 843 4365 relae.
859 4301 930 4351 Eun.
1168 4326 1170 4331 ·

224 4382 310 4436 cunam
320 4367 379 4436 tueri
390 4368 471 4418 nititur
481 4369 558 4419 eren.

269 4453 343 4498 von.
361 4452 412 4496 111.
742 4433 744 4438 '
1109 4447 1130 4490 r
