3059 4975
234 251 292 304 su
620 245 922 308 ursroaraauu
1134 245 1305 320 [anast.

236 432 310 473 cum
330 409 463 488 interim,
479 409 562 474 lleuu
578 411 720 474 autumni
739 425 771 474 et
784 413 900 478 crebris
915 409 972 499 per
985 410 1119 474 hiemem
1139 410 1301 488 imbribus,

239 494 421 581 superfusus
440 496 539 559 amnis
562 495 730 582 palustrem
750 497 964 584 humilemque
982 495 1116 560 insulam
1137 496 1170 559 in
1191 495 1301 560 faciem

238 580 338 665 stagni
354 579 508 668 opplevit:
524 604 581 646 nec
591 579 694 644 classis
708 598 763 646 aut
777 597 967 647 commeatus
979 581 1124 646 aderant:
1141 593 1314 668 ususque,

236 666 269 728 in
284 665 458 752 plancam,
474 667 506 728 vi
520 665 657 730 fluminis
677 665 908 732 differebantur.

283 751 415 815 XXIV.
440 753 618 816 “*Potuisse
632 762 707 814 tunc
721 752 855 838 opprimi
869 753 1015 840 legiones,
1030 766 1062 818 et
1074 752 1206 818 voluisse
1221 756 1301 820 Ger·

238 860 354 912 uranos,
379 837 433 900 scd
458 837 530 902 dolo
549 861 568 900 a
590 860 622 900 se
638 835 763 914 flexos,''
782 838 938 924 inputavit
953 839 1072 904 Civilis.
1114 841 1226 925 Neque
1244 841 1299 904 ab·

237 923 342 986 horret
359 945 443 998 vero,
461 923 588 1008 quando
608 921 716 1008 paucis
734 936 805 1008 post
818 923 929 991 diebus
950 925 1067 990 deditio
1089 927 1226 990 insecuta
1244 938 1300 990 est.

237 1009 320 1070 Nam
343 1007 470 1072 Cerialis
495 1032 550 1096 per
569 1007 705 1072 occultos
730 1009 856 1074 nuntios
878 1012 1045 1075 “Batavis
1066 1035 1184 1098 pacem,
1206 1010 1298 1076 Civili

237 1093 388 1170 veniam‚''
401 1109 568 1173 ostentans,
583 1093 746 1170 Veledam,
760 1095 1014 1182 propinquosque
1028 1098 1184 1176 monebat,
1203 1105 1224 1155 “-
1237 1098 1299 1160 for·

237 1191 344 1243 tunam
364 1178 447 1257 belli,
463 1191 509 1243 tot
522 1179 663 1244 cladibus
676 1179 847 1259 adversam,
862 1196 1040 1267 opportuno
1052 1207 1128 1269 erga
1141 1182 1300 1270 Populum

238 1267 418 1330 Romanum
432 1266 542 1330 merito
557 1277 685 1330 mutare.
732 1268 838 1329 Caesos
852 1269 1017 1345 Treveros,
1031 1281 1172 1354 receptos
1186 1269 1298 1345 Ubios,

238 1364 374 1437 ereptam
395 1351 521 1414 Batavis
542 1351 690 1438 patriam:
714 1373 816 1436 neque
828 1352 914 1416 aliud
929 1352 1038 1418 Civilis
1058 1353 1192 1436 anuoitia
1210 1377 1300 1439 para-

238 1449 317 1513 tum,
332 1459 426 1522 quam
441 1436 578 1514 vulnera,
600 1437 703 1522 fugas,
725 1435 845 1502 luctus:
869 1437 992 1502 extdem
1010 1462 1083 1503 eum
1102 1453 1133 1502 et
1146 1453 1301 1502 extorrem

237 1521 455 1608 recipientibus
470 1523 572 1588 oneri:
595 1536 627 1585 et
642 1522 714 1587 satis
727 1523 909 1608 peccavisse,
923 1524 1011 1610 quod
1025 1524 1137 1590 totiens
1151 1524 1300 1589 Rhenum

238 1606 512 1674 transscendcrint:
547 1607 671 1694 siquid
697 1607 790 1671 ultra
805 1609 980 1687 moliantur,
1005 1610 1078 1674 inde
1101 1609 1248 1695 iujuriam
1270 1621 1302 1676 et

236 1691 286 1754 cul
311 1715 373 1770 am,
388 1693 459 1757 binc
474 1694 622 1758 ultionem
637 1708 668 1757 et
683 1695 768 1756 Deos
781 1695 876 1757 fore.''

281 1716 392 1845 liXV.
417 1781 632 1846 Miscebantur
645 1777 736 1844 minis
749 1779 906 1866 promissa.
952 1780 1008 1859 Et,
1022 1804 1170 1846 concussa
1184 1784 1301 1848 Trans-
1371 1829 1377 1846 .

237 1864 443 1929 rhenanornm
459 1865 530 1944 fide,
551 1866 632 1930 inter
647 1865 782 1929 Batavos
795 1889 921 1952 quoque
940 1890 1094 1931 sermones
1108 1867 1184 1932 orti:
1206 1875 1228 1906 “
1239 1892 1301 1933 nou

237 1950 464 2036 prorogandam
481 1951 564 2015 ultra
586 1952 724 2016 ruinam:
749 1973 807 2014 nec
930 1951 970 2015 ab
986 1975 1051 2016 una
1064 1954 1187 2017 natione
1205 1955 1301 2018 totius

237 2035 320 2098 orbis
340 2037 498 2100 servitium
514 2035 642 2124 depelli:
666 2035 743 2121 quid
759 1975 930 2122 perpetctxem
945 2038 1032 2101 caede
1046 2051 1077 2102 et
1090 2039 1246 2124 incendiis·
1256 2039 1300 2105 le·

261 2121 375 2200 onum,
390 2122 449 2185 nisi
460 2137 496 2186 ut
507 2122 611 2209 plures
620 2121 846 2209 validioresque
856 2122 1050 2187 accirentur?
1073 2125 1106 2188 Si
1118 2125 1303 2212 Vespasiano

277 2206 353 2270 llum
368 2209 557 2283 navaverint,
573 2206 801 2294 Vespasianum
818 2232 925 2272 rerum
944 2209 1055 2295 potiri;
1079 2209 1125 2272 sin
1141 2211 1301 2296 Poprdum

238 2293 413 2356 Romanum
438 2293 530 2358 armis
552 2307 729 2380 provocent,
745 2309 873 2379 quotam
892 2306 1013 2381 partem
1033 2295 1154 2382 generis
1171 2296 1302 2360 humani

238 2377 373 2442 Batavos
394 2385 481 2444 esse?
508 2402 556 2444 res
579 2380 693 2446 icerent
715 2380 846 2444 Rhaeto‘s
866 2380 1059 2467 Noricosque
1078 2394 1110 2446 et
1128 2396 1301 2446 ceterorum

238 2487 332 2529 onera
343 2465 513 2540 sociorum
537 2403 595 2529 alsi
609 2487 670 2529 non
684 2464 811 2545 tributa,
827 2466 881 2531 sed
891 2466 1038 2531 virtutem
1051 2482 1083 2531 et
1094 2467 1175 2532 viros
1188 2467 1300 2533 indici:

237 2551 414 2635 proximum
432 2551 465 2613 id
478 2552 629 2614 libertati:
653 2566 694 2629 et,
709 2550 733 2613 si
747 2550 944 2615 dominorum
958 2552 1065 2618 electio
1080 2554 1129 2630 sit,
1145 2554 1303 2618 honestius

237 2633 396 2718 Principes
410 2636 637 2712 Romanorum,
652 2658 749 2718 quam
761 2636 987 2703 Germanorum
1003 2638 1133 2700 feminas
1148 2638 1299 2703 tolerari.”

240 2721 322 2783 Haeo
331 2718 453 2805 vulgus.
477 2721 641 2783 Proceres:
659 2726 680 2759 “
689 2719 839 2783 atrociore
851 2719 959 2783 Civilis
970 2722 1056 2785 rabie
1064 2734 1163 2787 semet
1173 2724 1205 2788 in
1217 2748 1301 2790 arma

237 2820 356 2879 trusos:
390 2806 478 2870 illum
497 2804 672 2869 domesticis
690 2804 779 2868 malis
801 2806 957 2870 excidium
979 2808 1080 2893 gentis
1102 2812 1298 2897 opposuisse:

239 2906 314 2956 tunc
327 2890 461 2957 infensos
476 2891 602 2955 Batavis
616 2892 711 2967 Deos,
727 2908 800 2953 cum
813 2890 1029 2956 obsiderentur
1042 2892 1187 2993 legiones,
1207 2897 1299 2960 iuter-

237 2976 401 3047 ficerentur
413 2976 536 3065 Legati,
547 2974 663 3043 bellum
679 2976 733 3043 uni
747 2977 961 3055 nfflcssarium,
972 2977 1067 3046 ferale
1080 2981 1155 3070 ipsis
1168 2988 1302 3047 sumere-

271 3256 347 3301 Fteaa
359 3255 481 3316 autumni}
498 3252 561 3299 Edd.
571 3260 624 3299 ante
633 3253 709 3301 Rhen.
718 3253 752 3299 vi-
784 3251 848 3313 quod
857 3252 896 3299 hic
906 3252 1015 3301 αὶίωιιιιι.
1040 3254 1107 3317 Seps
1116 3255 1157 3302 illa
1167 3258 1236 3309 verba
1245 3270 1300 3304 con·

237 3318 294 3367 tiore
305 3322 387 3379 flaua.
421 3316 508 3363 Flexus
517 3317 625 3365 autumni
638 3318 753 3380 eleganter
784 3314 938 3365 fumsdmus.
971 3317 1200 3367 ImitatusestBrot.
1225 3320 1299 3367 Ena.

237 3383 408 3447 posteriorque
423 3396 484 3445 pars,
496 3396 591 3443 vergens
605 3381 631 3427 in
646 3381 753 3429 humens·
785 3378 819 3425 Et
828 3379 891 3427 1211.
901 3381 958 3429 item
969 3382 1025 3443 Bip.
1041 3384 1161 3430 Paratum
1177 3384 1246 3430 habet
1263 3392 1298 3431 ct-

239 3448 309 3497 Unde
327 3447 396 3495 ducta
412 3445 523 3509 loquendi
538 3444 621 3505 forma,
639 3446 707 3493 docui
727 3445 751 3492 in
784 3444 972 3508 imbreque
979 3446 1298 3509 miroraRhen.neglecturn.

238 3513 310 3560 Clave
320 3512 392 3561 Cicer.
425 3511 487 3558 Mox
499 3510 595 3558 Floret
606 3511 692 3557 crebris
705 3526 751 3571 per
783 3510 815 3556 In
830 3508 882 3555 aliis
895 3509 1102 3558 comanente
1120 3520 1205 3574 peccat,
1223 3511 1255 3559 sic
1273 3512 1299 3560 in

237 3580 335 3624 hiemem
346 3578 465 3624 imbribus.
489 3574 560 3622 Ena.
584 3574 751 3621 Fleaulthen.
783 3588 831 3636 seq.
843 3576 976 3637 prestetum
997 3590 1040 3637 pro
1056 3576 1205 3637 perfecturus
1225 3577 1299 3639 furer

236 3641 321 3689 eBud.
349 3642 387 3689 Sic
398 3643 431 3688 Α.
443 3642 466 3699 l,
480 3641 586 3701 16.flcao
597 3641 622 3685 in
633 3653 751 3699 usqimam
783 3652 825 3701 pro
831 3639 928 3699 plures.-
945 3646 1024 3685 emm
1034 3654 1076 3703 pro
1081 3647 1216 3700 provocent.
1296 3672 1300 3681 ι

239 3708 284 3753 dir.
316 3703 365 3753 Cic.
376 3704 501 3768 proCcslic
512 3704 552 3751 31.
585 3706 618 3751 Ia
628 3704 670 3750 hoc
682 3707 751 3765 flexu
816 3705 851 3750 Et
861 3708 989 3750 aetermam
998 3717 1019 3749 0.
1030 3704 1062 3813 a}
1080 3702 1299 3766 emulamini.

237 3773 400 3830 qautaetatu.
433 3770 494 3817 Mox
512 3778 535 3817 et
553 3768 614 3831 ueg.
632 3768 694 3815 lull.
708 3783 753 3830 per
785 3766 1044 3823 &commem
1062 3768 1266 3832 .restituitRhen.

238 3835 344 3891 humum,
356 3834 419 3898 quod
429 3834 519 3882 maus.
538 3830 654 3896 nespas
664 3833 751 3895 etBip.
822 3834 926 3879 Virtutes
936 3838 959 3877 rt
969 3832 1045 3893 viror]
1070 3830 1212 3881 Rhenanum
1222 3833 1301 3882 audie·

237 3896 277 3946 cf.
286 3906 310 3944 et
320 3902 351 3945 A·
364 3900 388 3956 4,
399 3901 438 3945 25.
484 3930 488 3937 -
785 3898 840 3944 born
851 3895 1009 3968 corrigentem,
1023 3899 1174 3959 juventutem
1184 3905 1207 3945 et
1217 3899 1295 3945 viror:

273 3964 327 4009 Nec
338 3962 417 4008 clatris
427 3962 520 4024 aderat]
548 3963 640 4025 Nempe
650 3962 752 4019 dimissa,
785 3974 848 4007 nunc
857 3973 932 4020 magis
941 3974 996 4007 urm
1007 3960 1070 4009 Flcr.
1081 3961 1156 4023 legam
1168 3964 1297 4008 virtutem:

238 4044 293 4076 oum
312 4028 382 4091 plana
401 4026 543 4075 Batavorum
560 4028 611 4075 loca
626 4026 752 4090 popidandi
783 4026 810 4071 id
821 4033 856 4073 est
867 4023 978 4072 bellicum
992 4026 1023 4072 ab
1037 4026 1065 4073 iis
1082 4026 1151 4072 robur
1161 4024 1232 4086 exigi,
1249 4040 1298 4075 non

237 4108 318 4203 {3:³⁸²
327 4098 420 4205 hiim·
448 4090 509 4202 ll
523 4091 751 4203 aspargunt}
784 4088 1300 4202 Empmqfflfflp

241 4158 327 4268 eBerlii.
338 4164 442 4269 corrillite.
493 4170 563 4247 eim
587 4171 606 4203 e·
647 4168 708 4202 m
742 4172 753 4203 s
784 4169 1130 4283 bddtduasvocesvirtaumdt.
1146 4217 1207 4265 Mox
1217 4170 1298 4267 (ilem.

273 4286 358 4345 Neque
368 4287 576 4346 abad-paratam
617 4282 665 4331 Hic
678 4298 751 4345 para-
777 4284 899 4346 fiscinas.-
919 4279 1021 4343 intellige
1032 4280 1144 4334 Veledam
1161 4281 1300 4349 annuaque,

238 4355 292 4397 tant
305 4349 367 4397 edidi
380 4364 393 4395 e
404 4348 482 4399 Guelf.
494 4362 576 4411 provu
603 4379 609 4393 .
619 4354 750 4410 peractum,
784 4347 822 4396 Gi.
833 4347 858 4401 4,
869 4346 907 4394 61,
1289 4371 1297 4401 ς
