3059 4975
392 271 449 328 ns
472 269 663 330 moninus
685 267 937 329 onumamrs.
954 264 1043 329 oar.
1067 273 1114 330 rs.
1227 279 1313 352 roo,-

211 427 410 516 exprimente.
453 425 580 495 Gerunt
593 445 625 495 et
638 427 776 494 ferarum
798 427 904 516 pelles,
928 434 1063 517 proximi
1083 433 1163 520 'ripae
1185 437 1284 522 negli·

210 529 330 599 genter,
345 516 505 579 ulteriores
518 515 712 600 exquisitim,
728 528 764 578 ut
779 517 895 600 quibus
909 516 1017 578 nullus
1031 539 1087 602 per
1099 523 1282 585 commercia

210 598 321 662 cultus.
336 601 344 619 ”“
367 601 499 685 Eligant
509 599 590 662 feras
604 613 635 662 et
649 600 789 664 detracta
802 599 956 663 velamina
978 615 1130 686 spargunt
1149 605 1277 670 maculis

210 683 404 769 pellibusque
418 682 602 759 belluarum,
618 707 697 768 quas
711 684 845 746 exterior
860 687 1004 746 Oceanus
1023 700 1118 770 atque
1135 688 1277 772 ignotum

210 789 296 830 mare
308 770 418 854 gignit.
465 769 531 830 Nec
545 767 624 830 alius
637 767 760 830 feminis
774 791 870 852 quam
881 768 956 830 viris
969 768 1105 846 babitus,
1122 772 1179 834 nisi
1194 776 1280 857 quod

209 852 333 916 feminae
347 853 460 938 saepius
480 852 568 915 lineis
590 852 753 915 amictibus
768 852 922 929 velantur,
938 875 1054 938 eosque
1067 877 1209 940 purpura
1223 881 1278 921 va-

208 936 300 1015 riant,
332 949 493 1023 artemque
501 937 630 999 vestitus
642 936 808 1021 superioris
818 937 850 999 in
865 937 1001 1000 manicas
1015 959 1077 1000 non
1089 940 1274 1020 extendunt,

209 1021 303 1083 mrdae
310 961 442 1085 brachia
456 1045 491 1084 ac
505 1021 651 1084 lacertos:
675 1021 729 1084 sed
743 1036 775 1083 et
812 1021 931 1084 roxima
944 1043 1018 1106 pars
1032 1025 1166 1108 pectoris
1179 1041 1274 1110 patet.

263 1106 401 1169 XVIII.
423 1107 622 1190 Quamquam
645 1127 749 1168 severa
769 1044 832 1169 illic
852 1106 1067 1179 matrimonia3
1099 1128 1154 1169 nec
1178 1109 1276 1198 ullam

208 1273 245 1320 sal
266 1275 455 1341 προσαγορεύοντος
474 1275 635 1339 captantum
661 1278 721 1338 queri
757 1277 816 1327 mibi
827 1275 881 1326 libri
889 1276 1060 1339 alicujusam
1078 1276 1180 1331 Isidorus
1190 1278 1228 1338 19,
1238 1281 1278 1329 23.

205 1340 297 1384 tunicas
315 1341 458 1386 masticatos
474 1355 502 1385 ex
520 1341 651 1386 centonibus
669 1346 721 1401 qai·
756 1345 894 1401 Martruca,
902 1343 970 1388 vertis
978 1343 1119 1389 Germanica
1126 1357 1155 1388 ea·
1158 1345 1278 1402 pelliculis

205 1401 301 1448 burdam
317 1409 340 1449 et
349 1405 436 1463 pannis
447 1405 493 1465 (ita
504 1403 632 1466 appellant)
642 1409 721 1464 patrio
749 1407 874 1468 firaram.
900 1405 1041 1452 Prudentius
1050 1405 1076 1450 in
1086 1405 1175 1466 Symm.
1186 1409 1211 1464 2,
1220 1408 1276 1454 69&

202 1479 269 1512 rnore
279 1467 429 1512 comeladaat
442 1472 465 1512 et
476 1473 592 1527 coaptant.
625 1468 720 1516 Certum
756 1453 924 1514 —Miutracir
946 1481 1054 1528 proceres
1075 1472 1160 1516 vestire
1178 1476 1275 1529 togatos.

204 1529 307 1576 mihiest
314 1529 410 1576 damni
419 1539 520 1578 nostram
529 1531 639 1590 tunicam,
649 1547 720 1594 quam
757 1533 838 1580 cicero
849 1532 984 1592 fragmpro
999 1533 1093 1590 Scauro,
1111 1532 1189 1579 Sardis
1207 1535 1277 1582 etism

204 1591 274 1638 etiam
294 1608 356 1640 nunc
377 1591 475 1640 abistis
495 1593 578 1656 pannis
597 1596 720 1643 Pentroelr
756 1596 852 1643 tribuit:
880 1597 1013 1643 Sardorum
1031 1601 1149 1641 raastraea
1168 1601 1276 1651 tentavit.

204 1669 320 1714 vocamus,
332 1665 434 1704 veterum
444 1657 613 1704 Germanorum
624 1665 647 1705 et
658 1659 720 1706 Pan·
757 1660 866 1706 Cetemm
885 1672 931 1706 non
943 1657 1050 1716 dubium,
1062 1659 1120 1720 quin
1135 1659 1222 1721 duplici
1239 1676 1277 1707 or-

203 1733 292 1766 nonum
308 1719 384 1782 ipsam
400 1728 493 1768 vestem.
526 1721 563 1768 Ea
579 1735 640 1776 sane,
657 1723 720 1784 quod
756 1733 813 1769 natu
828 1738 867 1770 eos
883 1737 937 1769 usos
948 1721 1044 1768 'facitur
1054 1722 1118 1778 volit,
1130 1723 1277 1783 siveeferim

204 1781 251 1830 Dio
262 1783 302 1841 sit,
318 1783 409 1832 evenis
424 1785 562 1846 panniculis,
577 1793 658 1847 prater
669 1787 719 1833 Ro·
747 1786 830 1839 ¹sivae
847 1786 956 1848 piscibus.
987 1784 1098 1832 lustinus
1114 1788 1140 1842 2,
1156 1786 1276 1836 balanus

202 1856 333 1894 manumet
344 1849 453 1893 Graecum
470 1863 567 1905 morem,
581 1849 611 1894 ad
628 1849 720 1909 singula
755 1849 909 1911 paullo‘idem
923 1848 1018 1896 tradidit
1031 1848 1060 1896 de
1074 1849 1182 1910 Scythis:
1201 1852 1276 1898 Lanae

202 1912 308 1966 membra
317 1919 400 1974 aptata.
426 1911 501 1958 lars.
532 1911 589 1958 Coti
600 1912 678 1974 Kapp.
691 1915 719 1966 (s.
756 1915 787 1958 iis
800 1928 906 1972 suasae
923 1915 1023 1968 vestium
1042 1914 1275 1976 ignotas...pellibas

202 1974 238 2020 ed.
251 1974 321 2030 Nor.)
332 1981 428 2021 arctare
445 1975 510 2022 etsie
524 1989 620 2037 semper.
647 1975 718 2023 Eun.
756 1979 849 2023 lantiam
861 1978 1005 2085 {mebant
1020 1978 1274 2038 marim’sveste'antur.

201 2038 272 2087 sicet
283 2037 398 2086 sillem.
756 2039 832 2086 ers.
879 2041 979 2087 nverbis
990 2042 1275 2100 spargaatmaealisnon

232 2103 345 2148 Proximi
357 2104 416 2163 ripa
426 2105 581 2163 negligenter,
596 2105 718 2151 ulteriores
754 2103 862 2150 baeream.
879 2104 927 2150 Ars
938 2111 972 2150 est
981 2103 1053 2165 pellea
1064 2119 1085 2150 v.
1094 2119 1114 2149 c.
1122 2105 1194 2162 albas,
1205 2105 1276 2166 nigris

202 2166 352 2226 erqairttias]
382 2165 407 2212 Si
424 2182 478 2215 vcra
491 2167 558 2214 lectio
572 2167 630 2224 hac,
646 2183 717 2230 quam
754 2167 852 2214 maculis
870 2167 999 2229 vanegare3
1019 2166 1083 2228 quod
1099 2166 1167 2213 hodie
1183 2183 1276 2230 quoque
1333 2176 1336 2180 '

200 2237 261 2274 certe
275 2228 329 2277 libri
345 2243 425 2276 omnes
440 2230 556 2284 exhibent,
572 2245 653 2277 sensus
668 2239 716 2278 asts
754 2230 804 2276 fieri
814 2231 876 2293 apud
894 2244 935 2277 nos
947 2229 1001 2277 vidi
1035 2231 1089 2277 Istis
1103 2231 1200 2278 rudibus
1216 2241 1274 2278 tem-

201 2290 307 2338 Proximi
318 2293 373 2355 ripae
384 2292 462 2341 Rheni
473 2304 570 2340 utuntur
578 2294 613 2340 illi
623 2294 717 2356 quidem
754 2294 849 2356 poribus
859 2293 918 2341 forte
928 2294 1015 2341 factum
1025 2294 1114 2340 adsutis
1125 2295 1183 2341 alius
1194 2296 1275 2352 coloris

200 2355 299 2416 pellibus
313 2355 342 2402 nd
357 2358 472 2415 vestitum,
485 2357 524 2404 sed
543 2357 609 2403 nullo
619 2358 717 2416 delectu,
754 2358 885 2418 segmentis.
905 2357 1025 2404 Mastruca
1035 2357 1291 2420 sordidiorestquam‘

199 2419 265 2466 nullo
282 2428 380 2475 ornatu3
406 2420 461 2482 quia
480 2421 615 2468 commercia
631 2421 717 2469 habent
754 2431 782 2468 ut
792 2422 812 2467 ei
823 2422 934 2484 exquisiti
943 2421 1037 2468 vestitus
1050 2420 1137 2468 nomen
1145 2424 1273 2469 conveniat»

199 2497 254 2529 cum
269 2483 390 2545 provinciis
401 2483 471 2532 Rom.
483 2500 556 2547 eoque
572 2494 670 2532 utuntur
680 2502 718 2534 ve·
755 2485 831 2533 Pelles
853 2502 921 2549 porro
934 2484 1081 2542 belluarum,
1100 2501 1159 2547 quas
1177 2487 1275 2535 exterior

200 2547 274 2593 stibus
289 2547 462 2598 melioribusad
477 2549 575 2595 modurn
590 2550 718 2612 provincis-
753 2548 862 2596 Oceanus
883 2549 965 2611 gignit,
984 2559 1054 2623 atquc
1071 2550 1177 2611 ignotum
1200 2565 1275 2608 mare,

198 2610 265 2657 lium.
292 2610 328 2657 At
339 2612 591 2671 remotioresslibeno‚
603 2614 658 2674 quis
666 2614 717 2661 aliis
752 2612 980 2674 nonintelligamde
994 2613 1102 2673 piscibus.
1136 2613 1211 2661 Pelles
1222 2615 1275 2677 quis

198 2674 300 2721 vestibus
310 2682 394 2734 carent,
407 2691 465 2738 quas
480 2692 492 2722 e
504 2678 647 2724 commerciis
661 2692 715 2725 cum
753 2676 840 2723 tribuat
847 2677 967 2738 piscibus?
983 2677 1079 2723 etdurae
1089 2676 1186 2739 piscium
1198 2692 1273 2725 mem-

198 2738 281 2795 nostris
302 2739 424 2798 provinciis
446 2738 553 2791 habeant,
575 2740 600 2785 in
621 2741 717 2801 pelliceo
751 2741 831 2787 manu
840 2739 957 2801 quomodo
966 2739 1068 2785 vestibus
1085 2744 1164 2805 apta?
1197 2741 1274 2788 Iocus

199 2801 282 2847 vestitu
299 2809 372 2847 artem
389 2802 512 2848 etcultum
529 2802 646 2849 adhibent.
679 2804 717 2851 Sic
752 2801 956 2849 Justinievitioso
965 2801 1025 2848 libro
1035 2800 1126 2850 sumtus
1137 2811 1179 2851 est
1211 2805 1273 2850 Boni

199 2857 464 2925 eiplioetBerneccerus.
491 2866 527 2911 At
535 2864 650 2922 Muretus,
660 2866 717 2913 Car.
752 2863 806 2912 libri
821 2864 907 2913 habent
924 2866 1037 2922 marinis,
1052 2866 1116 2927 quoti
1130 2882 1211 2929 verum
1229 2878 1272 2914 est.

199 2926 234 2972 rio
248 2926 331 2995 Autiq.
345 2925 409 2974 Lect.
425 2929 450 2986 3,
468 2930 492 2973 2.
507 2928 592 2989 aliique
610 2928 718 2977 adverbia
753 2928 832 2975 Immo
848 2927 1004 2989 intelligenda
1019 2928 1091 2989 pelles
1110 2930 1274 2977 transmarina-

200 2998 353 3053 transponunt
361 2990 409 3037 sic:
426 2993 533 3053 proniori
545 2994 717 3053 ripaeenqutst-
753 3005 805 3037 rum
828 2992 938 3049 ferarum,
960 2990 1042 3053 quales
1061 2990 1131 3037 bodie
1152 2993 1274 3042 zibelliuae.

201 3055 258 3113 tias,
270 3054 392 3101 ulteriores
402 3056 556 3116 mgligenter.
590 3055 653 3102 Mihi
664 3058 716 3103 vul-
754 3054 825 3102 Tales
842 3055 913 3117 pelles
928 3069 943 3100 a
957 3053 1083 3101 Suionibus
1099 3063 1274 3164 potueruntne-

200 3125 281 3178 gatum
292 3116 374 3179 placet.
396 3119 459 3166 Nam
471 3119 589 3181 sequentia
598 3119 662 3166 haud
672 3120 718 3167 du-'¹
752 3117 836 3179 cipere,
854 3118 896 3181 qui
907 3118 1028 3167 Oceanum
1045 3132 1099 3165 acco
1109 3120 1187 3176 ebant,
1198 3127 1223 3165 ct
1233 3135 1275 3182 per

199 3180 237 3229 bie
246 3179 362 3243 pertinent
371 3182 402 3229 ad
413 3182 585 3244 exquisitiorem
595 3198 608 3229 e
617 3182 717 3245 pellibus
752 3196 810 3243 quos
821 3181 890 3230 etiam
902 3182 1004 3228 Romani
1014 3190 1094 3244 postea
1104 3196 1143 3229 eas
1153 3181 1225 3243 pelles
1236 3198 1274 3229 sc.

200 3244 298 3301 cultum,
311 3245 373 3293 etad
388 3246 506 3309 posteriori
519 3246 569 3292 loco
583 3246 676 3309 positos,
692 3247 716 3296 h.
752 3260 838 3307 cepere
863 3245 896 3294 V.
906 3245 975 3293 Voss
986 3245 1016 3291 ad
1027 3245 1113 3292 Catuli
1125 3261 1150 3308 p.
1165 3245 1220 3294 190.
1231 3248 1274 3294 ubi

199 3308 357 3357 culteriores.
383 3310 455 3370 Quod
465 3310 578 3357 intellexit
586 3309 716 3369 Cbrverius,
752 3308 1060 3371 dezibellinisdigoalecta.
1078 3309 1151 3356 ΕΠ.
1263 3335 1265 3338 -

198 3373 240 3435 qui
251 3381 299 3421 tota
310 3375 413 3422 membra
421 3375 582 3437 permutabat,
594 3376 716 3421 ulteriores
784 3375 891 3421 Femina
898 3376 984 3435 sapius
994 3374 1076 3436 lineis]
1095 3373 1186 3421 Plinius
1199 3376 1236 3430 19,
1251 3377 1273 3422 1.

199 3438 353 3497 negligenter,
369 3440 451 3499 qulbus
461 3440 714 3499 proximi-ripaeos·
751 3439 811 3484 Jam
832 3438 926 3497 quidem
947 3442 970 3482 et
994 3435 1173 3483 Transrhenani
1196 3440 1272 3486 hostes

199 3503 309 3561 quintius
324 3504 417 3563 eligant
429 3504 515 3565 feras:
540 3501 602 3565 quod
617 3510 651 3551 est
667 3503 714 3549 vim
752 3502 977 3557 semelenentium,
986 3500 1273 3562 necpaleltriercmalinm

198 3564 278 3613 facere.
310 3566 344 3613 Et
354 3582 426 3629 quarn
437 3565 547 3628 frigidum
563 3565 622 3612 foret
632 3568 715 3627 capai-
752 3570 929 3611 verbmeoram
937 3565 1041 3627 semina
1050 3577 1140 3610 rwvere.
1156 3563 1273 3627 linigera

198 3630 268 3674 sillae
278 3631 381 3691 eligere!
406 3630 471 3678 Illud
486 3630 624 3690 exquisitius
641 3629 715 3693 expli.
751 3626 822 3689 igitur
836 3627 944 3685 immina,
962 3634 1094 3675 cacumen
1113 3628 1174 3675 solra.
1207 3629 1274 3678 Bene

197 3692 424 3755 camrsequentibus.
442 3692 715 3757 Addedictanotaprox.
751 3692 898 3755 mtraepim.
930 3690 1272 3757 Diaconusiuvirissgnoscit‚

198 3755 270 3803 Eure.
287 3757 427 3819 Bemeggeri
438 3757 611 3818 explicationem
621 3758 716 3817 jamoo
751 3757 777 3812 4,
793 3755 885 3816 7(23).
923 3756 1065 3803 Vestimenta
1081 3756 1116 3800 eir
1135 3755 1177 3817 (de
1192 3757 1273 3819 priscis

230 3948 459 4009 Spargaatmacalir
465 3949 618 4013 pellibusque]
629 3950 715 4013 Suspe-
751 3948 943 4007 Angli-Saxones
959 3948 1052 3994 ‘habere
1078 3918 1169 4007 rabat:
1189 3956 1273 3996 ornata

122 4016 127 4027 ’
198 4019 248 4062 ctus
264 4012 322 4059 mihi
338 4013 416 4061 locus:
435 4015 522 4075 neclsat
533 4013 587 4072 scio,
599 4014 715 4077 quomodo
752 4013 843 4057 institis
870 4012 1001 4069 latioribrm
1031 4011 1098 4056 vario
1122 4013 1197 4057 colore
1218 4026 1273 4058 coa·

198 4074 309 4123 detractas
320 4077 373 4125 feris
384 4077 464 4139 pelles,
476 4077 598 4139 sparserint
608 4077 714 4136 maculis,
752 4076 831 4123 tectis.
866 4074 912 4123 sal
929 4074 1095 4138 profectoque
1108 4073 1187 4121 biode
1198 4074 1274 4122 νοτίο-

199 4146 222 4185 et
238 4140 336 4203 pellibus
353 4140 403 4189 aliis
420 4140 525 4203 piscium.
557 4141 598 4187 An
618 4140 715 4188 Tacitus
744 4140 811 4202 ‘gatis
827 4138 926 4201 latisque
944 4138 1028 4186 matitia
1041 4138 1106 4194 dicit,
1123 4150 1166 4183 noa
1181 4136 1222 4199 qui
1238 4138 1275 4184 ri·

199 4202 306 4265 ipsehaec
320 4220 404 4279 parum
420 4204 555 4253 intellexit?
571 4218 601 4251 an
618 4206 715 4251 mmaloe
751 4203 837 4262 murus,
860 4202 954 4251 scimus
969 4202 1038 4250 dam
1066 4212 1129 4247 nunc
1152 4201 1272 4274 proprium

198 4282 244 4314 vox
255 4282 300 4315 nou
312 4283 360 4318 ane
368 4270 478 4318 macula?
496 4268 715 4332 Egorlemastrucis
752 4266 864 4314 amictum
875 4280 924 4317 etse
934 4264 1126 4316 Germanicarum
1138 4263 1272 4313 mulierum.

198 4332 286 4395 aliquid
296 4334 370 4383 tibens
381 4335 561 4399 supposuerim,
573 4334 593 4381 si
604 4331 715 4381 velificata
735 4329 827 4377 ‘brus

245 4421 319 4467 VOL.
336 4420 385 4463 111.
1047 4398 1069 4453 2
1085 4408 1103 4449 b
