3059 4975
266 263 294 307 a.
307 262 335 304 ο.
348 243 411 317 ro]
609 241 689 303 mn
708 237 750 301 11.
771 200 857 303 cnr.
878 244 928 313 aa,
941 242 989 301 aa.
1277 245 1332 303 ua

266 419 300 471 et
312 404 442 506 quidam
455 403 489 469 in
501 402 632 470 domum
645 405 779 471 Caesaris
793 404 985 492 transgressi,
999 414 1095 490 atque
1111 402 1187 492 ipsis
1202 402 1335 470 dominis

259 548 263 555 .
312 505 465 557 tennores.
974 544 980 552 .

268 516 443 642 ΡΟΧΟΙΙΙ.
467 577 532 642 Sed
552 577 651 657 miles,
695 576 773 641 lenis
793 576 900 641 castris
925 588 955 641 et
979 574 1175 640 redundante
1194 574 1336 640 multitu-

269 663 352 743 dine,
366 663 400 725 in
412 663 585 749 porticibus
597 677 654 728 aut
667 600 806 727 delubris
819 678 852 726 et
868 662 947 726 urbe
962 674 1028 725 tota
1044 682 1154 747 vagus,
1175 682 1238 725 non
1252 662 1337 748 prin-

269 750 297 813 ci
320 749 351 813 ia
363 771 499 828 noscere,
514 771 577 813 non
591 771 714 813 servare
728 747 860 833 vigilias,
881 770 983 831 neque
1000 746 1105 811 labore
1124 746 1257 811 firmari:
1281 768 1337 833 per

270 833 281 897 i
315 836 439 899 ecebras
463 834 551 899 urbis
577 847 609 899 et
634 834 796 898 inhonesta
824 832 922 910 dictu,
952 855 1066 918 corpus
1094 832 1167 910 otio,
1197 831 1337 895 animum

270 920 452 984 libidinibus
467 918 692 985 inminuebant.
737 922 910 996 Postremo,
928 940 968 981 ne
984 918 1091 983 salutis
1104 916 1231 1003 quidem
1252 940 1338 997 cura,

270 1004 441 1069 infamibus
454 1004 595 1071 Vaticani
609 1005 683 1070 locis
694 1026 809 1091 magna
822 1026 894 1089 pars
905 1002 1054 1068 tetendit:
1078 1001 1163 1067 unde
1176 1004 1292 1067 crebrae
1306 1002 1339 1067 in

272 1090 537 1177 vulgusmortes.
581 1094 637 1170 Et,
655 1091 816 1178 adjacente
838 1087 959 1167 Tiberi,
979 1088 1211 1153 Germanorum
1230 1087 1340 1153 Gallo·

272 1198 408 1261 rumque
420 1176 556 1241 obnoxia
568 1176 684 1241 morbis
697 1198 828 1263 corpora
842 1172 979 1239 fluminis
993 1173 1124 1238 aviditas
1137 1186 1170 1237 et
1183 1186 1278 1238 aestus
1292 1174 1340 1237 in-

268 1261 422 1348 patientia
442 1260 593 1329 labefecit
639 1262 714 1327 insu
755 1284 772 1324 r
794 1260 952 1337 confusus,
967 1260 1120 1347 pravitate
1140 1258 1191 1322 vel
1208 1259 1339 1339 ambitu,

274 1348 352 1412 ordo
369 1346 496 1412 militiae.
543 1347 682 1412 Sedecim
734 1345 876 1425 raetoriae,
898 1359 1034 1431 quatuor
1052 1345 1181 1409 urbanae
1200 1344 1341 1409 cobortes

269 1432 497 1516 scribebantur,
512 1432 584 1520 quis
595 1432 716 1520 singula
730 1432 827 1495 millia
840 1432 982 1495 inessent.
1028 1430 1106 1496 Plus
1120 1430 1153 1493 in
1167 1452 1205 1494 eo
1218 1428 1341 1495 delectu

218 1586 220 1594 ,
275 1518 389 1582 Valens
402 1519 548 1598 audebat,
555 1533 720 1604 ‚tamquam
728 1518 833 1605 ipsum
845 1516 1002 1581 Caecinam
1012 1515 1150 1603 periculo
1160 1515 1339 1582 exemisset:

274 1625 349 1667 sane
372 1602 511 1668 adventu
535 1605 605 1692 ejus
632 1618 736 1691 partes
759 1602 992 1681 convaluerant,
1021 1616 1053 1667 et
1081 1600 1239 1666 sinistrum
1267 1601 1343 1667 lenti

275 1687 393 1774 itineris
414 1711 571 1754 rumorem
587 1713 661 1788 pros
700 1713 736 1753 ro
754 1688 865 1776 proelio
886 1700 1038 1753 verterat:
1062 1686 1224 1773 omnisque
1239 1686 1344 1752 inferi-

277 1776 340 1839 oris
361 1776 539 1840 Gennaniae
558 1775 646 1841 miles
693 1775 828 1840 alentem
843 1774 1077 1839 adnectebatur:
1101 1772 1186 1839 unde
1205 1773 1343 1861 primum

279 1860 416 1925 creditur
432 1860 565 1925 Caeeinae
579 1861 657 1925 fides
669 1860 816 1925 fluitasse.

322 1946 446 2012 XCIV.
479 1948 628 2011 Ceterum
648 1966 712 2009 non
737 1945 781 2009 ita
802 1945 947 2009 Ducibus
971 1942 1102 2008 indulsit
1123 1941 1283 2022 Vitellius,
1307 1956 1345 2009 ut

279 2054 342 2095 non
352 2030 425 2118 plus
434 2030 525 2096 militi
533 2031 657 2096 liceret:
674 2030 732 2095 sibi
745 2030 879 2117 quisque
891 2029 1033 2094 militiam
1044 2050 1113 2093 sum
1137 2051 1221 2107 sere3
1236 2052 1346 2115 quam-

279 2116 327 2181 vis
339 2116 500 2203 indiguus,
519 2117 544 2180 si
562 2117 608 2181 ita
626 2114 788 2195 maluerat,
810 2116 937 2181 urbanae
956 2113 1075 2179 militia:
1135 2112 1344 2181 scribebatur:
1435 2128 1439 2135 “

280 2225 388 2267 rursus
401 2202 500 2283 bonis,
515 2225 673 2267 remanere
686 2200 767 2266 inter
781 2200 964 2288 legionarios
977 2213 1033 2264 aut
1048 2199 1146 2265 alares
1160 2198 1346 2281 volentibus,

280 2288 485 2376 permissum:
508 2312 565 2354 nec
582 2288 720 2367 deerant,
765 2289 800 2351 ui
818 2287 943 2365 vellent,
963 2285 1036 2351 fessi
1055 2284 1171 2350 morbis
1190 2298 1222 2349 et
1237 2284 1348 2350 intem-

281 2374 398 2461 periem
424 2372 494 2438 ooeli
515 2376 699 2439 incusantes.
789 2374 886 2440 obora
911 2386 1014 2436 tamen
1036 2370 1210 2459 legionibus
1230 2370 1349 2459 alisque

281 2460 456 2525 subtracta:
480 2460 664 2526 convulsum
681 2472 852 2524 castrorum
866 2458 971 2537 decus,
992 2458 1068 2523 XX
1087 2455 1235 2536 millibus,
1250 2480 1267 2522 e
1283 2470 1349 2524 toto

284 2545 432 2626 exercitu,
447 2547 609 2633 permixtis
623 2570 655 2610 m
696 2546 721 2610 's
734 2567 831 2633 quam
845 2543 958 2610 electis.
971 2609 973 2614 ,
988 2543 1198 2610 Concionante
1213 2543 1348 2624 Vitellio,

327 2631 482 2697 stulantur
497 2639 519 2672 “
534 2633 575 2696 ad
590 2655 671 2719 supp
682 2631 777 2697 icium
791 2630 950 2696 Asiaticus
964 2642 995 2695 et
1010 2629 1139 2694 Flavius
1153 2642 1185 2693 et
1198 2629 1349 2709 Rufinus,

226 2789 230 2793 ,
283 2657 392 2782 iliacas
406 2717 591 2796 Galliarum,
605 2717 691 2804 quod
727 2741 763 2781 ro
779 2717 908 2783 Vindice
923 2714 1115 2781 bellassent?
1152 2717 1351 2780 Neccoerce-

282 2804 341 2884 bat
354 2804 507 2891 ejusmodi
520 2827 611 2868 voces
625 2800 697 2869 Vite
721 2802 787 2884 'us3
810 2825 903 2890 super
916 2801 1040 2866 insitam
1050 2801 1141 2866 inerti
1151 2801 1254 2868 animo
1264 2799 1351 2888 igna-

285 3091 359 3150 lubet,
370 3089 434 3154 apud
444 3090 516 3138 Bam.
525 3091 671 3140 Brisaonium
680 3091 705 3140 in
713 3091 787 3140 lexico
795 3107 802 3138 ε
836 3090 927 3154 Ryclrio
942 3099 965 3139 et
979 3090 1006 3138 J.
1018 3089 1119 3138 Gronov.
1131 3089 1219 3149 edimur
1236 3090 1353 3153 adjacente

287 3154 604 3215 etlumenabeofoeaerare,
615 3157 718 3219 quivere
727 3157 804 3204 Euro·
840 3157 922 3204 Tiberi
932 3169 974 3219 pro
984 3157 1123 3220 adjacentia.
1151 3153 1353 3218 Consentitffleg.

286 3219 419 3284 palumen.
434 3219 511 3266 Lus.
538 3220 680 3268 Ambitiosa:
689 3221 806 3268 riumPi-
838 3219 912 3282 lali)
933 3219 968 3268 etl
986 3236 1023 3284 pr.
1055 3220 1156 3279 Vellem,
1174 3219 1302 3268 docuissent
1312 3222 1354 3282 ju·

288 3285 362 3332 chana
371 3283 417 3331 dici
426 3292 502 3347 putat,
513 3283 577 3346 quod
586 3284 695 3347 depositae
702 3285 806 3348 peamiae
838 3299 889 3334 carc
895 3294 918 3332 et
925 3286 1030 3349 adjmere
1037 3284 1066 3333 de
1072 3285 1208 3332 fluminibus
1214 3283 1274 3330 dici:
1291 3283 1354 3346 quod

287 3348 352 3413 apud
361 3347 508 3412 potentiores.
524 3347 597 3399 Eun.
619 3349 683 3397 Bud.
698 3351 807 3396 ambitio·
839 3349 896 3397 dum
907 3349 956 3408 fiat,
969 3352 1035 3413 (nam
1046 3349 1105 3396 mibi
1112 3349 1191 3396 nullus
1201 3348 1266 3395 locus
1276 3362 1356 3394 occur-

289 3416 401 3462 vluimor.
649 3455 652 3460 .
838 3413 880 3475 rit)
888 3413 1009 3474 vulgatum
1016 3415 1116 3460 servabo.
1125 3413 1202 3460 Locus
1209 3412 1355 3461 aunuum.

321 3477 509 3542 Imminaebaut]
525 3477 564 3526 Sic
579 3477 642 3526 Flor.
653 3478 713 3542 Agr.
730 3477 805 3532 (Bud.
839 3478 907 3536 6,17
919 3477 982 3541 (21).
992 3492 1051 3538 gem
1061 3479 1167 3540 adjacens
1175 3477 1238 3523 arari
1246 3477 1357 3540 plancas:

289 3543 351 3606 neg,
367 3541 442 3602 lali)
458 3541 495 3589 ed.
510 3557 545 3606 pr.
564 3543 641 3591 (letari
656 3557 700 3591 scr.
716 3551 739 3590 et
755 3543 806 3590 edd.
840 3542 935 3590 alienus.
957 3541 1124 3606 Duoepitbcta
1131 3540 1357 3604 sinecopulalocum

290 3605 639 3669 (marsumaticum
667 3608 761 3655 Primus
771 3623 807 3656 re-
840 3607 934 3665 habent,
946 3606 966 3654 si
976 3606 1074 3654 alterum
1087 3605 1117 3654 sit
1132 3605 1278 3670 participium
1294 3613 1322 3654 ut
1331 3605 1356 3654 h·

290 3672 351 3736 cepit
367 3671 480 3735 Ryckiua.
514 3670 631 3722 Librarius
647 3672 748 3720 turbavit
760 3673 808 3720 siu·
840 3673 857 3720 1.
870 3673 942 3720 Eun.
954 3670 1017 3719 Bud
1029 3672 1152 3734 adjacenti,
1164 3671 1218 3734 Bip.
1231 3671 1356 3734 αῷιισοπίε,

291 3737 378 3799 goslaria
387 3751 498 3784 numerus
507 3735 532 3782 in
539 3739 615 3797 miles,
622 3745 650 3785 ut
657 3753 724 3800 supe.
734 3737 807 3787 Ean.
826 3779 827 3782 ,
840 3737 889 3785 scil.
900 3736 1014 3786 Vaticano
1020 3749 1116 3798 campo:
1136 3749 1163 3784 eo
1171 3735 1234 3800 quod
1241 3735 1262 3784 is
1269 3735 1358 3798 adjacet

323 3801 457 3863 Infimlbm
471 3801 580 3848 Vaticani
594 3803 662 3866 locis]
680 3801 720 3850 Ob
730 3817 808 3850 aerem
843 3801 930 3850 Tiberi.
948 3801 986 3850 Sic
996 3800 1060 3848 salva
1069 3799 1137 3848 lectio
1147 3800 1208 3847 Flor.

281 3872 484 3929 'parumpurumr
496 3865 809 3930 quodetiamhodiecxperi·
875 3869 1048 3915 Garmnorum
1079 3865 1246 3928 Gammae
1303 3863 1359 3928 MS.

292 3938 370 3977 untur.
404 3927 555 3976 Frontinusl
567 3931 590 3976 2.
604 3930 745 3994 deAquad.
757 3931 808 3980 vult
841 3931 906 3980 Bud.
917 3931 952 3978 cd.
964 3945 1000 3994 pr.
1015 3931 1174 3978 Gadauorrma
1200 3867 1270 3978 Unde
1281 3929 1358 3978 auen.

291 3995 316 4041 id
327 3993 475 4042 emendatum
484 3991 509 4038 in
520 3996 645 4042 totaurbe:
657 4010 764 4054 morano,
773 3995 810 4042 id·
841 3997 939 4058 putabat
953 3993 1079 4056 legendum
1090 3997 1239 4044 Batavorum
1251 3999 1310 4056 (non
1324 4001 1360 4040 ta·

291 4075 337 4122 que
351 4058 469 4106 ablutione
484 4071 614 4120 aquarum:
631 4062 673 4107 Nc
684 4067 810 4122 percantat
842 4075 896 4107 men
913 4059 1016 4122 recepit).
1049 4058 1095 4107 Sed
1111 4069 1190 4108 contra
1205 4067 1284 4107 mouet
1299 4058 1360 4106 Ver-

293 4126 387 4184 qaidcm
403 4138 470 4184 aqaoe
488 4125 567 4171 otiosa
583 4131 645 4171 mna
678 4127 749 4172 Num
763 4127 810 4172 im·
843 4124 939 4182 tianius,
951 4124 1093 4172 Batavorum
1105 4125 1207 4173 cohortes
1217 4123 1313 4172 domum
1324 4136 1361 4170 re·

294 4189 466 4234 munditiarum
465 4190 544 4252 socier
551 4195 574 4236 et
582 4191 701 4250 impurior
708 4191 810 4251 spiritur
843 4188 923 4236 missas
933 4188 1009 4240 fuisse·
1027 4188 1100 4237 Ean.
1117 4189 1154 4236 cn
1166 4204 1186 4236 c.
1197 4188 1236 4236 69.

293 4259 316 4298 ct
332 4267 417 4299 caussa
431 4257 552 4314 gravioris
567 4254 625 4312 cali,
645 4255 728 4314 quillus
746 4257 811 4316 apud
876 4255 953 4316 Super
964 4255 1061 4302 assitam
1070 4255 1148 4300 cauno
1155 4247 1288 4314 ignauiam]
1297 4248 1362 4300 Flor.

296 4325 382 4364 vetare:
393 4318 457 4366 arbi:
471 4321 568 4382 infirmia
578 4333 619 4364 aar
625 4311 689 4380 full,
706 4322 762 4366 aaut
773 4333 810 4366 rc·
843 4318 923 4366 inserit
929 4333 1018 4377 vocem,
1026 4319 1122 4364 insitum
1129 4323 1203 4364 morte
1209 4317 1296 4362 animo.
1311 4315 1363 4362 Pu.

295 4386 371 4427 motu.
387 4380 464 4430 Lina.
495 4385 556 4439 Mox
568 4398 581 4431 e
592 4383 655 4431 Flor.
666 4383 702 4446 (et
712 4385 810 4446 Δεῖ-μ
844 4394 925 4444 tarem,
941 4383 1125 4443 insitamsortc:
1142 4379 1185 4428 etsi
1194 4378 1239 4428 hoc
1251 4377 1281 4428 ad
1295 4393 1362 4429 caus-
