3059 4975
235 255 382 337 aaron
573 256 968 331 mauriennense.
1125 352 1132 374 .
1244 264 1304 323 aas

235 416 351 491 ¹vulnus
372 440 498 507 pavens,
525 421 639 487 summi
663 420 849 490 discriminis
871 420 1054 489 incuriosus
1101 425 1197 502 Nam,
1225 446 1298 491 cum

235 505 409 591 transgredi
423 506 638 594 Apenninum,
653 505 775 596 integro
788 508 942 576 exercitus
956 508 1006 573 sui
1019 508 1140 589 robore,
1158 522 1190 573 et
1202 508 1300 575 fessos

234 586 336 653 hieme
354 604 449 677 atque
466 592 571 680 inopia
590 592 693 659 hostes
706 594 848 682 adgredi,
867 594 900 659 in
914 606 1024 682 aperto
1036 594 1136 670 foret3
1159 593 1236 659 dum
1252 596 1298 659 di.

235 675 352 761 spergit
361 676 452 755 vires,
463 679 647 743 acerrimum
658 678 798 759 militem,
813 695 848 745 et·
915 704 956 745 ue
964 678 998 743 in
1011 694 1151 745 extrema
1164 680 1299 745 obstina-

235 768 314 857 tum,
338 762 559 827 trucidandum
577 764 826 863 capiendumque
847 704 987 844 sur-ididia
1006 764 1203 853 peritissimis
1217 769 1298 831 Cen-

235 858 394 912 turronum
413 847 674 927 dissentientibus,
695 863 737 929 et,
759 874 785 915 s1
803 851 1046 930 considerentur,
1066 875 1139 916 vera
1157 850 1295 917 dicturis.

210 1006 212 1017 ⁴
234 927 376 997 Arcuere
393 957 445 999 eos
462 934 564 999 intimi
583 936 753 1000 amicorum
768 936 894 1014 Vitellii,
917 935 961 1000 ita
981 936 1123 1000 formatis
1143 936 1298 1024 Principis

234 1016 374 1097 auribus,
390 1032 426 1083 ut
439 1042 557 1107 aspere,
572 1044 644 1108 quae
659 1022 757 1101 utilia,
777 1020 1032 1109 necquidquam,
1047 1021 1106 1085 nisi
1116 1021 1297 1108 jucundum

234 1116 266 1166 et
279 1102 439 1183 laesurum,
455 1106 613 1193 acciperet.
1218 1159 1228 1178 .·
1248 1146 1251 1149 ⁴

279 1188 387 1254 LVII.
412 1190 474 1255 Sed
493 1192 619 1257 classem
640 1191 848 1259 Misenensem
869 1198 1006 1267 (tantum
1025 1192 1166 1267 civilibus
1180 1192 1299 1267 discor,

234 1272 295 1338 diis
315 1276 408 1339 etiam
429 1276 622 1365 singulorum
643 1277 774 1344 audacia
793 1278 876 1344 valet
922 1278 1074 1343 Claudius
1095 1278 1297 1356 Faventinus,

236 1360 397 1440 Centurio,
416 1384 472 1449 per
491 1363 692 1449 ignominiam
713 1364 850 1430 aGalba
888 1366 894 1379 '
931 1364 1018 1442 'sus,
1038 1364 1079 1428 ad
1093 1364 1298 1437 defectionem

235 1446 341 1526 traxit,
353 1448 432 1513 fictis
441 1448 625 1535 Vespasiani
636 1448 774 1535 epistolis
806 1450 918 1537 redum
933 1448 1116 1538 proditionis
1131 1463 1297 1515 ostentans

235 1532 376 1596 Praeerat
401 1532 488 1598 classi
512 1534 665 1599 Claudius
690 1535 775 1621 Apol
821 1536 1023 1621 arias-neque
1047 1534 1121 1599 fidei
1145 1549 1298 1613 constans,

235 1636 337 1703 neque
351 1630 495 1684 strenuus
505 1619 536 1683 in
548 1620 695 1706 perfidia:
712 1633 743 1685 et
751 1621 891 1707 Apinius
900 1620 990 1700 Tiro,
1002 1624 1148 1687 Praetura
1160 1620 1299 1698 functus,

235 1725 271 1767 ac
286 1715 352 1767 tum
368 1703 449 1769 forte
460 1704 633 1770 Minturnis
643 1728 749 1806 agens,
764 1708 888 1771 Ducem
900 1730 934 1771 se
944 1705 1153 1784 defectoribus
1165 1706 1298 1771 obtulit:

235 1810 255 1852 a
268 1788 384 1875 quibus
397 1790 566 1887 municipia
579 1791 770 1879 coloniaeque
783 1791 927 1879 inpulsae,
941 1791 1100 1879 praecipuo
1112 1791 1300 1861 Puteolano·

234 1895 307 1937 rum
321 1873 354 1937 in
364 1874 593 1962 Vespasianum
603 1876 718 1954 studio,
733 1890 842 1941 contra
852 1877 964 1964 Capua
971 1876 1100 1941 Vitellio
1110 1876 1184 1954 fida,
1196 1876 1299 1941 muni-
1398 1887 1402 1895 “

235 1958 262 2022 ci
286 1958 366 2025 alem
390 1960 619 2026 aemulationem
645 1962 735 2027 bellis
760 1961 902 2027 civilibus
929 1962 1106 2026 miscebant.
1151 1960 1299 2026 Vitellius

236 2045 263 2109 C
277 2114 279 2118 ,
296 2044 406 2109 udium
420 2048 443 2109 J
445 2046 584 2111 ulianam
601 2047 642 2126 (is
655 2070 756 2133 nuper
770 2046 896 2111 classem
911 2048 1121 2111 Misenensem
1140 2046 1226 2110 molli
1241 2046 1300 2111 im·

234 2130 322 2217 perio
335 2132 473 2213 rexerat)
494 2132 724 2219 permulcendis
740 2132 876 2197 militum
897 2130 1008 2197 animis
1021 2132 1090 2196 dele
1113 2130 1154 2196 'tz
1178 2131 1253 2196 data
1265 2131 1300 2195 in

234 2215 387 2280 auxilium
401 2219 522 2283 urbana
535 2218 645 2283 cohors
659 2231 691 2282 et
704 2218 910 2304 gladiatores„
941 2217 1035 2283 uibus
1052 2219 1075 2281 J
1112 2216 1118 2229 '
1162 2240 1200 2281 us
1219 2240 1299 2305 pra-

234 2316 309 2367 erat
355 2302 403 2367 Ut
416 2303 537 2367 conlata
554 2304 713 2402 utrimque
733 2319 843 2383 castra,
862 2242 949 2368 hadd
968 2326 1082 2391 magna
1103 2303 1298 2367 cunctatione

234 2388 257 2450 J
261 2387 365 2453 uliano
377 2387 410 2452 in
420 2398 524 2540 pprtes
538 2389 722 2490 Vespasiani
736 2396 936 2476 transgresso,
953 2387 1155 2454 Tarracinam
1167 2412 1300 2476 occupa-

234 2496 323 2553 vere,
332 2475 427 2540 moeni
450 2498 487 2540 us
502 2475 626 2574 situque
636 2499 750 2626 ‘mffirs
766 2499 861 2573 quarn
875 2476 1014 2563 ipsorum
1028 2473 1153 2575 ingenio
1166 2487 1276 2574 tutam.

279 2559 406 2626 LVIII.
439 2563 518 2640 Quae
532 2561 677 2626 ub1V1te
710 2585 779 2628 oco
834 2576 876 2640 ta,
891 2574 980 2649 parte
994 2582 1152 2648 ooprarum
1167 2560 1299 2625 Narmae

233 2667 305 2710 cum
317 2646 477 2714 Praefectis
488 2647 632 2714 Praetori
642 2647 758 2736 relicta,
808 2697 815 2712 .
828 2645 992 2715 Vitellium
1005 2646 1146 2726 fratrem,
1160 2669 1233 2711 cum
1243 2669 1298 2712 sex

266 2884 512 2933 Summeuncrtmnc
520 2887 664 2952 incuriosas]
677 2889 749 2948 Sum-
780 2885 820 2934 bic
829 2893 853 2933 et
862 2900 882 2933 c.
893 2885 934 2941 76.
945 2885 990 2934 nisi
1004 2885 1069 2949 qnod
1081 2884 1136 2934 MS.
1150 2885 1211 2948 Agr.
1226 2894 1251 2934 et
1261 2885 1298 2934 ed.

233 2963 301 2995 mum
323 2949 449 2996 discrimen
471 2957 506 2998 est
526 2949 588 2998 idem
607 2950 662 3011 fers,
686 2951 748 3016 quod
780 2966 816 3014 pr.
827 2949 880 2998 h.l.
902 2950 1011 3012 Aponius
1026 2949 1127 2998 habent:
1147 2958 1173 2997 at
1186 2948 1247 2998 infra
1258 2949 1300 2997 ille

234 3027 326 3061 summa
341 3013 405 3072 belli,
419 3013 552 3062 universum
567 3015 671 3063 bellum
689 3015 749 3079 peri-
781 3015 896 3076 Aprusa,
907 3014 957 3062 hac
969 3015 1087 3076 Ορίηὸωε
1101 3013 1164 3061 unde
1173 3013 1298 3061 absentio

233 3077 322 3136 culum,
336 3078 399 3140 quod
411 3077 556 3136 imminebat,
568 3079 589 3126 si
599 3080 660 3128 bello
673 3081 749 3128 nuce·
781 3093 836 3127 neni
847 3093 895 3126 csse
903 3086 974 3142 patet.
991 3077 1063 3126 Earn
1079 3076 1142 3125 Bud.
1155 3077 1218 3125 male
1231 3079 1299 3140 apsi·

233 3149 303 3189 renu.
335 3141 398 3190 Mox
414 3143 441 3189 tn
456 3149 536 3204 aperto
546 3144 688 3206 formidem
705 3153 748 3203 est,
780 3146 828 3191 mis
842 3152 865 3191 ct
878 3157 935 3192 mcx
949 3143 1142 3208 interfectoribus.
1166 3140 1230 3190 Dein
1241 3156 1299 3206 prc-

250 3205 297 3252 nod
307 3205 332 3253 in
342 3215 436 3269 promtu
447 3205 521 3254 facile.
537 3207 609 3256 Eas.
628 3208 661 3255 A.
673 3210 696 3267 2,
712 3210 749 3256 12.
781 3211 856 3272 cipue.

192 3320 195 3326 ,
260 3273 302 3329 ,5,
314 3271 350 3316 15.
360 3286 457 3319 summa
465 3272 500 3317 rel
508 3271 634 3320 discrimen
642 3273 732 3320 dicitur.
812 3274 927 3321 Julianus
941 3278 1045 3335 praest
1083 3270 1184 3331 Mirum,
1207 3271 1233 3319 ni
1256 3269 1298 3320 ille

265 3335 373 3383 Arcum
396 3337 445 3399 eor]
474 3334 542 3395 Vere,
570 3351 617 3384 non
640 3351 748 3398 urguere.
779 3336 829 3401 ipse
839 3338 958 3394 Julianus,
969 3337 1011 3399 qui
1021 3336 1059 3383 P'
1085 3335 1298 3384 acarasscdicitnr

233 3398 308 3448 lues.
342 3399 454 3462 Argum
463 3413 544 3448 omnes
555 3401 606 3448 cdd.
618 3413 671 3450 ante
682 3401 747 3466 Lips.
779 3417 867 3449 munus
885 3402 1059 3463 gustatorem
1078 3401 1191 3448 Nesse.
1214 3400 1255 3456 37,
1272 3400 1298 3447 ³.

232 3471 256 3510 et
268 3465 325 3514 MS.
341 3465 431 3527 (Bud.)
448 3463 526 3512 Gnelf.
543 3465 623 3514 Verba
635 3467 676 3514 illa
689 3481 749 3528 sepe
780 3465 856 3514 ers.
890 3467 947 3514 Post
965 3471 993 3512 ut
1008 3464 1081 3512 MSS.
1097 3464 1201 3527 cddspr.
1218 3462 1297 3512 Rheni.

232 3527 337 3578 inlibris
348 3530 443 3578 sonna
457 3539 517 3579 sunt.
535 3530 566 3579 V.
582 3529 701 3580 Drakenb.
719 3530 749 3578 ad
781 3531 806 3593 (e
822 3528 903 3591 Bau).
914 3545 979 3594 seqq.
1003 3529 1040 3577 At
1055 3536 1134 3577 cetera
1149 3536 1203 3576 autc
1219 3527 1296 3576 Rheu-

232 3591 287 3642 Iriv.
298 3595 375 3653 6βὸ.
384 3593 525 3657 onminoque
539 3593 604 3642 litera
616 3611 637 3656 g
654 3595 748 3643 alibro·
780 3595 842 3643 male
851 3602 882 3642 et.
903 3595 976 3643 Ean.

130 3695 134 3702 ,
220 3656 273 3704 'riis
285 3657 368 3706 media
383 3659 455 3707 atatis
469 3658 552 3707 cana
566 3661 659 3707 obtmsa
673 3675 715 3724 pro
726 3673 747 3718 c,
814 3659 892 3716 Quam
902 3661 1009 3723 ipsorum
1019 3659 1127 3734 ingesto]
1144 3657 1188 3706 ie.
1204 3657 1297 3706 fortitu-

232 3729 261 3768 ut
271 3734 340 3785 supra
351 3723 379 3773 de
389 3722 463 3772 verbis
475 3737 558 3771 cacare
568 3732 591 3772 et
604 3739 691 3785 vagore
706 3737 748 3772 no-
779 3723 841 3782 dine,
850 3724 896 3772 fide
901 3723 1118 3772 Tarracinensium
1130 3722 1296 3786 qucdrerbnm

163 3839 167 3848 Ι
232 3785 333 3833 mamus
344 3785 377 3833 H.
391 3787 413 3846 l,
425 3789 463 3834 44.
482 3786 555 3836 Ean.
779 3787 956 3852 intelligendum
972 3803 986 3836 c
1002 3787 1096 3835 nomine
1112 3785 1251 3848 Tarracinae,
1266 3796 1295 3834 ut

224 3872 228 3882 ·
265 3851 394 3898 laesuram
404 3853 530 3915 acciperet]
545 3853 648 3902 Faernus
657 3853 749 3917 legebat
777 3853 828 3914 jam
842 3854 934 3902 monuit
947 3851 1060 3917 Ryckius.
1084 3853 1144 3913 Ejus
1154 3853 1243 3916 generis
1252 3867 1294 3900 ex·
1364 3874 1371 3879 ·

232 3914 615 3977 memarmaadccrerrelere'nss
632 3919 749 3982 placebat-
780 3918 858 3982 empta
873 3933 942 3981 supra
960 3926 1040 3966 notata
1062 3925 1124 3964 nint
1150 3916 1222 3964 Ean.
1256 3915 1293 3964 Cf.

233 3979 402 4044 queAcidalio.
419 3979 746 4042 Scdccce'pcretonrneslibri:
779 3981 851 4029 cut.
881 3982 968 4045 Negat,
979 3981 1154 4031 Tarracinenses
1163 3979 1294 4044 intelligen-

233 4043 340 4107 quodad
355 4046 494 4106 Principem
508 4044 659 4094 referendum.
683 4046 749 4095 Illud
778 4045 820 4092 dos
836 4045 982 4094 [allemand.
1006 4047 1083 4110 posim
1106 4062 1153 4105 cca
1176 4046 1217 4104 ait,
1234 4059 1293 4107 quos

155 4129 158 4136 ·
233 4108 371 4220 praeferrem,
380 4109 399 4157 si
407 4109 460 4156 libri
468 4108 577 4156 moment.
590 4111 660 4159 Ean.
679 4110 748 4158 Prius
778 4125 835 4158 mox
851 4116 928 4158 noster
945 4109 1005 4158 dixit
1022 4111 1047 4159 in
1066 4119 1141 4174 partes
1157 4107 1294 4170 Vespasiani

222 4232 224 4240 Ι
257 4173 747 4238 ip.ospcrc;bene=utA.4,3l.ccceptum
778 4182 935 4238 bansgressos·

232 4238 353 4298 nepsam
362 4250 473 4299 praesens.
752 4281 757 4294 ‚
814 4241 873 4297 Quae
888 4241 928 4288 att
949 4241 1042 4289 Vitellio
1057 4241 1097 4303 ⁶·l·
1128 4239 1173 4286 Urs
1192 4235 1254 4284 deest
1269 4234 1294 4283 in

265 4300 371 4362 Apinius
385 4303 455 4366 Tiro]
473 4303 511 4352 Sic
520 4318 601 4355 omnes
612 4319 653 4352 scr.
663 4317 686 4352 es
696 4303 748 4351 edd.
779 4303 843 4353 Bud.

209 4413 215 4426 .
277 4386 351 4428 Ἰοῖ..
366 4385 417 4428 111.
1025 4382 1027 4385 ¹
1104 4383 1124 4427 Ρ
