3059 4975
219 251 291 293 sc.
307 234 369 308 aar
606 233 685 293 tm.
707 234 732 295 1.
757 236 849 296 car.
871 240 916 297 13.
1252 249 1288 306 19

219 398 345 486 Quippe
358 397 489 476 hiantes,
503 398 536 461 in
549 420 663 485 magna
676 400 815 480 fortuna,
835 402 1005 467 amicorum
1019 404 1205 492 cupiditates
1218 406 1285 493 ipsa

218 484 330 549 Galbae
347 483 478 549 facilitas
495 484 692 549 intendebat:
714 508 789 551 cum
802 488 890 575 apud
903 488 1061 553 infirmum
1075 504 1107 555 et
1120 494 1283 558 credulum

216 568 337 635 minore
350 584 436 635 metu
449 583 481 634 et
494 571 610 657 majore
624 572 751 658 praemio
764 586 955 661 peccaretur.

260 766 355 831 XIII.
378 766 523 832 Potentia
536 767 733 854 Principatus
743 768 843 837 divisa
852 769 885 833 in
898 770 940 835 Τ.
950 769 1088 852 Vinium,
1101 772 1281 851 Consulem,

215 868 247 917 et
276 852 457 916 Cornelium
480 854 651 931 Laconem,
679 854 823 919 Praetorii
849 856 1047 923 Praefectum.
1091 860 1159 924 Nec
1180 860 1282 924 minor

213 937 315 1025 gratia
333 937 427 1017 Icelo,
450 938 560 1004 Galbae
573 938 695 1019 liberto,
716 962 811 1027 quem
828 940 930 1007 anulis
947 941 1110 1025 donatum,
1130 944 1280 1032 Equestri

212 1023 339 1087 nomine
353 1026 558 1090 Murranum
574 1024 761 1093 vocitabant.
805 1025 853 1090 Hi
874 1026 1040 1108 discordes,
1060 1043 1092 1095 et
1110 1031 1204 1096 rebus
1222 1031 1281 1095 mi-

212 1110 342 1174 noribus
361 1110 419 1174 sibi
439 1110 573 1197 quisque
595 1110 766 1190 tendentes,
787 1110 867 1177 circa
887 1112 1048 1178 consilium
1063 1114 1196 1203 eligendi
1211 1140 1281 1181 suc-

211 1196 340 1259 cessoris
367 1195 400 1259 in
428 1196 507 1261 duas
535 1196 683 1260 factiones
713 1196 943 1264 scindebantur.
1003 1200 1113 1266 Vinius
1140 1224 1199 1291 pro
1228 1203 1277 1266 M.

211 1280 355 1347 Othone:
378 1283 465 1345 Laco
478 1306 498 1345 a
535 1306 574 1345 ue
589 1281 692 1347 Icelus
706 1306 856 1349 consensu
870 1306 934 1349 nou
948 1298 1011 1349 tam
1027 1308 1127 1351 unum
1140 1287 1179 1352 ali
1204 1310 1283 1352 uem.

210 1364 369 1446 fovebant,
392 1390 489 1454 quam
541 1368 615 1431 'um
659 1370 773 1455 Neque
793 1384 860 1434 erat
882 1369 992 1435 Galbae
1012 1370 1120 1459 ignota
1140 1310 1278 1439 Othonis

210 1470 246 1517 sc
258 1453 302 1518 T.
317 1453 401 1518 Vinii
415 1453 565 1528 amicitia3
593 1467 625 1519 et
637 1455 816 1519 rumoribus
834 1455 911 1519 nihil
929 1456 1050 1521 silentio
1068 1458 1278 1524 transmitten-

210 1537 301 1617 tium,
326 1538 416 1626 (quia
436 1538 528 1604 Vinio
549 1538 646 1603 vidua
664 1539 739 1619 filia,
760 1540 871 1606 caelebs
893 1541 996 1626 Otho)
1018 1566 1114 1631 gener
1135 1569 1171 1609 ac
1191 1568 1276 1608 socer

209 1622 455 1691 destinabantur.
497 1624 601 1688 Credo
620 1637 652 1689 et
671 1626 763 1713 Reip.
784 1648 891 1691 curam
906 1627 1033 1708 subisse,
1049 1628 1167 1693 frustra
1179 1653 1199 1693 a
1212 1632 1277 1695 Ne-

206 1730 284 1773 rone
304 1711 471 1790 translatae,
496 1710 522 1773 si
545 1710 632 1797 apud
655 1710 816 1775 Othonem
838 1712 1075 1799 relinqueretur.
1127 1715 1277 1803 Namq'ue

208 1794 299 1860 Otho
343 1795 484 1861 ueritiam
504 1796 668 1873 incuriose,
692 1797 929 1863 adolescentiam
951 1799 1127 1885 petulanter
1148 1815 1273 1889 egerat;

206 1894 318 1967 gratus
365 1881 452 1946 eruni
463 1881 658 1947 aemulatione
673 1882 783 1947 luxus:
804 1908 906 1970 eoque
917 1885 985 1971 jam
999 1888 1048 1949 Po
1070 1909 1170 1972 paeam
1186 1887 1276 1951 Sabi·

206 1988 292 2046 nam,
308 1966 484 2054 Principale
497 1979 645 2047 scortum,
657 1982 695 2031 nt
711 1967 799 2054 apud
812 1970 968 2033 conscium
982 1969 1038 2034 libi
1060 1972 1158 2055 inum,
1179 1972 1275 2059 depo-

206 2065 320 2133 suerat,
335 2052 433 2118 donec
450 2052 613 2118 Octaviam
630 2074 762 2117 uxorem
782 2052 978 2121 amoliretur:
1003 2078 1077 2121 mox
1097 2072 1274 2145 suspectum

204 2216 283 2265 Possis
293 2216 363 2265 ctiam
373 2216 451 2263 codem
462 2212 589 2279 (tempore)
598 2213 676 2278 scetis
684 2218 724 2263 ta·
791 2216 843 2263 Pro
860 2216 900 2263 M.
913 2215 1015 2280 Othone]
1033 2215 1171 2265 Pranomen
1184 2216 1274 2265 addunt

205 2283 289 2340 maior,
306 2279 369 2344 quod
380 2280 528 2343 sequentibus
539 2294 586 2327 non
597 2280 658 2328 male
667 2294 724 2328 oon·
757 2278 1147 2343 MSS.F101.(Bud.Agr.)Gue1t
1156 2282 1207 2329 edd.
1219 2290 1274 2330 vett.

204 2345 283 2393 sanita
304 2345 364 2394 item
378 2344 440 2393 alias
462 2344 504 2392 sed
519 2344 612 2403 frustra,
627 2344 678 2392 sine
692 2344 723 2391 li·
756 2355 845 2399 umnes·
874 2344 935 2393 Casu
951 2343 977 2391 in
992 2345 1155 2394 recentioribus
1169 2356 1220 2410 post
1232 2346 1274 2395 Isi·

204 2410 261 2468 bris,
273 2410 315 2473 qui
324 2410 363 2457 bic
372 2408 433 2457 nibil
443 2408 540 2456 variant.
557 2408 630 2455 Ean.
756 2408 835 2472 psiurn
846 2408 945 2457 excidite
963 2408 1062 2457 restituit
1072 2410 1099 2459 J.
1109 2410 1182 2459 Gron-
1200 2411 1272 2459 Ean.

237 2476 301 2523 Icelo
313 2476 393 2524 Galba
406 2474 500 2537 nerto]
517 2472 661 2537 Nequissimi
676 2472 722 2521 bn-
792 2475 831 2522 Etr
842 2474 976 2521 ramortbas
986 2474 1042 2538 αα]
1059 2474 1132 2523 Hunc
1141 2475 1219 2524 locum
1230 2475 1274 2524 ali·

201 2542 242 2602 jus
253 2539 339 2588 servuli
348 2554 434 2587 nomen
442 2538 630 2600 variesariptnm.
653 2535 722 2586 Abbi
755 2537 813 2602 qnid
823 2539 874 2588 vitii
883 2537 975 2595 babere,
987 2539 1042 2586 satis
1050 2539 1171 2587 convenite
1182 2540 1274 2593 medela

204 2606 331 2666 Hymnus,
341 2604 398 2653 abbi
407 2605 503 2652 Icclhn.
534 2602 608 2657 (Bad.
629 2599 723 2663 rnen)
754 2617 802 2652 non
824 2603 905 2652 eadem
926 2601 1056 2651 adbrirenrr.
1087 2603 1154 2651 Libri
1175 2604 1210 2651 nil
1231 2619 1272 2653 va·

201 2669 332 2717 Vaticanus
341 2683 434 2732 semper
443 2669 535 2716 Icelus:
549 2683 620 2730 quem
626 2680 721 2730 aequm
753 2668 830 2716 riantr
847 2667 901 2725 nisi,
915 2666 979 2730 quod
991 2667 1048 2716 MS.
1063 2666 1101 2714 Pl.
1115 2667 1151 2716 ed.
1167 2668 1236 2731 prim.
1249 2677 1272 2718 ct

203 2733 358 2782 Plutarchum
369 2734 395 2781 in
403 2746 491 2782 caroea
501 2733 615 2792 ernaudo,
626 2733 652 2780 iu
662 2732 721 2781 Gal·
754 2747 819 2780 ram.
850 2731 916 2780 Bud.
926 2738 949 2780 ct
959 2746 995 2780 ea.
1006 2731 1059 2780 Jac.
1071 2732 1202 2780 Gronovius
1216 2731 1272 2783 bitte

201 2800 235 2846 ba
244 2813 265 2846 t.
272 2799 297 2852 7.
319 2799 360 2844 Kal
371 2796 421 2854 η’κιν
430 2797 473 2844 ἀπὸ
482 2795 721 2855 ῬώμηςἸκιλὶςάπι-
752 2795 874 2860 periodum
882 2795 1056 2846 sicwneinmlt
1071 2803 1095 2844 ct
1104 2799 1272 2846 rumoribu-

202 2861 435 2924 assentatorias.
463 2861 553 2924 Vulgo,
564 2860 720 2914 mansueri-
754 2863 825 2910 susa
851 2862 921 2908 Vtstc
934 2862 992 2920 fitia
1011 2862 1084 2908 nasa
1104 2871 1148 2911 etc.
1179 2861 1226 2912 Sed
1247 2871 1271 2914 at

200 2934 284 2990 parma
295 2930 448 2976 nivenenmt
456 2925 562 2974 homiues
572 2924 641 2982 daed
649 2927 720 2974 Stoa·
752 2929 825 2973 asna
830 2927 885 2987 fllia
898 2927 970 2972 staua
980 2939 1028 2972 non
1038 2925 1093 2974 sais
1102 2927 1187 2988 placer,
1202 2934 1226 2972 at
1235 2934 1272 2974 ts·

200 2993 240 3038 lua
255 2993 359 3052 qnidam.
392 2990 429 3038 At
444 2990 536 3040 Icelum
549 2990 613 3038 hunc
624 2989 719 3038 tauna-
751 3005 808 3040 men
824 2991 861 3038 vel
876 2989 909 3038 sic
923 2988 1012 3052 aliquid
1027 3004 1074 3037 nnn
1091 2990 1146 3038 rsus
1161 2989 1219 3038 culti
1231 3003 1271 3038 str-

199 3065 254 3103 tum
267 3056 378 3103 nuntium
392 3055 471 3114 titisse,
486 3053 569 3104 doras
583 3067 622 3104 eos
637 3055 720 3104 Sueto·
750 3063 828 3119 pareat
853 3055 879 3102 in
904 3055 979 3104 verbis
1004 3055 1061 3116 filia
1087 3055 1269 3106 vrato-estet·

199 3120 254 3167 nius
265 3121 336 3170 Galb-
352 3121 393 3167 22.
409 3119 487 3168 Isrrs.
753 3121 825 3180 Otho,
836 3133 900 3167 socer
910 3133 938 3166 ac
945 3133 1020 3181 gaser
1030 3121 1087 3168 dest.
1115 3119 1181 3168 Nam
1191 3119 1269 3168 nomi·

235 3183 528 3247 Qaemaaattedoaatam]
539 3181 718 3232 Debocaodem
750 3185 844 3237 astina
855 3182 1020 3248 patrispotius,
1031 3183 1268 3249 quamffiiedeside·

199 3249 313 3298 Scala
335 3250 414 3297 Italas
422 3247 719 3309 paulloaatcasrnaltaaa·
750 3257 822 3296 ratur.
852 3248 1117 3313 Itaquesiooorrigamr
1135 3251 1219 3310 quibat
1231 3250 1268 3298 vel
1318 3272 1320 3278 ¹

198 3316 247 3361 rca'a
254 3315 363 3373 domtus,
373 3319 396 3360 ct
403 3313 527 3362 Montani
534 3315 671 3372 cognomine
678 3327 719 3359 or·
750 3314 804 3374 qnia
816 3315 911 3370 Vintur,
921 3315 1064 3375 vidimfilta,
1077 3315 1104 3378 (i.
1111 3329 1131 3362 a.
1140 3315 1209 3376 cujus
1219 3313 1268 3362 filia

196 3385 278 3436 sam,
289 3381 372 3441 etjam
382 3393 477 3429 samma
488 3379 613 3439 Ecasnns
620 3378 717 3438 gradus
750 3386 799 3425 arat
809 3375 891 3438 vidua)
903 3377 983 3424 canu
998 3379 1068 3438 Otto,
1082 3393 1157 3440 gcacr
1167 3393 1195 3426 cc
1202 3392 1267 3426 socer

197 3445 350 3492 candidatus.
383 3441 437 3492 Viri
457 3441 519 3490 doan'
538 3441 717 3505 interpretantur
749 3441 935 3490 nntwtoarar.
957 3441 1268 3506 Caterumnnnrepugnem,

196 3505 444 3570 mmmsmnquasrris
449 3505 716 3568 gradunPrat'anturam
749 3506 770 3557 ai
780 3513 803 3554 et
813 3521 855 3571 pro
865 3509 936 3554 ettam
947 3506 984 3554 val
994 3505 1136 3570 preferanu,
1147 3507 1185 3556 vel
1194 3506 1266 3556 suus

196 3570 318 3635 Praeteriit
340 3569 405 3620 baud
418 3568 533 3634 improbe.
565 3569 657 3619 Tamen
672 3585 717 3634 ego
748 3578 797 3620 tur.
833 3570 899 3618 Infra
914 3585 935 3621 c·
950 3571 991 3618 22.
1011 3569 1094 3620 n‘milis
1114 3570 1170 3620 huic
1183 3571 1264 3620 locatas

194 3636 271 3698 magis
286 3636 417 3698 intelligam
428 3635 458 3683 de
468 3634 645 3684 Proarrationes
663 3651 717 3699 qua
748 3639 881 3698 cmjcctarn
896 3641 919 3684 et
935 3648 1030 3683 ramora
1045 3637 1136 3684 sestam
1153 3637 1231 3690 Galba
1241 3643 1265 3688 ct

195 3699 715 3828 ffltttfflffisd
742 3701 1264 3828 mutaturum

193 3829 249 3878 ssu
267 3829 441 3886 asarenam,
460 3827 531 3891 nque
552 3829 596 3876 sus
618 3829 714 3878 anna
747 3820 1095 3894 ,remansissemus
1113 3799 1264 3880 mannua:

194 3907 261 3950 narn¹
328 3894 419 3943 durs.
436 3891 659 3942 Desnuisvfflus
670 3893 713 3953 33,
739 3901 770 3944 ct
777 3908 814 3942 en.
826 3894 924 3942 eundem
935 3896 1134 3958 sensnmpraebet.
1318 3923 1320 3930 ν

193 3959 253 4007 2.ct
283 3959 353 4007 aulus
365 3958 421 4005 Lu.
433 3957 576 4018 dejunaur.
588 3959 654 4007 anuL
780 3960 893 4020 Namque
905 3957 979 4023 Otho]
995 3957 1036 4006 cf.
1048 3962 1081 4006 A.
1095 3960 1134 4018 la,
1146 3959 1187 4007 45.

226 4023 397 4086 Martiarum]
407 4021 620 4085 Rectednqnippe
625 4022 714 4072 deriva-
779 4025 861 4084 quue
869 4026 924 4086 jam
935 4025 968 4070 P.
979 4021 1017 4084 S.]
1032 4023 1120 4086 leam
1129 4031 1262 4087 anapestum

194 4094 249 4137 tam
258 4102 274 4134 a
283 4087 371 4135 Marte.
381 4087 414 4135 V.
422 4085 574 4148 cannegicter
583 4086 613 4134 de
622 4097 714 4135 mutata
745 4086 855 4134 Acidalio
864 4087 916 4135 fuit.
952 4087 1047 4136 Merito.
1079 4087 1121 4136 An
1133 4088 1179 4136 tuit
1189 4090 1261 4136 tam?

191 4147 267 4200 Rom.
279 4153 399 4203 nom-sub
407 4151 484 4198 Priac.
494 4149 590 4209 ratione,
601 4165 621 4198 a.
634 4151 673 4198 13.
745 4151 818 4199 Ean.
824 4155 883 4200 Jam
889 4153 944 4214 Bip.
951 4153 1051 4200 reddunt
1052 4154 1169 4214 primunt.
1177 4154 1260 4202 Herna

226 4219 307 4264 Rebar
316 4215 409 4279 minor]
430 4215 538 4263 Muretus
548 4223 570 4262 et
577 4215 647 4264 aar.
657 4231 713 4279 sup-
745 4217 837 4265 volebat
852 4219 921 4265 cluna
954 4216 993 4266 cf.
1010 4218 1072 4265 Suet.
1086 4216 1145 4266 Oth.
1155 4218 1180 4265 3.
1195 4217 1261 4264 Plut.

190 4281 262 4344 pluit
272 4285 307 4329 ia.
336 4281 427 4329 Sufficit
436 4279 562 4328 subaudiri.
593 4325 601 4341 ,
746 4281 815 4330 Galh.
828 4282 865 4330 19.
876 4283 917 4330 nbi
928 4283 1007 4346 psallo
1017 4281 1090 4330 aliter.

231 4344 331 4410 Vinius]
349 4345 413 4397 Bud.
429 4345 505 4395 ubivis
520 4347 621 4394 asnaa
636 4345 675 4395 sic
688 4353 712 4394 ct
778 4341 1261 4406 Octociamnnorcmarnolirctar]lisdam

189 4425 213 4460 c.
223 4411 266 4459 32.
276 4427 312 4475 sq.
745 4411 770 4458 in
786 4410 847 4459 hanc
863 4425 911 4459 rem
928 4411 1003 4459 verbis
1013 4423 1069 4456 usus
1079 4417 1113 4456 est
1122 4407 1157 4454 A.
1170 4408 1208 4465 14,
1220 4405 1260 4454 tn.

1036 4474 1090 4532 ca
