3059 4975
218 281 277 346 172
578 274 903 342 ursroamauu
1110 277 1280 362 [ausas.

211 443 324 532 quein
337 443 469 509 tentoria
487 443 707 510 dilaberentur.
750 445 915 511 Profectus
933 446 1041 512 eadem
1059 459 1149 512 nocte
1169 447 1277 514 Flavi-
1375 495 1385 508 .

213 554 303 607 anus,
316 529 415 595 obviis
429 529 613 617 Vespasiani
626 531 745 609 litteris,
760 531 927 594 discrimini
942 545 1104 619 exemptus
1118 546 1174 598 est.

256 618 325 680 XI.
348 615 514 702 Legiones,
529 616 626 680 veluti
640 617 712 680 tabe
725 617 860 694 infectae,
876 616 1037 703 Aponium
1059 619 1273 698 Saturninum,

215 701 341 766 Moesici
360 701 513 766 exercitus
535 702 702 787 Legatum,
724 725 762 766 eo
783 702 917 766 atrocius
938 702 1174 788 adgrediuntur,
1188 707 1275 792 quod

214 809 286 866 non,
302 800 339 852 ut
352 787 449 873 prius,
463 786 568 851 labore
579 799 610 850 et
618 787 818 873 operefessae,
830 787 883 851 sed
896 787 998 851 medio
1008 788 1070 852 diei
1080 805 1272 857 exarserant:

213 872 349 959 vulgatis
362 870 507 958 epistolia
522 895 601 958 quaa
616 873 802 936 Saturninus
815 873 856 942 ad
870 871 1028 938 Vitellium
1043 874 1195 961 scripsisse
1209 898 1274 940 cre-

213 956 355 1022 debatur.
401 960 448 1022 Ut
462 956 536 1021 olim
551 956 674 1022 virtutis
692 958 923 1044 modestiaeque,
944 971 1019 1024 tunc
1036 959 1228 1046 procacitatis
1242 975 1273 1028 et

209 1042 402 1128 petulantiae,
417 1056 571 1107 certamen
583 1057 659 1121 erat,
668 1066 708 1106 ue
718 1043 821 1107 minus
829 1041 978 1108 violenter
989 1045 1162 1131 Aponium,
1177 1063 1273 1133 quam
1331 1079 1334 1084 ¹

203 1127 409 1206 Flavianum,
439 1129 480 1191 ad
501 1127 689 1216 supplicium
714 1129 923 1216 deposcerent.
979 1129 1107 1217 Quippe
1133 1133 1273 1197 Moesicae

208 1211 357 1299 legiones,
374 1221 396 1253 ‘⁴
410 1213 551 1300 adjutam
564 1238 585 1278 a
598 1237 630 1277 se
641 1215 892 1280 Pannonicorum
903 1215 1081 1295 ultionem,”
1096 1218 1271 1297 referentes,

207 1312 242 1368 et
263 1298 445 1376 Pannonici,
467 1299 554 1364 velut
574 1298 806 1364 absolverentur
827 1299 958 1382 aliorum
980 1300 1137 1381 seditione,
1160 1303 1272 1368 iterare

204 1384 335 1471 culpam
352 1384 548 1470 gaudebant:
586 1387 626 1448 Iu
647 1385 763 1464 hortos,
785 1386 819 1449 in
840 1386 955 1472 quibus
976 1386 1193 1452 devertebatur
1215 1389 1272 1454 Sa·

210 1469 365 1546 turninus,
379 1482 524 1557 pergunt,
539 1493 596 1534 nec
610 1483 675 1534 tam
684 1471 809 1536 Primus
823 1485 855 1536 et
868 1472 1054 1558 Aponianus
1067 1485 1098 1536 et
1112 1473 1269 1553 Messalla,

206 1579 401 1705 ‹pppcmquam
429 1556 514 1619 omni
541 1555 635 1620 modo
663 1556 732 1635 nisi,
761 1556 902 1643 eripuere
932 1556 1145 1636 Saturninum,
1174 1583 1270 1647 quam

209 1665 230 1704 o
284 1643 379 1706 uritas
400 1641 599 1719 latebramm,
622 1641 737 1727 quibus
757 1641 965 1722 occulebatur,
988 1644 1165 1706 vacantium
1189 1645 1271 1710 forte

207 1725 388 1792 balnearum
408 1726 585 1791 fornacibus
605 1727 745 1793 abditus:
770 1750 853 1804 mox,
874 1727 992 1791 omissis
1013 1726 1183 1807 lictoribus,
1209 1729 1270 1794 Pa·

208 1811 327 1876 tavium
351 1812 507 1876 concessit.
562 1812 714 1898 Digressu
737 1812 956 1878 Consularium
978 1813 1033 1877 uni
1058 1812 1198 1879 Antonio
1222 1815 1270 1879 vis

203 1921 244 1972 ac
262 1912 398 2048 potestas
411 1897 444 1962 iu
459 1912 628 1986 utrumque
641 1898 811 1963 exercitum
830 1898 901 1976 fuit,
922 1898 1104 1964 cedentibus
1122 1899 1267 1987 conlegis,

207 1997 267 2048 eto
289 1985 384 2048 versis
393 1984 529 2048 militum
539 1982 668 2058 studiis:
692 2007 748 2048 nec
758 1984 897 2064 deerant,
908 1984 964 2070 qui
974 1985 1143 2062 crederent,
1152 1998 1269 2050 utram-

205 2093 271 2154 que
284 2070 465 2162 seditionem
484 2069 597 2136 fraude
615 2067 750 2134 Antonii
772 2085 916 2158 creptam,
939 2083 976 2134 ut
997 2071 1080 2136 sol'us
1102 2070 1182 2136 bello
1203 2073 1269 2138 fru-

204 2166 322 2220 eretur.

251 2243 339 2306 XII.
354 2243 404 2306 Ne
418 2241 450 2307 in
461 2240 581 2305 Vitellii
595 2241 722 2328 quidem
736 2242 878 2329 partibus
892 2241 1006 2328 quietae
1020 2254 1148 2320 mentes,
1160 2243 1267 2308 exitio·

204 2326 286 2390 siore
308 2326 472 2403 discordia,
487 2348 550 2388 uon
564 2326 788 2414 suspicionibus
803 2327 899 2414 vulgi,
915 2327 970 2391 aed
983 2327 1113 2415 perfidia
1126 2329 1265 2408 Ducum,

205 2412 421 2476 turbabantur.
465 2410 607 2476 Lucilius
621 2415 747 2494 Bassus,
761 2413 865 2478 classis
877 2413 1068 2478 Ravennatis
1082 2413 1265 2495 Praefectus,

183 2654 185 2659 .
201 2643 206 2650 ·
237 2613 364 2675 Prosaaus
384 2613 463 2659 samm
487 2619 552 2659 node
572 2614 717 2677 Flauianus]
749 2612 780 2660 In
791 2612 827 2661 ed.
838 2628 873 2677 pr.
887 2620 920 2660 est
929 2612 961 2659 od
973 2613 1047 2659 ubam
1058 2626 1101 2674 pro
1110 2610 1217 2674 matum
1228 2627 1266 2659 so-

206 2676 303 2725 Frustra
328 2676 438 2724 Tacitum
458 2676 497 2723 hic
521 2676 631 2723 stolidum
652 2676 720 2741 fingit
748 2677 812 2724 lenni
822 2677 893 2738 hujus
903 2676 959 2723 libri
969 2675 1264 2738 abenetioneineasylla·

205 2746 216 2788 f
238 2743 370 2803 ἔπιτιμητὴς
388 2740 488 2789 Savilius
507 2741 583 2804 (velut
597 2741 669 2789 litetae
690 2757 720 2789 ex
749 2743 787 2790 ba.
804 2742 875 2789 ERN.
898 2741 975 2788 Rhen.
986 2740 1050 2787 dedit
1061 2741 1166 2799 Moeaici,
1178 2740 1264 2803 quirin

204 2806 362 2865 mathimre
379 2805 484 2853 noudum
501 2804 531 2851 ad
549 2804 720 2868 Vespasianum
749 2804 812 2856 aua
830 2807 929 2853 Musica
945 2805 1029 2853 omisso
1045 2806 1154 2865 legiones,
1172 2812 1196 2851 et
1207 2819 1264 2853 mox

207 2870 292 2927 delata,
305 2868 437 2930 venissent).
470 2870 525 2916 Non
542 2878 630 2933 poterat
646 2869 721 2919 deter-
749 2870 854 2934 sequitur
865 2871 1005 2917 Panamara
1256 2866 1257 2871 ’

205 2934 335 2994 rerimilea,
352 2934 410 2997 quin
426 2934 565 2984 thienum
581 2934 719 2998 proditorem
782 2936 884 2983 Primae
895 2941 918 2982 et
928 2934 1020 2997 Apro]
1036 2932 1075 2981 Sic
1091 2933 1156 2981 Pion
1172 2948 1185 2980 e
1200 2934 1263 2981 Flor.

205 2998 320 3047 crederet:
348 3014 390 3047 nec
411 2998 539 3063 quidquem
557 2998 718 3057 'veusimiliua
749 2996 781 3047 In
792 2999 854 3047 Bud,
872 3008 895 3049 et
910 2997 961 3046 edd
978 2996 1118 3060 quibusdam
1134 2998 1264 3059 conjunctio

206 3079 277 3127 quam
291 3063 370 3121 fuisse,
387 3064 428 3127 qui
443 3064 487 3113 hoc
502 3062 595 3110 nomine
611 3062 679 3111 illum
689 3062 719 3109 ad
749 3061 841 3119 deficit3
860 3062 950 3110 Puteol.
961 3062 1037 3110 hebet.

203 3128 339 3176 comitatum
349 3128 470 3177 deferrent.
495 3126 615 3174 Autnuius
625 3126 719 3174 Primus
781 3128 929 3175 Balnearum
928 3126 1080 3189 fornacibus]
1089 3124 1144 3175 Ms.
1151 3126 1210 3189 Reg-
1217 3126 1263 3175 Ed.

204 3192 319 3239 insontem
334 3208 383 3240 esse
398 3206 444 3241 non
460 3191 588 3239 dubitabat.
619 3190 662 3238 Ab
674 3190 720 3239 hoc
748 3192 935 3254 pabulatorum.
947 3188 1264 3239 MS-HarLBodl.etc.Pu-

204 3256 276 3319 igitur
295 3256 425 3306 furentibus
446 3264 537 3321 ereptus
555 3254 718 3317 dimissusque,
748 3256 801 3303 teol.
816 3257 870 3303 Ber.
887 3255 942 3303 Alc.
950 3256 1094 3317 fornicibus,
1110 3263 1137 3301 ut
1155 3256 1264 3303 Muretus

204 3322 242 3369 vel
260 3320 342 3368 eodem
358 3326 458 3378 auctore,
478 3320 515 3368 vel
533 3320 602 3378 uuo,
620 3319 719 3382 suscepit
748 3320 846 3367 volebat.
874 3318 983 3379 Moxjae
993 3325 1016 3365 et
1022 3324 1124 3380 potestas
1133 3318 1198 3366 estin
1206 3317 1261 3365 MS.

203 3386 247 3434 iter
261 3385 291 3433 ad
303 3384 443 3447 Principem,
456 3392 484 3434 ut
499 3384 521 3431 ei
533 3400 557 3432 se
571 3398 648 3431 coram
660 3399 718 3447 pur-
749 3384 816 3432 Harl.
829 3384 898 3435 Bocu.
929 3382 1060 3445 Vulgatum
1070 3382 1159 3429 melius.
1165 3381 1263 3431 videtur.

201 3458 277 3515 garet.
310 3449 356 3497 Sed
363 3449 433 3497 bomo
440 3454 655 3499 marcescentem
665 3463 719 3495 cca·
748 3446 820 3496 Ean.
831 3448 894 3496 Bud.
904 3449 1038 3499 balnearum
1039 3448 1186 3509 socratitas.
1198 3446 1263 3508 Ryc-

204 3522 275 3575 tator,
285 3522 312 3562 ut
319 3514 478 3564 describiture.
489 3516 512 3563 it
524 3528 570 3562 nou
578 3512 719 3577 rapientibus
747 3510 801 3561 kiua
817 3512 846 3565 de
862 3513 1003 3577 hypocausta
1018 3510 1088 3573 capit,
1104 3511 1167 3574 quod
1178 3518 1201 3558 et
1216 3510 1263 3557 for-

204 3579 300 3638 veredis‚
322 3579 362 3626 sed
379 3594 421 3642 per
439 3578 587 3625 commodum
606 3592 676 3627 suum
692 3577 718 3622 in
747 3576 1214 3641 naa,undeforaacatoretpbrnacorias.
1232 3574 1263 3622 ln

203 3644 266 3692 viam
278 3658 302 3690 se
311 3642 381 3691 dedit.
408 3642 483 3691 Citius
493 3642 565 3705 igitur
574 3642 654 3700 literae,
666 3650 717 3689 tum
747 3640 812 3689 Bud.
818 3644 862 3703 jus
872 3656 902 3689 an
914 3641 957 3699 vis,
969 3640 1076 3691 dubium.

203 3708 290 3772 quibus
299 3710 454 3768 accusabatur,
465 3721 517 3754 tum
528 3707 613 3770 quibus
623 3720 718 3761 extum·
782 3704 1100 3769 Obverstrmilitamrtudiis]
1108 3704 1262 3752 Flos-militi-

203 3772 494 3833 betur,adVespasiauum
500 3780 659 3835 pervenerunt.
676 3770 717 3843 lit,
746 3771 804 3817 buce
813 3770 871 3819 forte
879 3772 1022 3817 militaribus
1029 3768 1143 3815 Pichena:
1155 3768 1180 3816 J.
1188 3768 1261 3843 (ἦπου.

204 3845 309 3949 :titt
317 3836 721 3963 maritimam
745 3832 1272 3959 attrita‘littttstt'ttttt·

202 3966 252 4030 ipse
261 3964 341 4023 literis,
358 3979 411 4026 quae
425 3964 538 4012 Flaviano
550 3964 626 4011 adhuc
641 3962 717 4026 profe-
779 3964 958 4026 Na-qatdem]
976 3962 1039 4009 Bud
1052 3962 1240 4023 Nec-quidem.

203 4030 303 4078 ctionem
316 4028 462 4077 continuante
475 4028 500 4075 in
514 4029 553 4077 eia
562 4036 717 4077 ormnemut.
779 4030 869 4077 Bassos
877 4028 1020 4094 Profictae]
1031 4027 1260 4089 Hicquoquemoro·

204 4096 296 4144 Giton.
747 4092 801 4152 sior,
813 4090 884 4157 q'uam
895 4107 937 4155 pur
948 4100 990 4149 est,
1000 4091 1106 4147 Servilius,
1116 4088 1151 4137 vir
1158 4087 1262 4138 doctissi-

235 4159 384 4221 Eoserociur
390 4155 717 4222 adgrcd.]Acid.adgred.co
745 4172 808 4206 mus.
842 4158 897 4205 Nou
908 4156 1009 4211 retinuit,
1020 4154 1075 4217 quia
1087 4168 1138 4201 raro
1150 4152 1261 4201 hactenus

196 4227 247 4290 sen
259 4233 283 4271 et
292 4223 326 4271 sic
335 4221 399 4269 Bud.
745 4222 900 4285 proditoribus
914 4220 1020 4281 creditur,
1035 4227 1063 4267 ut
1075 4218 1218 4279 relinquatur
1228 4216 1262 4265 eia

238 4291 329 4350 Qciyrpc
340 4288 445 4335 Musica
456 4283 568 4351 legiones]
580 4286 642 4346 sice
653 4285 716 4333 Flos.
745 4286 843 4334 facultas
859 4285 1005 4349 punitentia,
1022 4292 1045 4331 et
1062 4281 1159 4331 nocendi
1175 4280 1261 4328 eisdem

202 4354 275 4408 edidit
284 4352 394 4403 Pichena.
411 4351 619 4401 ConsentitGuelf.
635 4349 716 4414 adpr.
745 4351 840 4409 viribus,
852 4350 936 4415 quibus
946 4348 1059 4413 profuere·
1095 4345 1215 4397 Sederat
1225 4360 1264 4415 se-¹

202 4426 388 4482 ceteraqueaute
396 4418 473 4467 Rhea
482 4416 524 4483 qui
534 4415 716 4467 edtdtMoeatct.
745 4416 864 4467 ciuitatem
891 4416 941 4485 ejus
966 4412 1077 4484 pertinuit
1103 4410 1260 4487 &traduce
